2632 4822
296 343 301 353 „
393 296 613 352 alumniam
629 297 753 384 iacun
771 266 837 350 ua
854 295 904 350 vn
1118 269 1189 346 811

19 482 24 493 ,
69 399 157 495 linus
174 449 250 490 meuc
268 433 357 490 aldius
382 435 563 509 apprehendit
580 435 694 490 Mariam
716 429 793 490 tuam
820 410 950 499 aldium,
968 439 997 489 et
1019 431 1096 514 lecit
1111 448 1191 486 mun·

82 507 276 646 pqqrqeqqaqa,
295 517 358 578 post
374 525 409 560 ex
426 525 459 562 ea
476 508 530 561 ruit
546 514 629 560 natus
645 507 703 560 ille.
737 505 877 576 approbet
894 505 1103 576 appellaturus
1121 512 1189 568 esse,

157 645 339 718 CXXVII.
382 645 568 725 (LXXIV.)
622 643 657 706 Si
689 645 851 705 Romanus
880 643 978 702 homo
1018 640 1190 702 mulierem

79 729 360 812 Langobardorum
381 729 522 807 tulerit,
544 738 575 788 et
596 727 764 788 mundium
785 749 826 786 ex
847 748 883 787 ea
898 722 1034 801 fecerit,
1066 732 1192 806 etpost

81 812 150 872 eius
173 811 340 872 decessum
362 811 403 873 ad
423 811 523 871 alium
543 811 691 870 maritum
711 807 937 884 ambulaverit,
972 806 1041 868 sine
1072 806 1191 866 volun·
1217 861 1220 866 .

79 901 146 954 tate
167 894 324 954 heredum
344 892 460 978 prioris
482 893 607 971 mariti,
635 892 729 953 saida'
751 901 785 954 et
806 889 935 972 anagrip
957 911 1023 948 non
1044 890 1191 972 requira-

80 985 141 1040 tur.
178 975 263 1054 Quia
281 985 452 1060 postquam
474 975 587 1036 marito
606 977 750 1036 Romano
773 995 806 1035 se
829 972 1049 1057 copulaverit,
1066 981 1098 1032 et
1121 972 1189 1054 ipse
1234 1021 1237 1030 ,

81 1079 123 1122 ex
148 1078 185 1118 ea
219 1060 390 1119 mundium
414 1058 546 1137 fecerit,
579 1059 723 1118 Romana
743 1056 856 1118 effecta
885 1065 949 1130 est,
991 1063 1025 1115 et
1044 1053 1104 1115 filii
1132 1053 1189 1135 qui
1236 1067 1239 1084 '

81 1141 122 1204 de
154 1161 193 1200 eo
226 1141 428 1203 matrimonio
456 1151 650 1216 nascuntur,
679 1139 858 1201 secundum
880 1138 985 1219 legem
1007 1136 1105 1220 patris
1122 1137 1190 1218 Ro-

80 1222 168 1282 mani
193 1233 284 1300 suut,
320 1235 352 1286 et
372 1224 442 1306 lege
468 1224 566 1304 patris
597 1223 738 1286 vivuntz'
760 1231 793 1283 et
820 1221 894 1282 ideo
914 1219 1032 1280 faidam
1056 1227 1088 1279 et
1112 1239 1191 1278 ana-

81 1305 152 1388 grip
176 1305 307 1366 minime
333 1326 526 1388 componere
546 1307 658 1384 debet,
690 1303 746 1388 qui
767 1326 839 1365 eam
859 1313 970 1387 postea
988 1301 1080 1380 tulit,
1108 1299 1192 1362 sicut
1229 1315 1230 1320 ’

81 1409 143 1449 nec
165 1388 203 1448 de
226 1388 288 1447 alia
307 1391 459 1450 Romana.
520 1389 566 1450 Il.
589 1413 616 1471 7.
642 1411 667 1450 1.
949 1441 951 1447 .

149 1487 231 1521 rona.
268 1472 346 1524 Patre
365 1480 395 1524 te
416 1470 537 1540 appellat
550 1471 683 1524 Martinus
694 1484 763 1525 'cum
781 1469 889 1524 Donato
910 1485 959 1520 suo
981 1473 1088 1532 tutore,
1115 1465 1191 1537 quod

80 1545 112 1590 tu
129 1545 208 1591 tenes
232 1538 284 1591 sibi
309 1541 381 1593 malo
408 1541 620 1608 ordinetemam
643 1542 673 1592 in
696 1541 747 1593 tali
771 1545 842 1593 loco.
877 1539 941 1591 Mea
959 1538 1066 1607 propria
1085 1545 1126 1589 est
1143 1553 1191 1608 per

81 1608 202 1661 chartam
224 1610 409 1673 venditionis,
437 1628 519 1682 quam
536 1621 567 1664 tu
585 1611 651 1662 mihi
677 1609 766 1664 iecisti
789 1628 852 1663 cum
871 1609 967 1660 marito
986 1616 1051 1670 tuo,
1081 1607 1129 1678 qui
1149 1614 1191 1660 est
1224 1667 1229 1675 .
1253 1613 1255 1618 '

31 1742 33 1746 ι
79 1687 210 1730 mortuus.
246 1679 320 1733 Ecce
345 1680 448 1733 charta.
490 1683 565 1751 Ipsa.
580 1681 704 1734 chartula
722 1698 778 1733 non
800 1677 868 1731 mihi
892 1686 992 1740 nocet,
1026 1677 1091 1747 quia
1117 1695 1189 1729 eram
1247 1743 1248 1746 Ἴ

80 1748 293 1812 Langobardam.
328 1751 390 1803 Non
409 1749 485 1820 potui
505 1751 595 1804 facere
618 1750 676 1804 sine
699 1750 868 1822 parentibus.
909 1747 1023 1801 Maritus
1047 1754 1110 1798 tuus
1135 1746 1190 1798 suit

79 1807 216 1868 Romanus
242 1827 270 1870 et
294 1819 360 1872 fecit
383 1819 526 1872 mundium
556 1821 591 1873 de
615 1828 651 1872 te.
697 1823 755 1874 Aut
779 1820 879 1892 probet
902 1818 978 1890 quod
994 1817 1106 1870 maritus
1124 1815 1191 1869 iecit

80 1887 242 1950 mundium,
269 1897 317 1941 aut
334 1889 383 1942 fiat
399 1906 495 1945 vacua.

162 2013 212 2073 De
227 2010 446 2097 fideiussore,
474 2015 611 2099 qualiter
629 2014 742 2077 debeat
763 2013 843 2076 'dare
862 2013 1016 2076 creditori
1036 2034 1104 2079 sno.
1168 2103 1170 2106 Ι
1214 2014 1229 2030 “’
1253 2098 1254 2101 ¹

110 2179 112 2185 .
165 2115 356 2182 CXXVIII.
396 2121 545 2198 (LXXV.)
586 2119 626 2180 In
654 2118 824 2181 ¹anterioris
844 2117 951 2180 Edisti
980 2116 1079 2178 nostri
1102 2116 1189 2213 capi-

80 2199 150 2260 tulo
172 2199 348 2277 affiximuS,
382 2213 418 2262 ut
438 2202 477 2262 'si
498 2201 538 2262 ad
558 2191 693 2264 ivadiam
714 2223 801 2262 suam
822 2201 1009 2262 solvendam
1030 2199 1189 2283 quispiam

79 2281 164 2342 liber
184 2282 281 2342 homo
302 2295 368 2345 tres
399 2285 600 2345 fideiussores
629 2284 778 2344 habuerit
808 2285 925 2345 liberos
952 2283 1124 2362 homines,
1156 2288 1190 2342 et

80 2363 148 2444 ipse
170 2364 227 2445 qui
247 2365 381 2427 wadiam
404 2367 559 2448 suscepit,
594 2368 731 2427 reddere
754 2365 950 2450 neglexerit,
980 2366 1028 2427 sic
1056 2386 1189 2447 compo-

80 2456 151 2524 nat,
175 2447 258 2508 siout
276 2448 344 2525 ille,
366 2445 504 2529 quinon
520 2448 667 2532 habuerit
688 2451 892 2511 fideiussores
913 2458 1047 2530 paratos.
1089 2447 1187 2508 Modo

78 2549 155 2589 vero
185 2530 262 2589 dum
287 2552 401 2612 pravos
429 2529 586 2592 homines·
606 2533 861 2614 cognovissemus
882 2531 961 2592 tales
985 2529 1187 2592 fideiussores

77 2611 163 2681 velle
185 2620 341 2691 statuere,
374 2613 431 2694 qui
447 2613 529 2673 nihil
548 2614 703 2692 habeant,
725 2616 787 2676 nisi
801 2615 1001 2675 solummodo
1017 2635 1188 2694 personam

78 2713 184 2771 suam,
220 2702 256 2753 ut
276 2716 335 2778 per
361 2716 415 2756 eos
436 2695 589 2756 iustitiam
614 2718 703 2757 suam
726 2699 865 2758 creditor
885 2697 953 2778 ipse
974 2696 1107 2757 minime
1134 2695 1188 2755 in-

76 2777 188 2837 venire
210 2777 330 2859 possit,
364 2779 547 2856 statuimus,
580 2787 613 2840 ut
635 2779 716 2841 tales
737 2781 876 2843 debeant
896 2783 963 2840 esse
982 2779 1186 2840 fideiussores

78 2857 158 2940 ipsi,
180 2869 215 2918 ut
237 2859 264 2920 si
287 2860 424 2943 amplius
449 2882 515 2921 non
543 2861 744 2939 habuerint,
758 2863 919 2946 quomodo
941 2882 996 2923 eos
1015 2861 1186 2945 pignorare

77 2940 195 3022 possit,
218 2964 314 3022 quam
333 2942 400 3025 ipsa
420 2943 572 3027 obligatio
596 2946 651 3022 sit,
680 2945 876 3013 vel-tantum
894 2945 1050 3020 habeant,
1079 2964 1184 3024 quan-

78 3029 148 3080 tum
169 3031 204 3080 ut
225 3024 381 3104 diximus,
403 3025 470 3107 ipsa
492 3026 642 3109 obligatio
663 3036 726 3104 est,
748 3029 834 3092 unde
858 3027 1061 3088 fideiussores
1084 3027 1185 3085 inter-

77 3103 187 3162 venire
219 3105 349 3166 debent.
400 3109 535 3169 Namsi
560 3109 665 3170 minus
691 3110 879 3185 habuerint,
919 3107 1048 3169 nonsit
1072 3107 1184 3188 culpa-

77 3185 153 3246 bilis
175 3183 231 3261 ille
252 3188 310 3268 qni
332 3210 386 3249 eos
406 3191 550 3273 recipere
573 3192 730 3264 noluerit;
754 3215 820 3255 nec
835 3193 901 3272 ipse
917 3191 974 3274 qui
988 3191 1061 3250 dare
1077 3190 1183 3265 debet,

78 3281 230 3328 excusare
252 3291 284 3330 se
306 3271 406 3351 possit
429 3294 447 3331 a
470 3273 581 3354 culpa,
605 3274 742 3336 dicendo
760 3276 849 3358 quod
865 3272 1072 3334 'fideiussores
1090 3292 1184 3352 para-

77 3358 126 3410 tos
147 3349 319 3412 habuisset.
362 3352 446 3431 Quia
470 3354 665 3436 impossibile
684 3367 745 3435 est,
767 3369 803 3418 ut
819 3356 916 3426 homo
932 3355 1031 3414 talem
1049 3352 1182 3414 fideius-

77 3453 183 3492 sorem
204 3432 359 3515 accipiat,
395 3435 452 3515 qui
474 3457 539 3496 non
561 3438 676 3498 habeat
695 3440 748 3498 vel
776 3438 927 3520 amplius,
962 3437 1014 3499 vel
1047 3444 1181 3512 tantum,

77 3524 231 3594 qnantum
253 3516 357 3598 ipsum
379 3517 520 3577 debitum
541 3521 652 3592 fuerit,
685 3523 773 3600 qnod
800 3521 914 3582 tollere
940 3521 1018 3582 loco
1038 3517 1180 3601 pignoris

76 3597 185 3678 possit.
232 3599 275 3658 Et
300 3599 327 3658 si
355 3599 394 3660 de
420 3602 580 3681 praesenti
607 3602 771 3682 habuerit,
802 3603 888 3663 unde
913 3603 966 3664 det
994 3601 1074 3663 tales
1098 3602 1182 3663 fide-

76 3679 235 3758 iussores,
273 3681 329 3762 qui
361 3683 541 3765 recipiendi
561 3695 654 3762 sunt,
694 3706 770 3747 ecce
791 3687 886 3747 bene.
927 3685 1087 3747 Siautem
1113 3703 1180 3742 non
1240 3725 1247 3732 ,

75 3761 223 3823 habuerit
247 3761 314 3844 ipsa
332 3762 432 3842 hora,
460 3767 500 3826 sit
519 3767 654 3849 spatium
675 3769 713 3829 de
735 3769 802 3851 ipsa
821 3769 923 3830 wadia
942 3790 1001 3852 per
1020 3777 1083 3828 tres
1112 3765 1180 3826 dies

76 3844 147 3906 sine
170 3846 283 3926 culpa:
314 3855 346 3906 et
375 3857 487 3930 postea
518 3850 593 3910 dare
616 3849 729 3911 debeat
758 3853 838 3912 tales
866 3853 1086 3925 fideiussores,
1115 3847 1180 3930 'qui

74 3923 230 4005 habeant,
264 3929 351 3990 unde
379 3931 578 4012 persolvant,
615 3934 703 4013 quod
738 3935 863 3996 debitor
893 3937 968 3996 dare
999 3935 1105 3995 debet.
1146 3930 1181 3991 si

75 4010 308 4093 veroramplius
330 4011 509 4074 dilataverit
530 4015 570 4074 ad
598 4017 802 4078 fideiussores
832 4018 975 4096 dandos,
1010 4020 1182 4098 componat

76 4089 161 4150 sicut
180 4103 271 4154 antea
293 4094 470 4155 statuimus.
523 4097 562 4157 11.
586 4119 634 4163 21.
659 4121 708 4180 27.

145 4191 225 4228 roan.
270 4177 348 4229 Petre
366 4184 395 4230 te
417 4177 537 4247 appellat
563 4181 712 4244 Martinus„
743 4183 818 4252 quod
835 4182 894 4254 ipso
911 4183 989 4234 dedit
1015 4180 1066 4234 tibi
1092 4179 1181 4239 wadia

76 4241 172 4298 decem
189 4245 266 4302 solid.
285 4249 332 4301 Vl.
352 4247 414 4303 Kal.
431 4249 552 4315 Augusti.
587 4252 654 4305 Vult
670 4252 807 4324 suscipere
823 4271 872 4326 par
887 4252 1066 4308 fideiussores
1150 4287 1153 4294 =
