2632 4822
37 277 112 353 826
457 293 567 348 neces
593 294 720 348 escars

207 438 364 510 »Displicet
379 435 426 490 hic
446 436 534 507 pravis
550 436 605 487 Rex
628 436 700 502 leges
725 446 841 492 nectere
867 437 1010 492 Rachia«

121 532 148 599 l.
191 530 318 614 Siquis
340 552 358 590 a
381 529 529 591 modain
554 533 734 610 praeseutia
756 529 857 612 Regis
883 533 944 594 vel
960 530 1110 610 Iudicis,
1132 553 1183 596 seu

38 615 218 678 liberorum
235 613 425 688 hominum,
449 612 671 694 qualicunque
699 612 795 688 modo
831 615 934 675 vadia
959 615 1123 694 dederit,
1155 627 1183 679 et

36 707 148 783 postea
172 717 290 779 negare
312 693 454 758 voluerit
474 694 550 769 ille,
571 695 629 776 qui
667 693 759 754 vadia
785 694 901 774 dedit,
933 698 1036 780 quod
1066 698 1105 758 in
1129 700 1183 760 tali

36 792 154 844 tenore
185 779 279 842 vadia
307 799 371 840 uon
405 774 565 854 dedisset,
594 775 679 839 sicut
705 775 774 858 ipse
798 779 950 860 quaerit,
983 781 1052 863 qui
1093 782 1182 844 vadia

36 860 196 946 suscepit:
225 861 252 924 si
274 860 400 922 fuerint
419 856 505 920 inter
525 858 673 920 homines
697 859 808 938 liberi,
841 882 997 943 quorum
1021 863 1111 927 fides
1128 865 1181 926 ad·

37 944 197 1023 mittitur,
221 963 286 1005 nou
310 941 427 1004 habeat
450 939 614 1004 licentiam
636 941 762 1019 iurare,
783 945 874 1024 quod
896 945 935 1006 in
965 946 1034 1008 tali
1067 955 1179 1012 tenore

38 1026 134 1090 vadia
155 1047 221 1088 non
247 1025 410 1094 dedisset;
440 1023 502 1085 nisi
531 1024 673 1108 qualiter
698 1025 803 1086 ludex
830 1027 890 1108 qui
916 1028 1119 1107 iudicavit,
1149 1051 1180 1092 se

40 1107 285 1186 memoraverit,
307 1108 361 1170 vel
389 1105 538 1168 homines
567 1108 624 1188 qui
652 1105 882 1187 interfuerint,
927 1112 1079 1193 quando
1109 1114 1178 1195 ipsa

38 1192 135 1254 vadia
157 1190 269 1267 dedit,
307 1189 467 1251 testificati
493 1190 638 1266 luerint,
671 1190 715 1250 ita
746 1191 975 1274 compleatur,
1003 1204 1042 1256 et
1067 1195 1104 1256 iu
1130 1217 1179 1256 eo·

37 1295 111 1336 rum
139 1271 326 1336 testimonio
352 1271 513 1338 credatur.
561 1271 648 1350 Quia
671 1273 698 1332 si
720 1273 833 1334 stantia
853 1295 958 1356 qnam
981 1285 1071 1340 aute
1095 1275 1176 1341 libe·

37 1377 91 1419 ros
114 1354 263 1418 homines
290 1364 355 1416 tres
386 1353 504 1438 aliquis
532 1353 664 1432 lecerit,
686 1363 767 1417 stare
790 1355 887 1418 dehet
897 1382 906 1430 ;
939 1370 1080 1441 quanto
1112 1381 1177 1420 ma·

37 1441 86 1522 gis
118 1460 156 1501 ea
187 1458 320 1516 caussa,
354 1457 437 1519 qnae
462 1458 522 1520 per
550 1435 642 1498 vadia
667 1436 834 1516 firmatur,
865 1449 900 1502 et
936 1439 1106 1506 hominen
1136 1444 1177 1505 li·

36 1521 108 1584 beri
134 1521 314 1597 intersunt,
344 1519 560 1581 nihilominus
586 1540 704 1602 negare
732 1520 911 1583 convenit?
956 1525 1106 1588 sivero
1133 1537 1177 1589 ta·

37 1605 85 1666 les
110 1601 258 1664 homines
289 1622 354 1663 uon
389 1601 625 1677 interfuerint,
662 1623 803 1684 quorum
838 1603 921 1668 fides
953 1608 1175 1686 admittitur,

62 1685 170 1748 nando
199 1685 268 1770 ipsa
294 1684 390 1745 radia
417 1684 490 1746 data
513 1683 647 1761 luerint,
669 1696 747 1748 tunc
774 1684 892 1748 exinde
920 1692 1094 1772 procedat
1123 1691 1175 1752 iu-

38 1707 181 1848 dicium,
212 1767 297 1830 sicut
320 1767 359 1828 ab
381 1767 450 1851 ipso
472 1766 613 1828 Rothare
639 1768 727 1851 Rege
760 1769 976 1834 constitutum
1013 1782 1082 1843 est.
1134 1775 1174 1835 11.

39 1873 90 1912 Ἡ.
106 1851 188 1987 raugam
226 1934 306 1990 Patre
323 1942 353 1986 te
372 1930 494 2002 appellat
513 1931 664 1994 Martinus,
692 1933 766 2004 quod
782 1941 813 1986 tu
831 1933 934 1986 dedisti
954 1935 1011 1986 sibi
1033 1940 1119 1992 'vadia
1138 1939 1172 1992 dc

38 2005 103 2057 dare
119 2003 174 2056 sibi
193 2023 278 2058 unum
296 2002 413 2055 solidum
433 2002 481 2056 tlt.
502 2001 619 2054 Kalend
638 2001 759 2068 Augusti,
803 2003 864 2056 Non
891 2006 959 2058 dedi
983 2007 1052 2076 ipsa
1078 2011 1172 2063 vadia.

38 2075 119 2127 Tunc
141 2074 218 2145 ipse,
254 2074 303 2144 qui
322 2073 466 2144 appellat,
494 2071 598 2141 probet.
635 2073 664 2124 Si
688 2091 743 2126 non
775 2075 910 2145 potuerit,
938 2077 1020 2146 ipse,
1054 2081 1105 2151 qui
1124 2099 1170 2150 ap-

38 2145 158 2213 pellatus
177 2153 228 2209 est,
248 2145 340 2208 iuret,
366 2142 442 2213 quod
463 2141 492 2194 in
513 2143 563 2195 tali
584 2151 678 2195 tenore
697 2143 776 2198 vadia
793 2163 850 2197 nou
867 2145 955 2198 dedit.
1055 2199 1058 2206 ,
1092 2193 1098 2200 .

122 2241 162 2304 tt
204 2240 454 2302 Reminiscimur
476 2238 585 2314 euim,
620 2239 697 2320 quia
723 2241 867 2301 anterius
899 2239 1065 2303 Edictum
1088 2266 1168 2306 con·

38 2325 143 2386 tinere
163 2323 363 2406 dignoscitur
384 2322 424 2385 de
446 2321 555 2384 liberis
576 2321 705 2383 leminis
727 2342 810 2403 quae
828 2324 931 2384 servis
954 2325 1171 2408 copulantur,

40 2416 78 2467 ut
99 2409 372 2487 quandocumque
401 2405 553 2465 inventae
579 2403 721 2481 fuerint,
746 2405 779 2464 in
806 2405 978 2466 servitium
1003 2409 1170 2471 reducan-

40 2497 105 2552 tur.
159 2488 225 2550 Sed
251 2490 327 2571 quia
361 2486 565 2550 Grimoaldus
596 2488 665 2547 Rex
695 2487 805 2547 statuit
835 2487 874 2548 de
903 2488 981 2565 his,
1017 2493 1081 2572 qui
1108 2514 1170 2575 per

39 2570 138 2634 XXX.
168 2589 270 2631 annos
302 2573 335 2630 iu
367 2570 513 2630 libertate
543 2569 720 2644 vixerunt,
751 2579 788 2629 ut
816 2569 851 2628 in
887 2571 1067 2632 servitium
1098 2596 1167 2634 non

37 2650 294 2735 replicarentur:
318 2661 424 2714 tamen
451 2650 527 2734 quia
548 2662 672 2712 curtem
686 2651 781 2735 Regis
799 2653 959 2746 possessio
978 2675 1049 2715 nou
1066 2656 1169 2740 impe·

39 2734 105 2809 dit,
134 2733 196 2794 nisi
224 2754 284 2814 per
304 2735 366 2799 tx.
386 2753 544 2795 annorum
572 2733 750 2811 curricula,
781 2743 864 2795 srcnt
884 2735 1050 2798 Dominus
1074 2741 1166 2800 Lint-

38 2817 182 2899 prandus
207 2817 276 2877 Rex
296 2815 452 2877 instituit:
482 2815 556 2876 ideo
577 2815 775 2893 diffinimus,
805 2816 831 2877 si
861 2837 943 2898 quae
972 2809 1120 2882 feminae
1147 2845 1166 2882 a

39 2900 136 2960 modo
163 2898 316 2962 iuventae
341 2897 488 2972 fuerint,
517 2919 600 2978 quae
627 2898 688 2958 sibi
719 2919 828 2960 servos
853 2899 1107 2981 copulaverint,
1131 2915 1165 2964 et

39 3002 98 3064 per
120 2983 186 3042 Lx.
212 3001 314 3043 anuos
342 2980 385 3039 iu
402 2978 551 3041 libertate
577 2981 834 3063 permanserint,
861 2982 946 3062 ipsae
976 2992 1014 3054 et¹
1039 2985 1104 3044 filii
1131 2995 1164 3046 et

41 3065 128 3126 filiae
152 3085 287 3142 earum,
319 3071 417 3144 atque
443 3060 501 3143 qui
533 3062 573 3124 de
605 3063 681 3146 ipsis
706 3064 865 3149 procreati
890 3065 1016 3125 fuerint
1046 3066 1163 3128 iuren-

39 3147 88 3224 ti,
118 3147 231 3209 nullus
255 3167 310 3210 eos
334 3146 369 3205 in
396 3143 526 3206 servitio
552 3146 710 3228 replicare
735 3155 936 3229 praesumal3
968 3149 1028 3210 sed
1055 3151 1090 3209 in
1122 3150 1162 3208 li-

41 3230 166 3292 bertate
185 3235 257 3294 'sua
291 3235 523 3314 permaneant,
557 3226 642 3288 sicut
667 3251 726 3311 per
753 3229 818 3294 tx.
846 3244 946 3290 annos
970 3249 1158 3312 permanse-

42 3320 131 3377 runt.
172 3311 336 3374 sisaram
358 3310 472 3372 amodo
503 3311 754 3394 praesumpserit
784 3311 1018 3393 cuiuscumque
1044 3335 1159 3375 servas

42 3396 251 3456 Arimaunam
282 3394 402 3456 ducere
434 3413 587 3470 uxorem,
625 3393 671 3454 sic
705 3392 822 3455 exinde
853 3394 948 3455 detur
972 3395 1158 3476 indicium,
1272 3464 1273 3471 ἵ

44 3478 128 3539 sicut
152 3477 185 3538 iu
204 3477 373 3538 ‘anteriore
401 3474 518 3537 Edicto
543 3475 670 3557 legitur.
702 3475 826 3548 ¹11.55.
854 3499 899 3542 ro.

127 3558 186 3626 ΙΙΙ.
228 3559 263 3622 Si
286 3559 358 3640 quis
378 3557 604 3640 Langobardus
632 3558 892 3642 qualemcunque
917 3557 1083 3622 hominem
1107 3559 1157 3620 a'l-

43 3641 135 3704 dium
165 3651 220 3703 aut
247 3662 375 3704 servum
406 3661 500 3700 suum
529 3641 641 3712 sacere'
668 3640 832 3718 voluerit,
863 3650 896 3702 et
925 3642 993 3723 ipse
1022 3644 1060 3704 ad
1093 3645 1160 3705 Pa-

43 3725 157 3786 latium
186 3724 313 3786 venerit
345 3722 573 3806 proclamando
597 3767 606 3800 ,
649 3730 682 3782 et
713 3723 889 3784 iussionem
913 3724 1008 3806 Regis
1037 3747 1160 3808 accep—

44 3819 110 3870 tam
139 3807 169 3870 ei
191 3806 425 3890 deportaverit,
461 3813 497 3866 ut
529 3814 584 3864 ant
610 3801 685 3887 i'pse‘
710 3804 854 3880 iudicet,
890 3815 946 3866 aut
972 3807 1085 3870 veniat
1122 3810 1159 3869 in

43 3888 257 3975 praesentiam
281 3889 379 3972 Regis
409 3898 442 3950 et
466 3886 583 3948 iudicis
610 3909 684 3948 cum
710 3887 778 3969 ipso
807 3887 960 3965 homine,
993 3891 1034 3950 ad
1067 3890 1162 3954 iudi-

44 3975 133 4036 cium
160 3971 366 4035 habendum:
401 3980 434 4033 et
453 3968 572 4053 siipse
592 3969 791 4052 neglexerit,
824 3969 982 4031 atsurore
1008 3981 1161 4055 arreptus

46 4076 122 4117 enm
144 4053 321 4130 battiderit,
344 4063 399 4116 aut
423 4052 512 4134 quod
539 4051 620 4112 absit
646 4073 721 4112 eum
748 4052 924 4128 occiderit,
954 4053 1040 4113 sicut
1068 4077 1162 4118 nunc
1262 4064 1263 4067 ’

45 4138 167 4202 factum
193 4158 233 4200 ex
258 4136 397 4220 peccatis
422 4135 653 4216 cognovimus,
681 4145 849 4216 componat
878 4135 1042 4217 widrigild
1061 4159 1161 4198 suum
1259 4134 1267 4177 *-

47 4219 81 4280 in
111 4221 254 4310 palatio,
284 4219 342 4284 etsi
372 4220 438 4303 ipse
465 4219 561 4278 homo
595 4217 689 4281 vivus
722 4217 830 4282 fuerit,
893 4217 926 4276 Si
955 4237 1068 4282 servus
1103 4232 1161 4282 eut
1262 4240 1263 4243 ’
