2648 4874
130 281 208 380 424
341 300 450 357 sacre
464 301 755 357 wrsrsofflcann
773 305 829 358 mn
859 303 897 360 ιι.
915 305 987 363 nr.
1005 305 1027 361 r.

132 455 187 508 tor
216 441 434 527 compassione
456 441 617 523 prodesse.
658 441 753 503 Unde
772 445 856 506 solet
879 445 1081 530 contingere,
1111 446 1238 532 utplus

131 527 295 590 commodi
315 527 355 586 de
378 525 484 591 aliena
507 523 611 588 salute
636 526 818 606 conquirat,
841 529 998 608 quamde
1020 529 1150 612 propria
1174 531 1238 592 uti·

129 611 222 672 litate
242 609 380 691 quisquc
398 607 566 691 percipiat.
607 607 644 666 ln
663 608 773 680 multis
792 609 878 670 enim
895 610 971 692 quia
992 611 1168 672 multorum
1184 635 1237 674 sae

129 693 181 754 los
201 690 401 769 attenditur,
427 689 556 750 maioris
577 689 661 750 lucri
689 712 810 751 summa
827 693 1030 776 percipitur:
1061 694 1096 753 in
1119 715 1153 755 se
1176 717 1237 756 aua

129 785 205 853 tens,
236 772 314 856 qnia
334 773 451 854 privati
473 771 632 833 commodi
652 773 776 835 fructus
800 775 973 858 appetitur,
994 797 1059 837 non
1086 775 1161 838 satis
1187 785 1237 839 est

128 856 156 918 si
184 855 281 917 unius
302 855 454 916 beneficii
482 854 624 938 praemia
649 856 893 937 conquirantur.
941 859 1026 920 Hinc
1048 867 1081 920 et
1104 859 1161 919 illa
1180 880 1236 920 re-

128 939 307 1020 gendarum
343 939 543 1000 tantumdem
567 936 651 998 salus
681 949 729 998 est
756 939 924 1021 plebium,
958 963 1041 1024 quae
1069 962 1135 1002 non
1159 963 1235 1003 suos

127 1023 209 1084 fines
233 1021 358 1104 privata
378 1022 546 1082 voluntate
568 1021 753 1094 concludit;
775 1023 832 1083 sed
849 1043 932 1103 quae
954 1023 1170 1086 universitatis
1190 1023 1236 1084 ti,

127 1104 222 1165 mites
243 1106 406 1163 communi
428 1102 646 1186 prosperitatis
668 1103 739 1186 lege
762 1103 921 1171 del'endit.
962 1107 1168 1189 Quapropter
1192 1126 1235 1174 ne

127 1185 275 1247 salutaris
297 1187 379 1247 ordo
397 1183 617 1268 imperialibus
645 1183 794 1247 rideatur
820 1186 928 1251 verbis
957 1189 1064 1269 potius
1093 1187 1235 1248 obtineri

127 1285 226 1350 qoam
254 1267 370 1346 lactis,
405 1268 446 1329 de
476 1265 679 1328 sublimitatis
709 1268 843 1330 obtento
874 1267 1071 1332 reclinamus
1097 1271 1138 1332 ad
1159 1280 1235 1332 vota

126 1350 310 1431 supplicum
334 1349 532 1432 tranquillae
560 1349 689 1412 visionis
711 1360 892 1432 aspectum:
923 1360 959 1412 ut
982 1353 1058 1414 inde
1084 1353 1232 1416 salutaris

127 1432 305 1516 compassio
328 1431 445 1494 babeat
469 1432 683 1510 commodum,
704 1433 792 1494 unde
817 1444 941 1495 turmae
966 1435 1109 1516 plebium
1137 1435 1234 1518 adep-

125 1516 177 1575 tae
205 1515 329 1576 luerint
348 1514 591 1597 supplicationis
612 1507 770 1582 effectum.
812 1517 1013 1599 Cum.igitor
1033 1517 1233 1600 praeceden-

125 1597 208 1668 tium
227 1598 309 1658 serie
331 1605 522 1678 temporum,
545 1595 784 1658 immoderatior
799 1599 934 1661 ariditas
956 1599 1146 1682 Principum
1161 1619 1233 1660 sese

148 1700 229 1739 rona
255 1679 457 1740 diffunderet
474 1679 508 1739 in
527 1677 637 1760 spoliis
660 1680 873 1762 populorum,
902 1689 940 1742 ut
970 1693 1103 1764 augeret
1120 1681 1234 1764 reipu-

124 1701 229 1836 blicae
258 1783 391 1838 censum
423 1782 576 1823 aerumna
601 1761 720 1832 flebilis
749 1762 987 1844 subiectorum,
1018 1764 1150 1836 tandem
1179 1785 1232 1824 su·

124 1864 246 1940 pernae
273 1843 498 1927 respirationis·
517 1845 623 1904 afflatu
654 1845 745 1906 nobis
763 1855 810 1907 cst
835 1845 992 1908 divinitus
1018 1846 1235 1930 inspiratoma,

124 1935 162 1988 ut
200 1925 277 2007 quia
305 1926 457 1988 subiectis
484 1927 572 2009 leges
608 1927 812 1990 reverentiae
849 1928 1065 2007 dederamus,
1107 1926 1234 1992 Princi-

123 2029 202 2093 pum
228 2028 360 2090 quoque
388 2010 571 2070 excessibus
595 2009 812 2084 retinaculum
839 2011 1069 2093 temperantiae
1092 2031 1234 2093 ponerer·

123 2111 205 2152 mus.
245 2091 388 2152 Proinde
414 2092 540 2154 sincera
563 2093 819 2154 mansuetudinis
838 2103 964 2156 nostrae
986 2093 1232 2171 deliberatione,

123 2183 189 2252 tam
208 2173 302 2235 nobis
333 2194 430 2256 qoam
456 2174 581 2236 cunctis
609 2174 730 2256 gloriae
756 2184 882 2237 nostrae
912 2176 1148 2237 successoribus
1172 2174 1231 2236 ad·

120 2256 241 2317 futuris
263 2260 332 2317 Deo
355 2255 517 2317 mediante
542 2257 646 2338 legem
667 2256 838 2338 ponimus,
860 2258 1090 2339 decretumque
1116 2256 1234 2321 divalis.

123 2338 343 2408 observantiae
358 2339 613 2420 promulgamus:
631 2349 668 2400 ut
682 2340 794 2400 nullus
806 2361 918 2422 regum
938 2340 1140 2424 impulsionis
1154 2358 1231 2400 suae

122 2419 373 2502 quibuscunque
401 2420 540 2482 motibus
564 2421 834 2484 restrictionibus
855 2423 1007 2484 iustitiam
1027 2443 1045 2482 a
1072 2443 1130 2483 suo
1155 2421 1229 2481 loco

123 2501 286 2580 secludat,
317 2511 373 2563 aut
390 2502 424 2562 in
450 2513 567 2564 statum
590 2523 683 2563 suum
703 2503 809 2572 redire
829 2514 1036 2584 contemnat,
1059 2513 1114 2565 aut
1133 2503 1235 2586 scrip-7

123 2594 211 2645 toras
231 2585 271 2645 de
293 2584 491 2666 quibuslibet
510 2585 606 2646 rebus
626 2585 720 2647 alteri
744 2587 859 2650 debitis
882 2589 926 2648 ita
952 2595 1149 2668 extorqueat,
1178 2583 1233 2646 vel

125 2669 363 2748 extorquendas
389 2666 544 2745 instituat,
567 2677 725 2752 quatenus
747 2668 865 2732 iniuste
887 2692 924 2731 ac
947 2671 1097 2732 nolenter
1114 2667 1234 2730 debita·

124 2771 198 2810 rum
226 2748 287 2809 sibi
318 2749 457 2830 quisque
483 2751 601 2833 privari
630 2752 730 2833 possit
756 2752 899 2812 dominio
922 2773 1041 2829 rerum,
1082 2751 1180 2828 Quod
1205 2749 1232 2812 si

125 2831 265 2902 alicuius
285 2831 461 2913 gratissima
480 2833 647 2894 voluntate
671 2833 836 2916 quippiam
858 2835 897 2896 de
922 2834 1018 2896 rebus
1045 2855 1063 2894 a
1087 2852 1234 2914 quocun·
1307 2875 1309 2882 s

126 2936 191 2996 que
214 2914 415 2995 perceperit,
443 2915 496 2978 rel
523 2935 581 2998 pro
604 2915 748 2978 euidenti
770 2917 982 2998 praestatione
1003 2918 1148 2976 lucratus
1171 2915 1234 2975 ali-

126 2997 208 3078 quid
227 2997 345 3072 fnerit,
369 2996 403 3058 in
432 2997 856 3080 eedemscriptura'patens
880 2999 1055 3062 voluntatis
1079 3019 1114 3058 ac
1137 3017 1231 3080 prae·

126 3079 193 3140 stiti
215 3079 359 3139 conditi-o
382 3089 566 3156 annotetur,
598 3101 658 3161 per
674 3101 770 3160 quam
790 3089 846 3142 aut
869 3080 1034 3164 impressio
1058 3079 1231 3162 Principis,

127 3170 183 3232 ant
205 3162 402 3224 conserentis
420 3163 506 3226 fraus
528 3162 766 3224 evidentissime
794 3165 969 3247 detegatur.
1010 3162 1098 3224 Etsi
1119 3171 1233 3244 patoe—
1293 3203 1294 3206 =

25 3312 29 3324 ,
125 3245 171 3322 rit
191 3267 209 3302 a
230 3245 362 3304 nolente
383 3244 481 3306 foisse
502 3245 694 3326 scripturam
719 3255 883 3318 exactam,
915 3254 971 3305 aut
993 3244 1146 3328 respiciat
1170 3245 1232 3305 im·

124 3327 266 3409 probitas
288 3325 460 3408 Principis,
481 3335 513 3388 et
534 3335 669 3388 evacuet
685 3327 772 3410 quod
795 3329 877 3390 male
900 3328 1071 3404 contraxit,
1092 3337 1148 3387 aut
1166 3347 1234 3388 cer·

126 3418 158 3470 te
180 3418 252 3489 post
269 3409 338 3469 eius
366 3418 500 3469 mortem
526 3409 563 3470 ad
587 3431 661 3470 eum
680 3410 734 3471 cui
763 3421 873 3470 exacta
902 3421 950 3472 est
973 3411 1148 3491 scriptura,
1177 3407 1233 3468 vel

127 3491 168 3551 ad
185 3490 321 3551 heredes
341 3491 410 3551 eius
429 3511 480 3550 res
499 3491 585 3574 ipsae
609 3491 679 3553 sine
697 3493 902 3554 cunctatione
919 3492 1056 3554 debeant
1077 3490 1233 3556 revocari,

126 3574 239 3649 Simile
261 3583 466 3656 praeceptum
483 3573 641 3635 observari
656 3593 832 3649 censemus,
854 3595 954 3657 quum
976 3573 1127 3635 iustitiam
1142 3573 1234 3633 moti·

125 3655 186 3724 bus
211 3664 269 3715 aut
293 3655 472 3731 actionibus
498 3656 654 3739 principis
685 3657 838 3717 claruerit
866 3681 883 3716 a
913 3679 971 3730 suo
997 3678 1065 3718 esse
1089 3657 1160 3716 loco
1182 3675 1234 3716 se-

127 3739 259 3814 clusam,
282 3747 336 3798 aut
357 3749 450 3798 suum
471 3739 611 3819 rigorem
633 3739 781 3800 obtinere
806 3748 1031 3822 contemptam.
1077 3738 1157 3798 Illae
1179 3757 1233 3796 au·

124 3830 191 3895 tom
216 3841 287 3898 res,
317 3842 400 3900 quae
429 3824 553 3893 seclusa
586 3822 674 3896 qmni
693 3821 937 3903 compressionis
955 3820 1232 3904 argumentatione

126 3903 250 3964 directo
276 3904 371 3963 modo
402 3903 589 3972 transierint
614 3905 647 3962 in
674 3903 835 3985 Principis
864 3915 1072 3987 potestatem,
1099 3903 1135 3967 iu
1162 3903 1232 3974 eius

149 3986 314 4046 erenniter
332 3986 402 4046 iure
426 3986 624 4066 perdurant;
645 3997 679 4046 et
694 3986 853 4067 quidquid
875 4009 915 4048 ex
929 3988 1025 4048 rebus
1047 3986 1123 4068 ipsis
1146 3985 1233 4045 idem

122 4007 279 4149 irinceps
293 4069 442 4130 ordinare
457 4069 608 4144 voluerit,
630 4089 706 4130 arrae
723 4069 886 4150 potcstatis
900 4069 1032 4130 arbitrio
1045 4066 1234 4139 subiacebit.

125 4151 260 4226 Verum,
283 4161 318 4212 ut
337 4171 431 4210 omne
449 4150 547 4211 huius
564 4151 728 4232 negotium
754 4150 889 4212 actionis
914 4153 1046 4213 roboret
1066 4150 1233 4214 sinceritas

123 4233 292 4313 ueritatis,
333 4255 407 4298 cnm
433 4254 702 4319 quarumcunque
725 4253 835 4297 rerum
864 4233 1042 4320 scripturae
1076 4235 1111 4298 in
1140 4232 1234 4304 eri-a·
