2640 4838
130 279 133 296 ·
244 259 660 330 nacrs'wrsmornounn
680 273 746 333 un.
765 271 977 330 x11.r1r.11.
1105 251 1179 324 635

58 412 185 496 cipiunt
204 412 468 485 circumciderit,
500 432 629 474 omnem
656 412 844 474 facultatem
874 433 964 472 snam
990 410 1127 489 amittat,
1149 420 1183 473 et

57 498 139 560 fisco
161 504 362 579 aggregetur.
404 497 521 556 Serv-us
534 517 612 558 vero
632 495 684 557 val
708 496 827 556 ancilla
844 494 902 578 qni
924 493 1182 556 contradixerint
1250 542 1257 562 .

29 623 32 628 -
57 601 130 642 esse
151 579 277 658 ludaei,
300 579 341 640 ad
362 579 546 640 libertatem
567 580 798 661 perducantur.
1100 588 1104 593 '

378 689 457 756 XII.
501 715 561 760 ens.
582 715 743 756 srsaaurus
765 713 843 754 unx.

57 811 110 873 De
133 809 298 894 mancipiis
320 808 531 888 Christianis,
554 830 632 892 quae
652 833 673 870 a
700 807 830 874 Iudaeis
861 818 915 869 aut
945 804 1090 887 vendita,
1123 820 1179 871 aut

217 927 219 934 ›
301 893 442 954 libertati
463 892 584 954 tradita
604 913 669 952 esse
698 903 880 953 noscuntur.

119 1073 122 1078 ,
144 1000 361 1063 Sanctissimis
382 1021 418 1062 ac
439 1000 628 1064 beatissimis
650 999 792 1082 Agapio,
821 995 965 1074 Cecilio,
996 993 1079 1057 item·
1094 993 1180 1078 Aga-

58 1085 117 1170 pio
137 1083 305 1166 Episcopis
338 1084 407 1144 sive
437 1082 598 1145 indicibus
621 1083 740 1144 ibidem
771 1080 940 1156 institutis,
976 1077 1127 1140 similiter
1148 1089 1181 1140 et

60 1167 198 1248 reliquis
221 1165 442 1228 sacerdotibus
465 1175 497 1225 et
518 1164 680 1237 indicibus
701 1165 735 1224 in
758 1163 922 1226 territorio
946 1160 1022 1224 Arbi
1048 1163 1097 1237 i),
1120 1163 1179 1222 Ur-

63 1251 98 1332 gi
119 1251 174 1326 la),
196 1249 316 1331 Sturgi,
340 1246 492 1330 illiturgi,
515 1247 711 1326 (Biaciatui,
734 1245 910 1332 Agatng'iae
933 1245 981 1330 l),
1003 1243 1123 1327 Egabri
1145 1251 1177 1306 at

62 1330 185 1416 Epagri
207 1331 464 1397 consistentibus.
1073 1355 1076 1364 ·

144 1414 276 1474 Dudum
297 1414 379 1474 latae
402 1410 641 1476 constitutionis
662 1410 867 1475 auctoritasa
890 1409 1009 1472 domno
1031 1419 1063 1471 et
1084 1430 1180 1492 prae·

61 1517 187 1559 cessure
211 1505 319 1557 nostro
340 1494 503 1556 Recaredo
525 1497 610 1576 Rege
632 1494 778 1555 sufficere
800 1503 934 1576 poterat,
958 1502 995 1554 ut
1015 1491 1178 1574 mancipia

60 1579 245 1642 Christiana
267 1578 454 1638 nullatenus
484 1577 515 1636 in
547 1575 766 1638 Hebraeorum
790 1576 859 1636 inre
882 1584 1051 1646 manerent
1073 1575 1179 1635 obno-

61 1663 136 1722 xia:
161 1660 186 1721 si
202 1661 235 1719 in
258 1661 459 1743 postmodnm
477 1670 587 1720 contra
611 1659 747 1720 institiae
764 1660 910 1720 instituta
933 1679 1045 1720 eorum
1067 1659 1177 1740 pravi·

60 1754 110 1806 tas
131 1743 341 1828 subripiendo
372 1743 561 1824 Principum
583 1743 704 1805 animos
732 1741 840 1824 aliqua
869 1742 931 1804 sibi
960 1741 1079 1803 iniusta
1108 1762 1175 1800 non

62 1826 261 1910 poposcisset
273 1826 441 1887 beneficia.
462 1826 604 1886 Proinde
619 1825 694 1905 quin
707 1827 777 1885 Deo
793 1824 967 1886 adiuvante
982 1825 1086 1906 legem
1104 1822 1174 1883 fieri

61 1909 277 1986 decrevimus,
301 1918 333 1969 et
353 1907 520 1969 fraudibus
541 1929 653 1968 eorum
682 1929 741 1988 per
762 1907 890 1968 diversa
911 1905 1051 1988 capitula
1073 1905 1175 1984 obsti-

60 1991 174 2051 timus:
196 1991 270 2052 ideo
286 2011 344 2072 pro
362 2012 400 2051 eo
422 1991 508 2071 quod
522 2000 608 2050 retro
626 1999 768 2070 tempore
783 1990 889 2050 inerat
903 1989 1061 2065 vitiatum,
1084 1989 1175 2048 iuxta

62 2075 204 2136 edictum
217 2083 290 2134 ante
313 2073 389 2134 dicti
406 2072 565 2155 Principis
585 2073 805 2134 decernimus:
826 2081 862 2132 nt
874 2072 900 2132 si
914 2093 978 2153 qua
989 2071 1175 2132 Christiana

63 2156 225 2238 mancipia
248 2177 286 2216 eo
307 2165 451 2238 tempore
474 2177 539 2236 qno
560 2155 640 2225 haec
663 2154 835 2216 auctoritas
857 2155 928 2216 data
958 2163 1023 2230 est,
1059 2154 1093 2213 in
1118 2174 1176 2214 eo-

61 2261 136 2301 rnm
156 2239 226 2298 inre
257 2238 355 2299 luisse
383 2237 580 2319 probantur:
610 2259 668 2298 seu
690 2237 755 2300 sint
782 2237 923 2298 libe'rtati
944 2235 1083 2312 tradita,
1117 2257 1178 2298 seu

61 2323 147 2382 forte
171 2320 212 2379 ad
234 2320 416 2381 libertatem
438 2341 503 2381 nou
532 2321 657 2382 fuerint
684 2320 857 2404 perductet
887 2321 928 2381 ad
960 2319 1082 2380 civium
1113 2319 1175 2378 Ro·

61 2423 231 2464 manorum
249 2403 431 2486 privilegia,
449 2403 536 2463 iuxta
558 2413 683 2464 nostrae
708 2403 787 2484 legis
800 2401 897 2462 huius
909 2402 1059 2464 edietum,
1072 2409 1175 2462 trans·

61 2484 280 2548 ire-debeant.
335 2487 415 2546 Nam
445 2496 477 2547 et
502 2486 530 2547 si
550 2507 613 2566 qna
638 2485 754 2546 illicito
776 2506 855 2546 ausu
876 2486 915 2546 de
939 2484 1060 2545 eisdem
1081 2471 1176 2546 mart-

64 2567 177 2649 cipiis,
200 2589 283 2648 qnae
304 2588 364 2650 per
384 2568 647 2629 constitutionem
668 2568 788 2650 regiam
809 2570 938 2628 fuerant
959 2567 1115 2644 absoluta,
1138 2565 1173 2624 in

62 2649 135 2708 inre
156 2650 329 2712 cuiuslibet
357 2661 415 2732 per
435 2672 662 2732 quamcunque
684 2650 874 2732 scripturam
893 2649 1177 2732 transegissevisa

62 2740 166 2796 sunta¹
189 2734 322 2794 rescissa
343 2734 399 2793 tali
422 2733 646 2814 colligatione,
678 2733 718 2792 ad
746 2743 860 2794 statum
883 2732 1093 2814 ingenuitatis
1111 2754 1176 2794 ‘re-

61 2823 155 2894 cepto
169 2815 258 2876 iuxta
277 2816 363 2897 leges
379 2816 482 2898 pretio
500 2839 517 2874 a
538 2814 761 2877 venditoribus
778 2824 1002 2893 revertantur,
1025 2823 1060 2876 et
1079 2836 1176 2897 prae-

62 2897 163 2956 notati
185 2898 220 2956 in
243 2898 413 2980 polypticis
446 2899 595 2982 publicis,
619 2908 715 2978 atque
737 2899 1050 2972 secundnmeornm
1072 2917 1175 2978 pecn-

59 2978 142 3039 linm
162 2980 334 3041 iustissima
351 2982 554 3044 adaeratioue
577 2981 702 3059 censiti,
719 2981 814 3043 vitam
836 2981 870 3042 in
892 2980 1031 3064 propriis
1053 2979 1175 3041 labori-

61 3060 121 3123 bus
145 3062 178 3121 in
201 3063 401 3144 ingenuitate
424 3063 602 3146 transigere
625 3065 764 3127 valeant.
807 3065 841 3125 Si
866 3085 931 3146 qun
953 3083 1031 3124 vero
1053 3061 1173 3123 manci·

58 3143 112 3226 pia
133 3152 206 3226 post
225 3155 324 3207 metas
347 3145 490 3223 dierum,
526 3149 560 3206 in
583 3147 839 3229 quaauctoritas
861 3167 955 3228 saepe
978 3143 1056 3204 dicti
1077 3144 1175 3204 Prin-

59 3227 140 3308 cipis
162 3230 361 3311 promulgata
383 3240 447 3308 est,
478 3229 517 3290 ab
541 3231 607 3291 illis
628 3250 760 3311 quoquo
783 3230 862 3292 libet
884 3228 980 3292 titulo
1002 3221 1174 3287 iustissime

60 3310 243 3390 conquisita
266 3321 359 3385 sunt,
387 3321 443 3372 ant
462 3314 624 3390 vendere,
648 3320 703 3372 aut
723 3312 898 3389 libertare,
930 3319 1027 3392 prout
1054 3308 1176 3370 malue-

59 3390 146 3468 rint,¹
161 3413 263 3473 nsque
287 3394 327 3453 ad
349 3395 513 3456 Kalendas
536 3396 633 3455 iulias
655 3394 820 3456 licentiam
842 3395 907 3455 illis
932 3393 1111 3462 tribuimus.
1133 3391 1174 3452 Hi

59 3492 138 3534 vero
169 3474 363 3553 Christiani,
389 3477 447 3560 qui
473 3479 511 3538 ab
540 3477 691 3539 Hebraeis
715 3499 912 3559 quocunque
940 3484 1084 3556 tempore
1114 3475 1175 3535 cir·

60 3556 315 3636 cumcisisnnt,
347 3560 399 3620 vel
430 3559 464 3620 in
495 3561 560 3620 ritu
589 3581 700 3622 eorum
722 3570 816 3636 sunt,
842 3559 939 3642 legali
963 3556 1171 3619 ordinatione

60 3639 249 3706 multentur.
290 3644 370 3702 Nam
400 3652 433 3704 et
462 3644 502 3705 de
526 3643 597 3721 his,
629 3644 687 3726 qui
715 3664 775 3725 per
799 3644 905 3727 legem
932 3640 1071 3702 absoluti
1105 3660 1172 3702 esse

129 3865 154 3934 i)
169 3865 212 3920 Al.
232 3885 292 3920 mss.
307 3871 393 3922 Verbi
401 3891 411 3936 ,·
431 3871 558 3937 Barbia,·
576 3871 699 3938 Αἰνιινόἰ,Ι
720 3872 809 3925 Varvi.
882 3871 911 3941 l)
929 3871 974 3926 Al.
986 3889 1046 3924 mss,
1064 3874 1173 3943 Aurgi,-

58 3937 151 4016 Δωρί.
207 3935 288 4006 t)a1.
309 3940 376 3992 Cod.
396 3943 520 4002 Bestiae,
544 3943 629 4003 Vitia,
648 3943 730 4005 Tuta,
752 3943 880 4014 Tutugia.
936 3943 1026 4004 Alter,
1049 3945 1170 4008 Vivatia,

61 4006 145 4080 Tuta,
166 4007 275 4077 Tutugi.
318 4010 408 4072 Alius,
440 4015 543 4074 Viatia,
566 4014 663 4080 lirga,
688 4016 792 4082 Taugy.
828 4013 919 4074 lilius,
947 4013 1038 4077 Victa,
1066 4015 1171 4080 Tiufai,

60 4075 138 4158 Tuti..
175 4077 263 4139 Alius,
289 4084 400 4144 Avatia,
418 4083 504 4152 Tuga,
526 4083 623 4152 Tangi.
660 4083 746 4147 Alius,
769 4085 1047 4155 Viatiatulu,Tutigi.
1085 4073 1172 4144 Alius,

59 4144 167 4266 palutio,
190 4149 272 4210 Tula,
297 4152 402 4223 Tutugi.
440 4154 503 4204 Duo
521 4153 578 4215 alii,
599 4152 770 4226 Viatiatuga‚
792 4157 901 4224 Tutugi.
943 4153 1010 4216 Alii,
1034 4155 1172 4215 Vientina,

82 4234 100 4268 u
124 4233 205 4284 gatte.¹
239 4239 240 4246 ¹
459 4255 463 4262 -
1067 4245 1071 4249 ·
