2640 4838
441 259 818 324 snrcruunoraams.
1112 249 1186 346 705
1220 299 1222 304 -

67 423 129 489 qua
146 403 176 458 ia
197 399 299 476 capillo
313 407 411 525 postes
432 407 541 454 mortua
565 399 657 462 luerit,
676 400 864 456 Mundualdus
883 400 912 454 ei
931 406 1081 474 succedat3
1103 408 1189 480 quod

66 495 90 530 ss
107 491 210 528 sorores
234 491 290 526 uon
338 471 481 534 abuerint,
501 469 626 530 similiter
643 469 830 524 Mundualdus
853 473 992 527 succedat.
1035 479 1078 531 De
1103 479 1188 532 vidua

67 547 184 617 quidem
201 546 247 600 ita.
288 542 317 594 Si
338 550 445 594 mortua
463 538 574 662 quidem
594 539 675 592 suerit
694 539 798 611 absque
817 541 879 593 filiis
897 543 1039 608 legitimis,
1060 556 1088 600 et
1103 548 1188 603 filiam

65 615 230 686 reliquerit,
255 614 314 683 ipsa
332 613 357 664 ei
381 625 463 664 succe
485 617 520 662 at.
557 610 586 661 Si
606 626 668 663 vero
686 611 794 674 lilium,
822 621 850 664 et
867 613 954 666 solum
979 613 1128 670 abiaticum
1151 634 1186 670 ex

65 697 145 759 parte
165 685 234 745 filii,
264 681 416 752 acqualiter
445 678 610 746 succedant,
639 679 708 742 sed,
727 689 759 734 ut
779 681 847 743 alii,
873 683 947 735 solur
966 684 1047 737 tilius.
1087 687 1123 738 ·si
1141 705 1189 740 ve·

66 775 99 810 ro
118 757 177 810 sola
199 755 302 817 filiam,
339 759 367 804 et
395 749 558 813 abiaticam,
590 749 636 804 vel
663 750 812 803 abiaticum
846 753 934 805 solum
961 772 995 806 ex
1022 765 1100 825 parte
1119 756 1187 820 filii,

67 827 222 898 aequaliter
250 821 407 874 succedant.
462 819 536 882 Sed,
566 828 597 872 ut
623 819 687 880 alii,
715 821 771 872 filia
794 830 899 874 tanturn
916 825 1065 890 succedat,
1093 835 1137 892 st,
1156 833 1187 882 ut

67 898 135 962 alii,
170 896 243 947 solus
273 890 423 951 abiaticus‚
451 890 497 942 vel
522 889 580 942 sola
602 889 721 942 abiatica
749 891 888 945 succedat.
938 893 966 945 Si
993 913 1057 949 vero
1085 897 1185 960 tilium,

68 976 100 1020 et
116 966 283 1029 abiaticum,
315 963 361 1016 vel
383 960 527 1012 abiaticam
553 978 586 1012 ex
611 967 687 1030 parte
714 960 803 1024 filiae,
844 962 917 1015 solus
941 962 1014 1017 filius
1047 957 1187 1019 succedat,

69 1037 100 1090 si
128 1053 192 1089 vero
220 1032 318 1093 filiam,
346 1038 376 1083 et
405 1031 489 1082 solam
523 1029 668 1082 abiaticum
692 1032 738 1082 vel
765 1033 852 1084 solum
878 1029 1025 1088 abiaticum
1051 1053 1084 1088 ex
1111 1043 1189 1109 parto

68 1105 163 1167 filiae,
181 1103 239 1156 filia
255 1109 364 1154 tautum
381 1100 527 1167 succedatr
555 1099 617 1164 sed,
637 1107 669 1153 ut
693 1099 757 1164 alii,
785 1103 936 1173 aequaliter
950 1105 1115 1160 succedant·
1130 1105 1188 1161 Sed

26 1180 32 1186 “
68 1183 174 1244 nuptae
191 1172 315 1238 legaliter
331 1171 372 1224 vir
388 1188 454 1222 suus
471 1169 520 1222 fiat
538 1169 651 1230 haeres,
677 1171 741 1234 vel,
771 1178 803 1225 ut
828 1172 939 1244 quidam
957 1172 1073 1240 dicunt,
1105 1178 1188 1229 Mun-

69 1246 204 1307 dualdus,
232 1241 279 1312 qui
307 1248 365 1304 est,
390 1241 435 1296 v'el
458 1239 566 1292 futurus
585 1248 633 1293 est.
677 1240 725 1292 His
745 1241 870 1294 omnibus
895 1241 1049 1308 defunctis,
1077 1245 1123 1298 vel
1145 1245 1187 1300 vi.

67 1315 126 1378 vis,
154 1312 354 1367 successionem
371 1309 555 1376 nolentibus,
569 1316 602 1362 ut
624 1307 736 1381 quidam
764 1309 883 1378 dcunt',
922 1327 956 1364 ex
980 1321 1058 1384 parte
1074 1315 1189 1388 publica

69 1383 205 1440 successio
225 1381 355 1453 capiatur.

153 1451 268 1518 CLIV.
311 1449 346 1512 Si
369 1449 442 1533 quis
478 1447 694 1531 dereliquerit
734 1450 838 1513 filium
861 1449 1043 1534 legitimum
1066 1475 1190 1534 unum,
1241 1457 1242 1460 ’

69 1536 159 1620 quod
179 1545 228 1597 est
239 1532 410 1610 fnlboran,
432 1542 465 1594 et
478 1533 562 1594 filios
582 1533 744 1595 naturales
758 1556 861 1595 unum
876 1544 930 1597 aut
952 1536 1082 1619 plateas
1103 1537 1189 1602 filias

68 1618 233 1704 legitimus
252 1616 347 1678 tollat
367 1615 444 1678 duas
465 1616 631 1699 portiones
659 1616 698 1680 de
720 1617 817 1699 patris
838 1615 1033 1698 substantia,
1056 1629 1190 1682 natura·

69 1702 119 1763 les
140 1721 217 1762 vero
238 1698 375 1761 tertiam.
417 1699 459 1760 Et
480 1698 508 1760 si
529 1700 593 1782 sint
615 1698 681 1759 duo
701 1698 856 1784 legitimi,
873 1721 874 1724 ¹
889 1699 1028 1763 habeant
1071 1709 1190 1764 uatuor

69 1792 194 1866 partes;
231 1781 393 1843 naturales
424 1781 569 1866 quintam
590 1790 730 1862 partem,
771 1780 1027 1867 quanticumque
1048 1725 1190 1852 inerint.

68 1867 114 1930 Et
145 1863 172 1927 si
204 1874 282 1928 tres>
307 1862 432 1924 fuerint
464 1863 637 1946 legitimi,
662 1863 803 1926 habeant
832 1867 994 1928 naturales
1021 1867 1190 1949 septimam

69 1957 206 2034 partem.
263 1947 298 2008 Si
331 1955 471 2028 quatuor
508 1946 631 2008 fuerint
663 1946 819 2029 legitimi,
854 1947 995 2009 habeant
1025 1950 1189 2014 naturales

72 2053 192 2092 nouam
216 2039 349 2114 partem.
390 2028 425 2090 Si
472 2028 594 2111 uinqne'
623 2029 748 2090 fuerint
777 2029 933 2112 legitimi,
964 2030 1103 2092 habeant
1125 2054 1187 2092 na-

72 2114 192 2176 turales
214 2111 437 2175 duodecimam
448 2052 492 2192 q)
516 2119 647 2194 partem.
678 2110 712 2172 Si
722 2133 779 2172 sex
800 2111 923 2174 fuerint
944 2113 1105 2196 legitimi,
1128 2112 1185 2175 ha-

70 2196 170 2258 beant
191 2193 352 2256 naturales
375 2197 501 2254 tertiam
522 2191 679 2256 decimam
704 2202 836 2276 partem.
903 2195 937 2258 Si
970 2206 1093 2279 septem
1111 2196 1187 2259 fue·

70 2280 141 2340 rint
166 2277 330 2360 legitimi,
367 2275 508 2337 habeant
545 2277 706 2338 naturales
745 2276 892 2359 quintam
925 2277 1082 2340 decimam
1111 2300 1189 2360 par·-

70 2369 147 2427 tem.
197 2361 231 2424 si
258 2369 368 2421 autom
389 2359 499 2443 plures
529 2357 674 2436 fuerint,
706 2379 765 2442 per
791 2358 881 2421 hunc
904 2381 1077 2423 numerum
1102 2360 1187 2426 divi·-
1242 2381 1245 2388 ’

71 2443 151 2507 dant
194 2443 270 2505 atris
292 2441 508 2504 substantiam.
578 2441 622 2502 ll.
648 2441 694 2518 14.
717 2462 746 2506 2.

185 2527 253 2592 LV.
293 2523 384 2585 Nulli
413 2523 455 2586 sit
483 2521 615 2585 licentia
638 2524 798 2586 naturales
825 2523 908 2585 filios
941 2519 1098 2606 aequales
1129 2517 1187 2588 aut

72 2607 257 2672 consimiles
283 2608 391 2668 facere
413 2604 564 2689 legitimis
596 2605 690 2683 tiliis,
713 2606 775 2667 nisi
796 2606 856 2667 iiiii
877 2604 988 2688 legimi
1008 2617 1080 2692 post
1101 2630 1187 2669 com·

68 2693 190 2778 pletum
227 2688 404 2772 legitimam
435 2698 571 2750 aetatem
604 2688 687 2768 patri
731 2688 964 2754 consenserint.
1027 2690 1187 2774 Legitima

71 2783 180 2933 altpteup
201 2783 284 2917 getas
308 2782 373 2851 est,
394 2780 564 2856 postquam
592 2770 652 2831 filii
672 2772 845 2834 duodecim
875 2790 978 2832 annos
999 2768 1185 2840 habuerint.

107 2907 115 2922 .
141 2879 151 2916 1
179 2903 186 2918 .
231 2902 238 2920 .

140 2957 219 2992 sonu.
255 2939 333 2992 Patre
349 2944 378 2991 te
394 2934 515 3058 appellat
528 2934 679 2998 Martinus,
697 2927 782 3006 ¹quod
799 2945 875 2990 tenes
897 2934 922 2989 ei
939 2945 1037 2989 terram
1055 2915 1127 2990 malo
1142 2957 1184 2991 or-

71 3007 137 3062 dine
160 3009 190 3060 in
209 3009 271 3062 loco
297 3007 357 3060 tali.
433 3023 481 3060 cce
504 3013 593 3071 carta,
619 3023 702 3076 quam
724 3015 803 3077 pater
820 3018 886 3060 tuus
908 3014 937 3059 et
954 3023 1030 3060 meus
1050 3007 1117 3061 fecit
1138 3027 1184 3062 me

70 3078 124 3132 tibi
143 3079 258 3132 similem
281 3085 309 3132 te
335 3079 531 3130 consentiente.

155 3147 266 3213 CLVI.
308 3150 356 3209 De
379 3148 446 3207 filio
468 3144 626 3222 naturali,
654 3145 711 3226 qui
733 3145 772 3207 de'
795 3144 913 3207 ancilla
932 3144 1065 3206 alterins
1088 3153 1183 3206 natus

72 3240 136 3307 est,
174 3233 202 3293 si
231 3240 322 3312 pater
355 3227 587 3312 comparaverit
616 3234 709 3303 eum,
742 3237 774 3288 et
800 3227 939 3288 liberam
967 3225 1180 3308 thingarerit‚

70 3314 201 3376 libertas
225 3312 276 3375 illi
298 3319 494 3394 permaneat.
533 3311 574 3370 Et
594 3308 620 3371 si
635 3331 700 3370 non
714 3309 923 3372 ‘libertaverit
946 3331 1031 3386 eum,
1052 3309 1095 3371 sit
1112 3331 1181 3374 sar·

70 3418 149 3474 vus,
177 3395 269 3457 cuius
302 3403 333 3455 et
363 3404 464 3454 mater
487 3401 533 3453 est
565 3391 694 3453 ancilla.
753 3393 832 3452 Nam
863 3393 889 3452 si
915 3413 989 3452 eum
1013 3413 1179 3474 compara-

70 3477 171 3554 verit,
201 3487 233 3538 et
257 3475 382 3558 aliquid
414 3476 453 3536 de
477 3474 573 3536 rebus
594 3475 660 3536 suis
682 3496 741 3558 per
766 3474 872 3555 legem
902 3473 933 3534 ei
960 3469 1177 3556 thingare'rit,

69 3559 188 3621 habeat
213 3560 295 3642 ipsas
324 3580 385 3624 res.
428 3558 466 3616 ll.
495 3559 539 3634 14,
560 3557 591 3633 4.

140 3659 221 3694 roan.
256 3643 334 3693 Petra
351 3648 379 3693 te
397 3639 517 3711 appellat
534 3639 684 3702 Martinus,
711 3638 786 3709 quod
802 3647 834 3690 tu
854 3656 881 3691 es
898 3655 989 3692 servus
1007 3605 1079 3690 suus.
1133 3639 1179 3691 Li·

71 3711 123 3763 ber
143 3730 218 3778 sum;
247 3728 312 3764 ecoe
331 3719 421 3774 carta,
442 3728 524 3780 quam
542 3712 664 3762 Donatus
682 3719 758 3780 pater
775 3726 851 3761 meus
867 3725 911 3760 me
935 3709 1001 3761 emit
1027 3709 1061 3762 de
1078 3717 1179 3774 te,.et

71 3781 173 3835 dimisit
188 3799 232 3834 me
249 3781 373 3835 liberum.
409 3780 488 3832 Falsa
506 3785 553 3831 ast.

155 3853 285 3915 CLVII.
327 3855 376 3912 De
393 3872 447 3929 eo,
470 3849 527 3931 qui
549 3848 588 3909 de
613 3847 680 3908 filio
702 3847 841 3908 natarali
864 3854 1034 3928 generatus
1058 3846 1177 3924 fuerit,
1229 3841 1231 3852 '

72 3935 234 4016 quod-est
255 3933 366 3996 threus
388 3940 441 4011 c),
468 3931 562 3993 heres
588 3952 652 3992 non
675 3929 749 4010 fiat,
771 3929 834 3991 nisi
857 3929 888 3991 ei
911 3927 1090 4012 thingatum
1108 3929 1177 3990 iae·

52 4105 56 4118 Ι
141 4127 172 4208 b)
191 4139 241 4190 lla.
260 4113 328 4190 eod.
353 4101 533 4190 undecimam.
610 4136 636 4205 c)
653 4133 696 4188 sl.
715 4133 801 4189 Editt.
825 4092 939 4188 seramus
947 4153 958 4200 ,·
982 4132 1096 4202 thecus;
1121 4146 1176 4188 trs·

72 4207 144 4264 nais.
179 4209 221 4262 at
241 4207 307 4262 Cod.
326 4209 376 4280 qui
385 4206 471 4282 filius
488 4217 528 4297 apt
550 4205 650 4260 straus.
676 4205 766 4267 Gloss.
782 4205 832 4258 int.
852 4206 871 4261 i.
890 4223 914 4262 e.
933 4203 1058 4258 libertus.

903 4305 954 4404 ⁴⁵,
