2648 4874
273 274 772 334 aao1sw1s1cornonuutm.
792 278 839 334 tr.
856 280 927 347 nr.
947 281 985 334 u.
1115 257 1192 359 litt

82 433 158 476 rum
174 421 336 494 naturam,
359 435 420 478 nec
441 413 572 488 nomina
590 414 749 498 inveniri,
773 438 834 484 nec
855 417 920 481 rita
943 419 1193 501 succedentium

80 497 251 580 propagari
271 506 386 581 potest.
1083 506 1086 515 '

314 627 424 754 ¹Tur.
450 681 500 752 II.
549 679 608 754 De
634 661 939 756 snccessionibus

525 843 551 906 l.
591 864 738 918 cursous.

85 949 128 1016 'Ut
148 975 276 1018 sorores
305 957 549 1044 cumfratribus
569 960 742 1100 acqsqtiter
761 960 796 1020 in
819 975 986 1046 pareutum
1012 965 1189 1032 hereditate

162 1119 198 1180 Si
221 1131 312 1202 pater
337 1122 391 1185 rel
416 1132 517 1184 mater
543 1056 933 1202 idltce‘ietalimdiscesserint,
962 1135 1042 1188 tunc
1062 1149 1189 1194 sorores

80 1207 155 1296 pum
175 1203 326 1266 frutribus
346 1205 381 1264 in
404 1207 492 1266 omni
513 1216 682 1288 parentum
702 1207 872 1287 facultate,
901 1208 1020 1293 ubsque
1042 1211 1107 1274 ulio
1128 1213 1189 1276 ob-

79 1295 188 1363 tectu,
210 1287 338 1370 aequali
359 1287 519 1351 divisione
540 1289 722 1351 succedant.

519 1399 563 1464 ll.
590 1423 738 1478 sarrous.

200 1516 297 1599 Quod
315 1517 349 1576 iu
370 1514 556 1578 hereditatis
576 1518 768 1578 successione
779 1515 853 1604 filii
870 1520 969 1603 primi
988 1534 1069 1586 suut.

81 1627 86 1634 ·
165 1599 203 1660 In
226 1597 513 1660 hereditateillius
534 1599 592 1680 qui
612 1600 765 1680 moritur,
792 1603 818 1662 si
841 1603 1007 1665 intestatus
1030 1605 1186 1668 discesse-

78 1675 139 1763 rit,
163 1682 222 1742 filii
242 1681 337 1763 primi
359 1690 443 1744 sunt.
485 1681 519 1742 si
540 1681 600 1741 filii
621 1681 756 1761 desunt,
779 1683 949 1766 nepotibus
973 1686 1110 1748 debetur
1129 1688 1185 1748 he·

78 1765 208 1833 reditas.
250 1765 284 1825 Si
305 1785 366 1824 nec
387 1772 520 1846 nepotes
537 1763 676 1842 fuerint,
698 1776 890 1848 pronepotes
912 1767 953 1828 ad
973 1767 1186 1833 hereditatem

79 1857 249 1915 vocentur.
291 1847 325 1908 si
343 1867 421 1908 vero
439 1846 496 1928 qui
516 1846 670 1924 moritur,
693 1869 753 1908 nec
776 1848 858 1908 filios
875 1869 936 1910 nec
952 1859 1105 1934 nepotes,
1127 1873 1186 1914 seu

78 1943 202 2017 patrem
227 1929 279 1992 vel
298 1937 430 1988 matrem
452 1927 628 2014 relinquit,
650 1937 728 1991 tunc
752 1951 829 1995 arus
854 1939 909 1992 aut
928 1931 1000 1996 aria
1019 1932 1185 1996 heredita-

80 2027 145 2078 tem
165 2013 294 2080 sibimet
313 2009 499 2079 vindicabit.
1015 2009 1019 2017 “
1182 2037 1186 2045 ·

495 2159 537 2227 ll.
577 2179 650 2223 stov.
683 2183 758 2223 uun.

79 2283 118 2344 Si
138 2282 178 2342 dc
200 2277 357 2364 superiori
375 2273 431 2338 uel
450 2275 598 2358 inferiori
616 2297 727 2356 genere
754 2273 870 2337 directi
889 2273 1013 2338 ordinis
1030 2298 1185 2362 personae

78 2365 248 2448 defuerim,
272 2375 342 2422 tunc
365 2382 381 2422 e
402 2361 499 2420 lutere
522 2361 675 2420 veuieutcs
680 2357 847 2440 facultatis
861 2361 986 2444 capiant
995 2364 1188 2446 portionem,

162 2445 300 2524 Quando
327 2443 526 2526 supradictae
547 2462 701 2523 personae
725 2441 857 2519 desunt,
887 2463 969 2522 quae
989 2453 1044 2502 aut
1067 2443 1106 2504 de
1130 2467 1186 2505 sn-

78 2528 199 2612 periori
221 2536 277 2588 ant
296 2524 444 2586 inferiori
467 2545 584 2606 genere
605 2523 741 2583 discreto
774 2523 887 2584 ordine
917 2523 1072 2602 veniunt,
1104 2536 1185 2594 tunc

78 2612 154 2672 illae
173 2629 328 2692 personae
345 2628 428 2690 quac
444 2615 549 2669 sunta
570 2605 669 2666 latere
686 2607 877 2666 constitutae
894 2606 1117 2688 requirantur,
1149 2619 1187 2671 ut

75 2693 285 2754 hereditatem
316 2690 475 2773 accipiant
502 2687 658 2765 defuncti,
697 2688 754 2769 qui
786 2689 955 2749 intestatus
992 2689 1185 2752 discesserit.

76 2777 156 2837 Nam
173 2775 248 2835 illae
261 2791 416 2855 personae
429 2792 511 2853 qnae
526 2780 601 2832 sunt
621 2793 637 2830 a
651 2769 851 2852 longioribus
868 2769 1080 2853 constitutae,
1098 2774 1183 2836 nihil

77 2877 110 2920 se
130 2855 316 2918 existiment
329 2854 395 2915 illis
413 2853 574 2938 prioribus
592 2874 683 2936 posse
702 2863 859 2936 repetere.

501 2997 557 3064 lV.
597 3017 747 3073 surrent.
802 3047 808 3060 ,

78 3119 139 3204 Qui
159 3116 326 3180 succedere
345 3126 476 3200 possunt
497 3115 531 3174 iu
552 3133 659 3174 eorum
672 3112 894 3194 facultatibus,
917 3115 973 3198 qui
984 3136 1041 3178 uec
1055 3118 1185 3202 scriptis

286 3201 490 3260 neclectibus
512 3217 599 3255 suam
620 3195 753 3274 alligant
773 3198 977 3263 uolrtntatem.

157 3284 207 3343 De
228 3282 483 3344 successionibus
516 3299 627 3339 eornm
656 3279 713 3360 qui
741 3281 787 3340 sic
817 3280 1018 3358 moriuntur,
1053 3288 1184 3344 atnoe

78 3365 301 3443 donationem,
330 3385 390 3424 nec
412 3363 517 3423 ullum
535 3362 655 3420 faciant
677 3369 918 3440 testamentum,
947 3383 1008 3423 nec
1029 3384 1184 3444 praesen-

77 3450 160 3510 tibus
186 3448 322 3509 testibus
353 3443 621 3507 suam'ordinent
650 3443 866 3515 voluntatem
897 3444 955 3526 qui
986 3446 1086 3528 gradu
1116 3446 1182 3509 illis

77 3529 215 3619 proximi
237 3529 375 3608 fuerint,
398 3549 509 3591 eorum
532 3525 723 3586 obtinebunt
742 3525 964 3590 hereditatem.
997 3543 1002 3557 ¹
1094 3564 1097 3572 ·

456 3678 497 3745 V.
529 3699 593 3744 rus.
622 3697 708 3738 cuns.
736 3697 804 3738 nex.

79 3795 127 3855 De
148 3793 342 3856 successione
362 3793 506 3876 fratrum
533 3805 564 3853 et
593 3813 754 3860 sororum;
783 3791 851 3850 siue
877 3790 1024 3866 illorum,
1057 3793 1116 3876 qui
1140 3793 1181 3858 dc'

358 3877 495 3936 diversis
514 3877 695 3956 parentibus
715 3885 904 3952 generantur

159 3958 226 4036 Qui
252 3960 366 4020 fratres
392 3958 613 4018 tantummodo
642 3965 675 4016 et
697 3977 821 4016 sorores
848 3955 1024 4037 relinquit,
1054 3956 1088 4017 in
1111 3957 1182 4030 eius

80 4039 255 4102 hereditate
280 4043 393 4102 fratres
417 4049 448 4100 et
463 4060 587 4101 sorores
608 4039 786 4120 aequaliter
805 4039 993 4100 succedant:
1028 4039 1055 4100 si
1072 4049 1180 4108 tamen

81 4124 175 4182 nisius
201 4125 298 4205 patris
325 4134 358 4184 et
383 4123 491 4184 matris
514 4121 573 4181 tilii
593 4143 660 4182 esse
688 4120 865 4180 videantur.
907 4122 985 4180 Nam
1010 4124 1037 4180 si
1057 4121 1096 4182 de
1116 4123 1181 4188 alio

82 4215 166 4280 patre
200 4206 253 4269 rel
273 4208 313 4269 de
331 4205 394 4268 alia
413 4214 534 4286 matre,
563 4204 619 4266 alii
644 4223 711 4266 esse
734 4210 928 4284 noscuntur,
959 4205 1182 4288 unusquisque
