2640 4838
263 305 369 372 ssors
385 303 677 362 wruooraoaua
703 305 768 358 ιιι.
787 303 835 363 ιιι.
854 302 926 366 ιιι,
945 305 982 360 ιι.
1102 289 1177 372 627

97 443 163 509 Ill.
204 441 242 504 Si
262 443 401 506 medicus
416 465 477 529 pro
499 443 695 524 aegritudine
716 443 760 506 ad
774 446 932 527 placitum
948 459 1141 531 expectetur.

149 527 183 586 Si
205 526 277 610 quis
298 527 461 589 medicum
481 528 521 588 ad
541 527 696 611 placitum
716 540 774 610 pro
789 527 917 588 infirmo
931 529 1100 612 visitando,
1122 528 1178 599 aut

63 610 199 673 vulnere
217 610 357 670 curando
380 611 580 694 poposcerit:
602 621 638 670 ut
655 609 773 671 viderit
791 611 912 671 vulnus
931 614 1093 691 medicus,
1123 625 1178 680 adt

63 694 196 756 dolores
217 695 398 776 agnoverit,
427 694 533 754 statim
554 694 613 756 sub
634 702 722 756 certo
749 693 868 776 placito
891 695 1039 758 cautione
1063 700 1178 763 emissa

64 777 231 838 infirmum
252 773 412 858 suscipiat.
889 844 892 849 ¹
1006 816 1009 831 .
1056 780 1086 835 fe

64 931 70 950 ι
171 891 230 957 IV.
272 891 311 953 Si
329 892 374 954 ud
391 893 543 976 placitum
562 905 721 979 susceptus
743 895 898 955 moriatur
917 886 1121 975 infirmus&
1150 884 1172 986 ‘J

151 976 183 1038 si
206 975 277 1057 quis
299 975 443 1037 medicus
466 973 629 1035 infirmum
650 976 690 1036 ad
705 975 860 1058 placitum
882 973 1077 1060 susceperit,¹
1101 993 1178 1042 cau'-

66 1058 164 1122 tionis
186 1058 299 1120 emisso
320 1058 451 1120 vinculo
474 1059 636 1118 infirmum
664 1059 811 1119 restituat
839 1059 974 1121 sanitati.
1021 1057 1122 1138 'Certe
1151 1060 1200 1125 *sl*

65 1141 248 1226 periculum
274 1141 444 1284 contifierit
465 1141 593 1220 mortis,
622 1141 804 1202 mercedem
826 1141 935 1224 placiti
957 1143 1087 1225 penitus
1110 1144 1176 1209 noir

65 1226 229 1308 requirat,
253 1246 313 1285 nec
335 1247 357 1284 u
386 1247 403 1284 a
425 1223 500 1284 inde
524 1224 651 1306 utrique
673 1225 755 1308 parti
778 1224 961 1307 calumpnia
982 1238 1171 1314 ιιιοιθιιῐιιι.ι

216 1342 257 1402 V.
300 1339 338 1398 Si
359 1338 398 1398 de
421 1340 518 1400 oculis
539 1338 676 1399 medicus
693 1341 920 1422 hypocbymatu
941 1340 1042 1404 tollat.

151 1421 185 1482 Si
206 1422 278 1504 quis
299 1423 444 1484 medicus
465 1421 665 1505 hypochyma
688 1423 726 1483 de
749 1421 851 1482 oculis
873 1422 1057 1500 abstulerit,
1084 1432 1116 1486 et
1130 1424 1178 1501 ad

65 1505 234 1590 pristinam
265 1505 431 1574 sanitatem
464 1499 652 1586 perduxerit
681 1504 867 1581 infirmum,
899 1505 939 1566 V.
966 1505 1089 1576 solidos
1118 1527 1177 1590 pro.

65 1610 125 1652 suo
146 1586 306 1650 beneficio
329 1597 556 1668 consequatur.

68 1752 73 1758 .
109 1704 165 1768 Vl.
206 1702 244 1763 Si
262 1723 323 1784 per
330 1699 542 1786 flebotomum
562 1705 712 1782 ingenuus
735 1697 785 1760 vel
804 1721 914 1763 seruus
935 1714 1067 1765 mortem
1083 1701 1140 1763 *in-³
1172 1721 1176 1732 ¹

123 1819 126 1825 ·
342 1832 348 1847 .
563 1797 679 1847 currat.
1172 1799 1179 1824 ›

148 1867 181 1929 si
204 1867 275 1950 quis
297 1867 442 1928 medicus
466 1867 540 1927 dum
561 1866 768 1928 flebotomum
790 1877 930 1945 exercet,
952 1876 984 1928 et
1000 1867 1181 1950 ingenuum.

66 1949 291 2028 debilitaverit,
315 1951 375 2011 CL.
392 1949 512 2011 solidos
535 1957 663 2010 coactus
687 1951 840 2012 exsolvat.
881 1949 915 2009 Si
935 1971 1012 2011 vero
1034 1957 1177 2032 mortuus

65 2035 182 2110 fuerit,
215 2032 370 2093 continuo
421 2033 586 2116 ropinquis
616 2035 791 2096 tradendus
813 2041 878 2109 est,
909 2043 944 2092 ut
966 2034 1054 2114 quod
1074 2033 1114 2094 de
1130 2035 1178 2094 'ed

65 2117 172 2177 facere
194 2115 373 2195 voluerint,
430 2118 544 2176 abeant
564 2124 762 2198 potestatem.
815 2115 945 2176 Silvero
969 2137 1095 2178 servum
1119 2115 1179 2178 de-

66 2199 240 2262 bilitaverit
260 2207 314 2260 aut
335 2199 509 2280 occiderit,
530 2198 718 2260 huiusmodi
739 2219 866 2261 servum
885 2194 1044 2262 restituati
1057 2194 1076 2244 ι(
1106 2193 1180 2252 ,illl

486 2346 563 2411 Vll.
604 2368 753 2424 surmus.

225 2535 227 2539 ,
418 2461 468 2523 De
489 2450 632 2524 mercede
654 2461 815 2543 discipuli.
983 2447 996 2508 l

150 2545 184 2607 si
206 2544 278 2629 quis
310 2543 454 2605 medicus
482 2546 640 2606 famulum
662 2545 695 2605 in
719 2544 864 2606 doctrina
885 2546 1082 2629 susceperit,
1117 2566 1177 2630 1³¹⁰..

66 2628 228 2693 beneficio
251 2650 309 2690 suo
331 2627 503 2689 duodecim
525 2627 645 2690 solidos
667 2636 890 2711 consequatur.
1020 2629 1031 2656 ²
1065 2612 1109 2664 '²“·-
1168 2640 1177 2662 ι

484 2777 572 2842 Vlll.
606 2797 754 2854 sarmul.

103 2891 107 2897 ’
217 2893 266 2953 Ne
286 2890 480 2954 indiscussus
501 2890 640 2954 medicus
660 2892 820 2955 custodiae
843 2893 1034 2984 deputetur„
1087 2964 1089 2973 Ι
1151 2959 1180 2988 m

148 2975 265 3036 Nullus
286 2975 449 3036 medicum
471 2974 667 3051 inauditum,
702 2986 836 3059 excepta
866 2973 1036 3047 homicidii
1056 2977 1178 3055 caussa,
1209 3039 1217 3062 ι
1243 3045 1259 3058 .„

68 3060 103 3120 in
126 3057 303 3119 custodiam
324 3059 477 3120 retrudat.
526 3061 589 3122 Pro
623 3057 729 3120 debito
760 3069 868 3122 tamen
900 3062 958 3122 sub
991 3057 1176 3139 fideiussore
1255 3065 1257 3070 ’

68 3143 162 3205 debet
184 3141 369 3202 consistere.
1118 3140 1121 3147 “
1160 3145 1161 3148 ’

187 3326 278 3398 Trr.
304 3323 353 3396 II.
403 3325 469 3394 De.
487 3323 738 3418 inquietudine
762 3325 1054 3418 sepulchrorum.
1088 3359 1093 3369 ·

317 3489 343 3549 1.
385 3487 436 3548 De
455 3486 666 3548 uiolatoribus
688 3487 936 3568 sepulchrorum.
970 3549 971 3555 ,
1066 3536 1068 3552 ,

150 3570 184 3631 Si
207 3569 279 3654 quis
300 3569 465 3654 sepulchri
484 3568 622 3629 violator
642 3567 800 3646 extiterit,
821 3579 876 3628 aut
897 3581 1059 3649 mortuum
1080 3592 1179 3656 expo-

66 3653 210 3731 liaverit,
249 3665 281 3715 et
308 3653 338 3713 ei
359 3662 413 3712 aut
435 3660 622 3712 ornamenta
643 3662 696 3712 aut
717 3651 904 3712 vestimenta
930 3644 1115 3732 abstulerit:
1150 3654 1179 3716 si

66 3736 152 3797 liber
184 3735 247 3797 hoc
277 3736 411 3810 lecerit,
445 3734 557 3795 libram
589 3734 657 3794 auri
689 3741 818 3796 coactus
840 3735 983 3798 exsolvat
1002 3735 1177 3800 heredibus

66 3818 196 3894 mortui,
222 3828 253 3879 et
275 3818 510 3900 quae'abstulit
532 3818 653 3878 reddat.
697 3817 794 3896 Quod
815 3817 841 3877 si
862 3817 998 3881 heredes
1021 3840 1087 3880 non
1105 3809 1180 3881 'faless

65 3900 149 3978 rint,
172 3902 250 3962 fisco
274 3910 383 3962 nostro
407 3910 540 3983 cogatur
561 3900 697 3962 inferre:
730 3909 762 3960 et
781 3910 944 3982 praeterea
967 3909 1097 3964 centum
1119 3901 1179 3981 lid-³

66 3984 154 4066 gella
176 3985 333 4068 suscipiat.
354 3985 495 4046 'Servus
516 4005 608 4060 vero,
640 3983 667 4044 si
688 3983 752 4044 hoc
775 3983 878 4045 scelus
900 3984 1082 4062 admiserit,
1115 3984 1180 4050 du!

69 4076 163 4127 centa
184 4066 311 4151 flagella
332 4067 503 4150 suscipiat,
528 4077 559 4129 et
580 4067 713 4150 insuper
733 4065 869 4127 flammis
883 4068 1074 4158 ,ardentibup
1094 4065 1177 4133 ead*

67 4161 173 4292 mulir:
213 4151 424 4214 nihilominus
456 4149 590 4214 redditis
623 4149 767 4229 cunctis,
808 4154 890 4240 quae
919 4164 1019 4266 {salsus¹
1039 4147 1178 4247 eel‘pb'-

66 4241 205 4294 eluisse.
357 4245 360 4252 “
738 4253 747 4266 ’
946 4237 1005 4277 ““·“·’“
1159 4232 1184 4268 ‘³³
