2632 4822
41 223 115 300 836
218 172 231 207 ⁹
464 235 574 292 secas
594 237 786 292 usrusrnr

43 389 83 450 de
106 383 355 468 quibuscunque
376 373 471 436 rebus
502 377 764 438 convenientiam
793 373 924 451 fecerit,
957 385 992 438 et
1020 375 1168 459 poenam

43 471 129 530 inter
156 487 189 528 se
218 484 291 546 pars
318 457 400 542 parti
432 458 639 542 obligaverit,
678 470 710 521 et
740 459 880 521 heredes
903 467 934 519 et
954 459 1168 522 successores

42 573 116 614 suos
134 544 334 630 colligaverit
346 552 392 622 g),
414 549 448 601 et
463 541 572 602 idonei
590 541 738 605 homines
760 541 979 619 interfuerint,
998 564 1068 602 non
1091 563 1170 624 pos-

43 636 85 696 sit
105 639 217 715 postea
238 630 277 689 ab
299 647 411 688 eorum
432 625 671 688 successoribus
699 625 881 704 removeri,
913 625 1001 686 sicut
1028 645 1094 684 nec
1116 646 1169 684 re-

43 723 190 777 movetur
210 711 249 772 ab
270 711 385 771 ecdem
405 707 631 790 Langobard03
666 717 804 792 excepto
826 707 850 770 si
873 729 1016 791 poenam
1039 707 1170 788 obliga·
1195 715 1199 722 “

43 808 108 860 tum
129 813 325 877 componere
345 790 518 857 voluerint.
559 790 593 850 Si
613 812 690 854 vero
712 792 1001 854 commutationem
1023 789 1170 850 fecerint

46 883 86 941 de
116 878 215 954 casiS,
250 875 363 953 terris,
396 871 450 934 vel
470 870 620 952 familiis,
655 883 687 936 et
708 875 891 936 interfuerit
912 874 1034 934 Missus
1057 872 1167 955 Regis,

44 963 95 1022 vel
118 959 303 1035 Pontificis,
325 978 382 1021 seu
404 953 543 1033 Iudicis,
565 966 619 1018 aut
637 959 719 1020 tales
738 958 888 1030 homines
908 967 999 1031 tres,
1023 977 1169 1038 quorum

44 1046 123 1106 tides
153 1041 355 1117 admittatur,
397 1047 429 1099 et
455 1057 506 1099 res
534 1038 603 1102 eius
635 1041 802 1102 meliorata
836 1039 1041 1123 apparuerit,
1086 1047 1167 1098 tuuc

44 1127 175 1209 quando
197 1125 264 1206 ipsa
299 1122 504 1184 commutatio
525 1123 608 1183 facta
639 1125 756 1200 suerit,
790 1145 886 1206 quam
913 1143 987 1205 pars
1016 1120 1167 1202 religiosi
1228 1181 1229 1184 ,

45 1210 110 1270 loci
132 1206 289 1289 suscepit,
312 1205 405 1264 nullo
425 1213 568 1286 tempore
590 1215 701 1287 postea
722 1207 761 1266 ab
782 1227 897 1268 eorum
918 1203 1167 1266 successoribus

45 1299 264 1357 removeatur‚·
293 1287 349 1349 sed
380 1307 508 1382 semper
536 1289 741 1352 commutatio
762 1289 829 1372 ipsa
850 1291 943 1349 firma
964 1297 1165 1370 permaneat,

46 1385 80 1437 et
101 1374 127 1434 si
148 1391 314 1434 removere
335 1369 491 1448 voluerit,
511 1391 651 1453 poenam
672 1371 757 1434 inter
776 1393 809 1435 se
830 1371 1007 1455 obligatam
1030 1391 1164 1452 compo-

46 1467 110 1518 nat.
170 1456 231 1516 IlI.
257 1474 302 1518 10.
328 1473 353 1512 r.

115 1556 194 1591 roan.
229 1538 309 1590 Petre
332 1542 362 1587 te
387 1534 509 1606 appellat
533 1535 687 1599 Martinus,
718 1537 795 1607 quod
814 1546 846 1590 ιιι
869 1545 949 1589 tenes
967 1543 1072 1590 terram
1094 1534 1165 1586 malo

46 1607 143 1661 ordine
158 1609 188 1659 iu
206 1606 256 1659 teli
276 1607 340 1660 ioco
371 1607 407 1658 ad
429 1616 533 1676 partem
549 1606 686 1677 Episcopii
714 1607 809 1661 Sancti
834 1607 909 1674 Syri,
937 1605 1015 1658 unde
1041 1605 1102 1675 ipse
1126 1613 1165 1656 est

46 1679 213 1734 Advocatus.
249 1676 311 1747 lpse
333 1683 405 1728 terra
427 1676 494 1728 mihi
521 1693 650 1730 concessa
683 1688 724 1732 est
750 1696 799 1750 per
818 1676 955 1730 libellum.
999 1676 1101 1728 Falsus
1125 1681 1165 1725 est

45 1751 103 1820 ipse
121 1749 241 1800 libellus.
279 1746 307 1799 Si
325 1745 432 1798 dixerit.
470 1747 498 1798 si
516 1747 615 1800 dixerit
631 1747 803 1812 Advocatum
835 1757 867 1799 tu
884 1744 1052 1797 subtraxisti
1070 1755 1100 1797 te
1117 1745 1164 1794 ad-

45 1819 177 1888 implere,
202 1816 275 1868 sicut
294 1816 348 1867 Lex
368 1816 397 1866 in
415 1815 530 1883 libello;
559 1827 606 1870 aut
648 1817 744 1882 rubet,
770 1827 817 1870 aut
834 1815 881 1869 det
899 1832 1030 1886 poenam.
1070 1813 1163 1880 Sidi·
1258 1856 1259 1867 ,

46 1889 130 1940 xerit:
162 1903 221 1937 mea
238 1886 344 1956 propria
362 1894 404 1938 est
427 1903 476 1955 per
494 1903 600 1938 commu
632 1888 752 1940 tionem:
788 1897 856 1940 tunc
873 1885 1035 1938 Advocatus
1054 1883 1161 1955 probet,

46 1959 122 2030 quod
139 1957 262 2010 Ecclesia
280 1957 388 2025 accepit
404 1957 554 2025 peioratam
571 1976 646 2020 rem,
668 1968 716 2011 aut
736 1957 810 2011 dicat
827 1957 950 2010 chartam
969 1955 1078 2010 falsam.

131 2028 220 2091 VllI.
272 2025 420 2086 Relatum
454 2036 503 2087 est
532 2028 645 2105 nobis,
679 2027 769 2110 quod
799 2047 900 2108 usque
931 2045 1022 2084 nunc
1048 2023 1163 2084 fuisset

1 2111 119 2211 ΧιιιΙῐε
142 2107 361 2184 consuetudo,
385 2116 421 2168 ut
441 2111 649 2189 Monasteria,
670 2112 722 2171 vel
743 2108 973 2183 Xenodochia,
996 2128 1057 2167 seu
1078 2109 1162 2166 Loca

43 2191 260 2266 vcngfflibilia,
295 2211 377 2270 quae
412 2189 445 2249 in
479 2193 670 2254 defensione
700 2193 782 2254 sacri
812 2190 913 2253 nostri
944 2188 1065 2251 Palatii
1092 2206 1160 2254 csse

47 2285 242 2352 noscuntur,
267 2273 544 2354 ,compositionem
578 2273 742 2357 duplicem
762 2275 934 2357 exigebant
955 2274 995 2333 ab
1015 2268 1162 2332 homini-

45 2359 122 2432 bus,
146 2358 203 2440 qui
221 2356 261 2416 ad
277 2356 344 2438 ipsa
359 2357 554 2418 venerabilia
568 2359 653 2418 loca
676 2379 869 2440 componere
895 2356 1056 2430 debeant,
1079 2353 1177 2412 sicut‘

46 2440 156 2500 Curtis
183 2438 281 2521 Regia
309 2439 437 2521 exigere
466 2440 602 2500 videtur.
635 2443 747 2508 .Nunc
771 2450 879 2500 autem
906 2437 1097 2513 statuimus,
1128 2440 1164 2492 ut

44 2517 255 2596 lilonasteria,
277 2521 432 2582 Basilicas
453 2524 505 2582 vel
526 2520 758 2600 Xenodoclria,
781 2543 861 2605 quae
883 2522 941 2582 sub
963 2518 1085 2581 Palatii
1105 2517 1165 2577 de-

44 2603 192 2664 fensione
215 2623 283 2663 esse
306 2604 466 2683 videntur,
489 2606 754 2687 compositionem
775 2606 904 2686 exigere
926 2603 954 2663 si
977 2599 1162 2673 debuerint,

45 2708 111 2745 non
134 2686 265 2766 exigant
287 2685 437 2766 duplum,
470 2688 553 2749 sicut
575 2688 613 2748 de
635 2711 746 2750 caussa
766 2689 880 2770 Regis,
909 2685 967 2746 sed
990 2685 1080 2746 sicut
1103 2681 1163 2741 alia

43 2767 239 2831 venerabilia
260 2769 363 2844 Loca,
385 2791 467 2848 quae
489 2770 528 2830 ad
549 2771 707 2832 Palatium
729 2792 795 2830 uon
817 2768 993 2853 pertinent.
1040 2767 1070 2830 l.
1091 2789 1119 2826 2.
1133 2791 1164 2851 9.

127 2852 181 2913 lx.
224 2849 257 2910 Si
280 2849 352 2931 quis
376 2851 602 2933 Langobardus
621 2853 888 2936 qualemcumque
908 2871 979 2910 rem
1000 2853 1160 2945 possede-

43 2936 87 2997 rit
107 2955 166 3018 per
187 2933 290 2994 XXX.
311 2953 432 3008 annos,
452 2943 487 2994 et
505 2936 661 2997 Custodes
681 2939 841 2998 Locorum
862 2934 1103 2994 venerabilium
1120 2935 1159 2994 de

43 3020 119 3102 ipsis
140 3019 237 3078 rebus
259 3036 335 3075 eum
364 3015 620 3094 molestaverint,
653 3027 687 3079 et
711 3019 777 3101 ipse
803 3017 1043 3101 possessionem
1070 3039 1160 3078 suam

43 3123 102 3185 per
123 3103 215 3161 XXX.
238 3119 340 3159 annos
372 3098 623 3178 consignaverit,
655 3110 687 3161 et
713 3101 782 3162 eius
808 3099 959 3160 claruerit
983 3099 1158 3180 possessio,

42 3184 204 3267 possideat
225 3191 257 3243 et
278 3182 419 3241 inantea.
461 3180 620 3242 Similiter
645 3194 678 3245 et
697 3182 893 3245 venerabilia
915 3183 1002 3241 Loca
1023 3182 1157 3254 faciant,
1213 3207 1215 3212 ’

43 3269 83 3329 de
104 3267 200 3327 rebus
222 3286 302 3346 quas
323 3264 391 3345 ipsa
411 3264 594 3346 possident,
616 3263 642 3326 si
664 3289 680 3325 a
701 3264 919 3349 Longobardis
939 3264 1066 3324 fuerint
1086 3267 1159 3346 pul-

43 3360 117 3411 sata.
159 3348 243 3426 Quia
264 3347 406 3408 anterius
426 3347 577 3408 Edictum
598 3349 745 3410 continet
765 3351 803 3411 de
827 3348 974 3430 quinque
995 3367 1159 3408 annorum

42 3432 261 3514 possessione;
293 3437 328 3488 ut
357 3429 414 3510 qui
443 3430 621 3511 possederit
641 3453 700 3514 per
721 3431 863 3512 quinque
886 3451 990 3490 annos
1013 3429 1157 3511 quietus,

42 3517 77 3575 in
99 3515 181 3575 facie
204 3513 291 3590 eius,
315 3512 371 3593 qui
392 3512 584 3593 pulsaverit,
619 3535 685 3596 ipse
708 3515 886 3575 seeundum
908 3511 1016 3594 legem
1038 3512 1158 3574 defen·
1257 3541 1265 3553 =

43 3599 96 3658 dat
111 3619 154 3663 se.
195 3598 237 3658 Et
251 3595 323 3656 loca
337 3594 532 3657 venerabilia
545 3594 629 3656 inter
646 3619 677 3658 se
700 3597 738 3658 de
760 3597 855 3658 rebus
877 3594 1078 3676 quibuslibet
1098 3617 1159 3676 per
1263 3602 1266 3641 ἶ

41 3684 103 3742 XL.
125 3700 283 3741 annorum
303 3679 536 3760 possessionem
557 3680 779 3742 excludantur.
823 3677 903 3739 ldeo
925 3677 1047 3736 iustum
1070 3677 1157 3738 dixi-

42 3785 134 3906 2ηηῖἰέ
165 3761 383 3906 uthui35pe1rI
400 3762 491 3822 XXX.
518 3781 620 3823 annos
648 3761 844 3845 possederit,
878 3759 1041 3854 possideat
1063 3771 1097 3822 et
1119 3761 1155 3821 in

109 3946 187 3980 rona.
224 3927 302 3978 Patre
329 3935 357 3978 te
384 3927 504 3996 appellat
530 3926 676 3987 Martinus,
707 3924 781 3996 quod
799 3932 830 3976 tu
853 3932 930 3977 tenes
951 3933 1051 3978 terram
1079 3929 1154 3980 malo
1257 3918 1262 3937 ¹

41 3997 135 4052 ordine
153 4001 180 4050 in
199 3998 249 4050 tuli
268 3999 329 4050 loco
350 3995 383 4048 sd
402 4006 504 4066 partem
524 3995 681 4050 Monasterii
708 3993 801 4049 Sancti
818 3995 909 4057 Petri,
938 3996 1015 4049 unde
1032 3997 1093 4067 ipse
1114 4008 1157 4052 est

41 4137 406 4152 m*-

109 4206 140 4277 ς)
156 4208 196 4260 Al.
215 4205 300 4260 Codd.
319 4216 347 4260 et
359 4207 470 4260 Herold.
489 4207 661 4276 obligaverit.
