2684 4868
298 251 403 309 mors
422 251 800 312 u1s1oomonuua1a.
820 255 870 312 v1.
888 253 960 310 nr.
980 252 1028 343 ιι.Δ
1128 235 1202 314 354

84 401 180 458 eant:
209 391 398 477 ubicunque
420 415 439 456 a
465 392 574 455 indice
592 389 646 455 vel
669 403 798 472 actore,
831 393 881 454 vel
905 405 1115 476 procuratore
1139 399 1203 462 loci

82 474 208 560 reperti
230 478 354 540 fuerint
375 477 430 538 rel
450 476 587 552 detecti,
611 475 803 542 ducentenis
828 475 965 558 flagellis
986 477 1114 558 publice
1133 507 1204 544 ver·

83 562 260 637 berentur,
293 568 325 620 et
341 558 501 622 decalvati
523 559 714 622 deformiter
731 562 844 624 decem
868 559 1056 622 convicinae
1077 561 1221 644 posses-¹

11 671 14 682 ·
83 645 195 708 aiones
221 642 361 706 circuire
390 651 547 726 cogantur
572 641 684 722 inviti,
715 653 752 704 ut
781 665 894 706 eorum
923 643 978 701 alii
1000 648 1204 728 corrigantur

83 725 257 811 exemplis.
306 725 396 802 Quos
419 734 526 786 tamen
549 723 666 798 iudex,
706 748 746 788 ne
766 726 903 788 ulterius
932 737 1103 810 evagantes
1124 733 1202 792 talia

81 812 194 873 facere
215 807 461 892 permittantur,
482 809 586 868 autin
603 809 786 871 retrusione
808 810 905 870 faciat
922 829 1006 886 esse,
1031 822 1066 871 ut
1088 812 1132 872 ibi
1153 838 1203 877 au-

83 902 180 975 cepta
196 901 307 971 veste,
339 890 627 973 atquesubstantia
652 892 697 953 ita
716 893 842 968 vivant,
875 913 916 952 ne
936 891 1122 956 viventibus
1144 919 1201 957 no·

82 975 185 1040 cendi
212 975 337 1036 aditum
361 972 519 1035 habeant:
548 982 603 1034 aut
627 973 734 1056 regiae
764 973 965 1057 praesentiae
995 975 1131 1060 dirigat,
1166 990 1228 1042 ut¹

83 1057 176 1143 qnod
195 1058 234 1119 de
260 1057 327 1119 illis
345 1056 407 1118 sibi
425 1055 713 1139 placitumyfuerit,
734 1059 904 1120 evidenter
919 1065 1045 1120 statuat.
1088 1062 1128 1120 Hi
1147 1086 1203 1124 au-

81 1152 152 1204 tem
171 1139 231 1224 qni
246 1139 327 1202 tales
354 1139 555 1201 consuluisse
577 1139 805 1224 reperiuntur,
834 1140 868 1200 in
897 1141 1008 1223 populi
1037 1157 1202 1207 conventu

83 1225 304 1286 ducentorum
331 1221 415 1284 ictus
442 1222 603 1305 accipiant
630 1221 849 1306 flagellorum:
891 1231 927 1282 ut
951 1223 1104 1309 impuniti
1133 1251 1200 1290 non

82 1313 293 1386 remaneant,
314 1326 396 1390 qnos
416 1305 531 1390 culpae
552 1303 665 1369 similis
681 1315 789 1370 reatus
807 1313 943 1372 accusat.

373 1451 432 1520 lv.
486 1475 549 1517 ras.
591 1476 657 1518 aas.
700 1475 786 1519 cuns.
826 1473 896 1520 arx.

83 1573 136 1636 De
154 1574 206 1635 lais
224 1574 281 1658 qui
299 1574 334 1633 in
354 1568 553 1649 bominibus,
586 1582 641 1632 aut
662 1563 868 1648 animalibus,
898 1568 947 1630 vei
968 1570 1201 1661 quibuscunque

116 1658 210 1725 rebus
231 1656 459 1740 qualiacunque
479 1653 664 1734 ligamenta,
685 1666 739 1714 aut
758 1651 966 1736 quodcunque
987 1660 1182 1721 contrarium

452 1737 677 1820 repperiuntur
687 1733 818 1818 secisse.
1051 1746 1066 1764 ⁹
1202 1739 1207 1748 '

167 1852 352 1918 Praesentis
376 1851 457 1938 legis
476 1850 635 1935 superiori
657 1851 819 1912 sententia
843 1851 1008 1936 dampnari
1041 1853 1201 1934 iubemus,

84 1958 146 2002 seu
167 1937 329 2021 ingenuus
350 1936 392 1999 sit
410 1956 468 1998 seu
489 1957 600 1997 servus
621 1935 790 2017 utriusque
812 1957 925 2013 sexus,
959 1936 1017 2017 qui
1040 1935 1073 1996 in
1097 1939 1203 1998 homi·-
1305 1977 1307 1982 ,

85 2022 181 2083 nibus
199 2020 257 2082 rel
275 2019 379 2082 brutis
403 2017 615 2093 animalibus,
646 2018 800 2100 omnique
824 2039 942 2099 genere
971 2019 1059 2099 quod
1083 2022 1203 2084 mobile

86 2126 154 2166 esse
176 2112 283 2185 potest
311 2125 369 2165 seu
398 2102 432 2162 in
455 2101 539 2186 agris
561 2101 613 2160 rel
639 2100 762 2178 vineis,
794 2099 996 2182 diversisque
1023 2101 1202 2182 arboribus,

84 2187 300 2265 maleficium,
322 2193 379 2246 aut
397 2185 523 2247 diversa
544 2183 733 2265 ligamenta,
754 2183 923 2244 autetiam
940 2183 1106 2268 scriptain
1128 2209 1205 2251 con-

83 2266 284 2338 trarietatem
301 2269 435 2330 alterius
452 2264 686 2350 ex'cogitaverit
702 2267 825 2340 lacere,
848 2273 903 2326 aut
924 2265 1122 2348 expleverit,
1144 2290 1205 2352 per

85 2353 176 2435 quod
194 2352 293 2412 alium
317 2351 446 2418 laedere
468 2349 521 2411 vei
546 2347 754 2424 mortificare,
787 2358 843 2409 aut
861 2348 1082 2411 obmutescere
1109 2351 1203 2428 ve‘lit,

86 2446 123 2497 ut
144 2436 318 2517 dampnum
340 2443 405 2494 tam
434 2432 467 2492 in
491 2431 700 2516 corporibus,
734 2451 832 2512 quana
854 2431 951 2492 etiam
979 2430 1014 2491 in
1044 2433 1204 2498 universis

83 2519 183 2582 rebus
203 2518 239 2579 ,id
260 2518 444 2602 patiantur,
466 2515 555 2598 qnod
578 2513 624 2577 eis
644 2512 760 2576 iecisse
781 2514 1001 2598 reperiuntur.
1185 2521 1188 2528 '

107 2629 152 2698 V.
192 2634 240 2712 De
258 2632 405 2717 personis
426 2631 586 2704 iudicum,
615 2634 684 2692 siue
706 2633 800 2692 etiam
821 2646 1015 2708 ceterorum,
1049 2631 1105 2715 qui
1125 2633 1189 2693 uut'

259 2716 383 2777 divinos
404 2715 592 2786 consulunt,
616 2727 671 2776 aut
690 2716 829 2793 auguriis
849 2715 1027 2776 intendunt.

172 2795 262 2860 Sicut
283 2798 335 2879 pia
361 2798 476 2859 veritas
501 2796 662 2874 mendacii
683 2796 860 2858 assertione
884 2819 951 2858 nnn
983 2796 1128 2879 eapiturs
1160 2794 1205 2856 ita

87 2889 220 2943 nonest
241 2901 444 2962 consequeus
466 2890 503 2942 ut
523 2881 626 2941 latens
639 2879 765 2942 ‚veritas
782 2879 957 2945 ,mendacio
978 2879 1204 2962 investigetur.

87 2963 204 3026 Omnis
225 2963 325 3046 igitur
345 2961 463 3024 veritas
486 2983 526 3024 ex
546 2963 617 3022 Deo
640 2969 706 3043 est,
736 2961 942 3024 mendacium
962 2982 1042 3022 vero
1073 2981 1113 3021 ea
1135 2961 1207 3022 dia-

86 3047 163 3108 bolo
187 3056 251 3108 esta
274 3045 351 3129 quia
372 3056 405 3108 et
426 3045 494 3129 ipse
517 3044 664 3107 diabolus
685 3044 724 3105 ab
744 3044 840 3106 initio
861 3044 1001 3106 mendax
1021 3053 1077 3109 est.
1122 3045 1206 3104 Cum

88 3151 164 3226 ergo
186 3138 324 3211 utraque
344 3150 397 3190 res
417 3149 493 3191 suos
512 3127 680 3213 Principes
700 3127 836 3206 habeat,
869 3127 1053 3222 quidtopus
1075 3135 1138 3209 est,
1170 3133 1231 3186 ut·
1306 3159 1308 3166 ·

87 3222 205 3274 veritas
227 3213 451 3294 cuiuscunque
474 3210 642 3275 mendacio
666 3210 853 3273 admittatur
874 3211 1022 3293 exqunu?
1064 3207 1207 3288 Quidam

88 3293 177 3355 enim
196 3317 238 3356 ex
257 3295 420 3356 iudicibus
440 3293 592 3373 feruntur
612 3292 673 3354 Dei
695 3293 810 3377 spiritu
832 3292 942 3370 vacui,
966 3292 1024 3376 qui
1046 3303 1115 3352 acta
1138 3313 1206 3354 ma-

86 3377 270 3439 leficiorum
292 3376 369 3440 dum
391 3375 583 3458 investigare
606 3375 718 3437 subtili
739 3374 984 3459 perquisitionis
1009 3374 1207 3458 perspicacia

87 3468 276 3543 nequeunt,
299 3459 496 3522 execrabiles
513 3457 700 3520 divinorum
717 3458 998 3541 pronuntiationes
1021 3458 1206 3521 intendunt.

88 3541 270 3604 Veritatem
297 3543 451 3608 enimse
478 3541 628 3603 invenire
658 3563 725 3602 non
753 3550 884 3623 putant,
926 3541 989 3601 nisi
1013 3541 1140 3600 divinos
1174 3551 1207 3601 et

89 3627 278 3708 auruspices
294 3624 484 3688 consuiant:
506 3634 538 3684 et
551 3645 590 3685 eo
609 3623 671 3683 sibi
691 3624 905 3705 reperiendae
921 3624 1063 3684 veritatis
1084 3625 1206 3698 aditura

89 3708 265 3788 claudunt,
305 3730 373 3791 qno
401 3707 569 3769 veritatem
600 3707 701 3790 ipsam
725 3725 785 3788 per
808 3706 1012 3766 mendacium
1040 3706 1206 3767 addiscere

89 3793 338 3876 concupiscunt.
388 3793 475 3854 Dum
504 3790 592 3850 enim
620 3788 779 3849 maleficia
799 3810 858 3872 per
878 3788 1095 3852 divinationes
1117 3810 1207 3850 com-

89 3873 227 3955 probare
254 3882 460 3958 pertentant,
490 3871 581 3956 quasi
603 3872 698 3933 tertio
719 3873 793 3936 loco
816 3870 876 3955 ipsi
897 3893 930 3933 se
953 3871 1081 3932 diabolo
1102 3872 1211 3932 servi-⁸

89 3963 179 4018 turos
201 3958 390 4040 illaqueant.
457 3959 663 4037 Quapropter
684 3953 712 4018 si
734 3952 806 4034 quis
828 3975 869 4014 ex
890 3953 1040 4035 quolibet
1061 3954 1206 4014 indicum

90 4040 193 4120 gradu
222 4040 274 4103 rel
305 4040 442 4117 ordine,
475 4059 535 4123 per
560 4037 689 4100 divinos
713 4045 767 4097 aut
796 4058 908 4098 eorum
936 4036 1057 4097 similes
1079 4037 1204 4117 aliquid.

89 4122 254 4184 sciscitare
276 4123 468 4202 tentaverit,
490 4118 543 4182 vel
562 4120 738 4202 approbare
754 4117 948 4180 intenderit:
970 4119 996 4182 si
1017 4120 1091 4201 quis
1108 4120 1204 4180 etiarn

89 4202 280 4286 bominum,
301 4203 537 4290 cuiauihetsit
557 4199 754 4268 ordinis.vel
774 4198 953 4288 personae,
974 4203 1032 4286 qui
1050 4225 1068 4262 a
1083 4202 1214 4287 talibus,
