2632 4822
434 223 599 276 snrcruu
623 220 800 275 nernsnrs
1105 205 1177 282 735
1205 196 1211 200 ’

42 375 134 449 'post
172 362 269 426 talem
290 360 514 446 fatigationem
542 383 617 422 eum
640 359 787 445 recipere
815 359 848 423 in
873 360 991 445 gratia,
1024 362 1088 427 nisi
1109 385 1180 430 ‘ro-

60 448 173 511 luerit.
200 457 202 466 '
260 447 284 512 l.
309 447 358 511 25.
379 465 428 509 22.
535 453 539 458 '

132 549 212 584 roan.
249 531 328 582 Petre
343 539 374 582 te
393 527 515 598 appellat
533 527 688 590 Iulianum,
709 525 785 599 qnod
802 526 928 577 Donatus
946 539 1010 576 suus
1027 543 1118 580 servus
1132 547 1180 584 va-

58 601 177 669 gabatnr
193 603 269 653 intra
291 599 479 668 provinciam,
509 608 537 651 et
561 600 620 668 ipse
645 614 709 649 enm
734 598 857 658 invenit,
889 605 919 647 et
941 613 1031 648 sennis
1055 595 1124 663 fugit
1150 601 1180 651 in

58 683 166 727 cortem
183 683 270 734 tuam,
283 680 310 723 et
329 671 386 738 lpse
405 687 468 722 eum
481 669 669 738 apprehendit,
690 676 717 720 et
730 677 760 719 tu
779 667 870 718 tulisti
887 683 950 718 euru
968 667 1019 719 sibi
1039 668 1073 724 de
1087 673 1179 723 manu.

132 743 211 794 Petro
229 752 257 792 te
278 755 310 808 ap
332 742 399 793 ellat
416 739 569 801 illut-'tinum
590 738 665 810 quod
691 746 723 790 tu
748 736 839 790 fecisti
865 735 1026 790 scandalum
1050 739 1082 790 iu
1105 749 1181 792 rorte

62 831 119 866 sua.
156 757 331 884 Apprelrendi
350 827 457 870 servum
475 827 567 862 meum
584 807 614 860 in
633 817 708 860 corte
725 815 795 876 tua3
816 807 865 860 sed
881 806 903 858 si
921 807 1001 860 aliud
1019 799 1180 865 scandalum
1286 835 1289 847 =

58 883 134 936 dicit
150 885 202 933 nae'
212 879 319 941 secisse,
338 879 441 932 iniuste
457 897 501 932 rae
520 878 655 950 appellis
1081 900 1083 908 ¹

62 963 63 966 ’
149 951 352 1032 cctxxlx.
394 950 522 1033 Siquis
553 947 750 1030 mancipium
773 945 1008 1030 sugax'incasa
1025 971 1082 1010 sua
1105 971 1180 1010 nes-

61 1035 172 1098 ciente
197 1031 338 1092 Domino
360 1051 458 1116 super
473 1048 599 1098 ‘novem
621 1041 737 1093 ‘noctes
756 1029 925 1108 habuerit,
947 1039 982 1091 et
1007 1032 1182 1118 contigerit

62 1121 170 1200 ipsum
194 1115 393 1198 mancipium
415 1113 542 1198 aliquid
569 1114 646 1174 mali
673 1124 880 1198 perpetrare,
908 1122 966 1174 eut
991 1115 1095 1193 mori,
1125 1124 1182 1176 aut

54 1203 225 1276 aberrare,
249 1198 307 1258 ille
334 1198 392 1280 qui
417 1197 452 1258 id
474 1196 652 1280 susceperit
672 1206 706 1259 et
731 1195 904 1274 celaverit,
937 1205 991 1258 aut
1018 1219 1181 1258 annonam

64 1283 201 1358 dederit,
223 1291 256 1342 et
277 1282 434 1342 mandare
458 1280 657 1361 neglexerit,
685 1281 800 1342 reddat
826 1279 932 1362 ipsum
964 1281 1181 1364 mancipium,
1290 1329 1292 1334 ,

62 1376 122 1427 ¹ent
140 1365 282 1447 pretinm
309 1364 379 1426 eius
401 1365 532 1427 domino
552 1363 643 1442 eins,
673 1370 705 1424 et
731 1361 905 1440 daturum,
940 1361 1181 1448 quodfeeerit,

65 1449 133 1533 ipse
156 1469 226 1530 com
252 1469 340 1525 ona,
361 1445 421 1529 qui
447 1447 481 1508 id
505 1446 590 1528 apud
611 1467 644 1508 se
666 1444 825 1512 habuerit.
910 1447 934 1508 l.
956 1447 1005 1518 25,
1023 1449 1074 1512 23.

150 1471 339 1596 cctitxx.
379 1529 416 1590 Si
430 1529 573 1593 alienum
593 1529 791 1610 mancipium
805 1540 878 1612 post
894 1530 995 1589 alium
1015 1528 1187 1592 hominem·

61 1612 256 1698 coniugium
276 1612 409 1689 feeenit,
440 1612 474 1673 irl
502 1621 550 1672 eet
578 1610 613 1671 in
644 1613 755 1692 faida,
786 1633 862 1675 mox
889 1613 1020 1674 mandet
1040 1613 1203 1674 Domino*

65 1697 166 1782 ipsius
187 1690 401 1780 quamcitius
423 1692 562 1777 pote-rit,
585 1703 639 1754 ant
663 1717 722 1778 per
746 1695 921 1791 scriptam,
949 1705 1004 1759 aut
1028 1718 1087 1780 prr
1109 1717 1183 1768 eer-

63 1790 134 1841 tum
157 1777 330 1863 liominerp',
351 1777 513 1875 quatenus
533 1776 617 1839 idio
637 1777 738 1860 gratia
753 1773 898 1859 recipiat.
933 1774 976 1842 Et
990 1769 1015 1839 si
1039 1773 1184 1860 noluerit

65 1863 100 1923 id
115 1858 273 1944 recipere,
290 1868 322 1922 et
339 1861 531 1938 dilataverit,
554 1869 586 1921 et
601 1861 775 1943 contigerit
795 1862 829 1923 id
843 1861 923 1925 alibi
945 1859 1189 1946 transmigrare,
1213 1875 1215 1878 '

64 1943 158 2005 nulla
179 1941 274 2028 culpa
299 1943 427 2021 illisit,
455 1943 513 2025 qui
539 1941 629 2025 prius
654 1944 758 2028 ipsum
785 1941 820 2004 in
844 1965 915 2005 casa
933 1966 991 2006 sua
1013 1941 1182 2020 habuerit,

66 2049 141 2091 nam
164 2027 220 2112 qui
242 2027 433 2118 susceperit,
453 2034 486 2086 et
506 2045 572 2086 non
597 2024 806 2106 mandaverit,
827 2026 942 2088 reddat
966 2027 1069 2112 ipsum
1090 2050 1185 2090 nran-

63 2109 209 2194 eipium,
238 2113 268 2186 et
296 2111 417 2170 danum
439 2107 491 2172 cui
511 2107 639 2186 fecerit,
668 2109 763 2170 simul
785 2120 816 2170 et
841 2130 964 2194 operas.
1015 2109 1039 2175 Ι.
1062 2113 1111 2177 25.
1134 2113 1184 2190 alp.

151 2187 362 2274 Cetxxxl,
403 2191 438 2252 si
469 2189 542 2274 quis
566 2187 764 2274 mancipium
783 2192 928 2254 alienum
950 2191 1057 2254 sciens
1083 2195 1183 2277 fugax

64 2297 148 2354 esse,
171 2276 336 2336 nesciente
359 2274 505 2335 'Domino
532 2275 726 2356 susceperit,
756 2285 812 2337 aut
841 2296 1003 2336 annonam
1033 2275 1184 2356 dederit,

66 2368 123 2418 aut
147 2357 326 2419 ostenderit
347 2353 441 2432 riam,
465 2367 520 2416 aut
540 2358 785 2441 transposuerit3
809 2366 841 2423 et
861 2357 1059 2440 mancipium
1078 2359 1186 2443 ipsum

67 2443 145 2523 fuga
167 2441 292 2527 lapsum
313 2441 347 2500 in
370 2449 464 2526 antea
485 2441 621 2522 fugerit,-
655 2439 723 2522 ipse
746 2440 779 2500 id
801 2439 976 2527 perquirat,
999 2441 1056 2523 qui
1079 2445 1110 2503 ei
1133 2438 1188 2504 un-

68 2545 189 2584 nonam
211 2523 358 2601 dederit,
391 2531 446 2584 aut
472 2523 557 2583 viam
587 2523 756 2586 ostendere
779 2523 1014 2606 praesumserit,
1045 2526 1125 2588 etsi
1152 2528 1187 2590 id

67 2628 135 2667 non
156 2605 340 2688 inuenerit,
366 2606 482 2666 reddat
512 2606 650 2686 pretium
676 2605 851 2688 mancipii,
881 2605 1030 2672 similiter
1061 2615 1094 2681 et
1123 2632 1190 2690 res,

68 2711 148 2772 ques
169 2711 279 2752 seeum
301 2690 450 2771 portarit.
491 2687 534 2752 Et
557 2689 582 2750 si
603 2687 778 2752 inventum
798 2689 920 2768 fuerit,
943 2689 1061 2756 reddet
1080 2691 1187 2778 ipsum

66 2773 166 2836 simul
185 2781 219 2834 et
236 2793 351 2856 operas
374 2772 475 2834 eius·
538 2773 570 2856 L
585 2771 635 2836 25.
657 2771 706 2838 25.

492 2897 494 2900 '
533 2887 579 2948 De
602 2885 732 2954 Obcros,

154 3000 387 3071 cctxxxlt„
427 3001 558 3088 Siquis
584 3001 619 3063 in
650 3005 750 3067 Corte
774 3003 881 3066 aliena
910 3015 978 3068 asto
1008 3007 1116 3070 animo
1149 3015 1188 3088 n)

22 3129 26 3138 ·
72 3087 262 3243 intravepit,
292 3087 370 3154 XX.
391 3087 511 3149 solidos
538 3087 590 3146 illi
610 3097 800 3171 componat,
830 3088 924 3150 ouius
946 3091 1054 3154 Curtis
1077 3091 1188 3166 fuerit.

70 3171 98 3235 l.
120 3189 138 3230 2
164 3197 173 3233 r
215 3212 224 3229 .

141 3169 393 3316 llCCLXXXlll.
434 3249 556 3310 Mulier
572 3248 682 3312 Curtis
699 3260 878 3333 rupturam,
892 3254 981 3334 quod
999 3262 1048 3315 est
1063 3255 1188 3335 oberos,

73 3333 181 3394 faeere
205 3354 270 3393 non
295 3343 416 3416 potest,
439 3333 527 3414 quod
550 3333 723 3394 absurdum
751 3356 820 3395 esse
843 3336 991 3413 ridetur,
1015 3347 1050 3396 nt
1071 3339 1191 3400 mulier

73 3416 188 3493 libera,
211 3425 267 3477 ant
290 3416 422 3493 ancilla,
444 3414 536 3498 qnasi
556 3420 618 3493 vir,
640 3435 715 3476 cum
735 3416 831 3477 armis
861 3417 928 3480 vim
951 3420 1058 3480 lacere
1079 3422 1189 3504 possit.

75 3501 100 3560 l.
124 3499 173 3575 24.
195 3498 224 3560 5.

158 3577 403 3643 CCLXXXIV.
444 3579 480 3638 Si
501 3577 587 3641 servi
614 3579 648 3640 id
673 3587 720 3641 est
742 3580 919 3642 concilium
939 3585 1188 3666 rusticanorum,

75 3685 175 3725 mann
199 3673 318 3724 armata
339 3663 375 3720 iu
391 3662 502 3723 uicum
524 3663 714 3724 intraverint
735 3664 774 3723 ad
796 3666 915 3726 malum
936 3668 1133 3750 faciendum,
1157 3674 1197 3733 et'

76 3750 264 3830 quicunque
286 3746 381 3805 homo
402 3745 562 3805 lihersnb
581 3744 685 3825 Regni
708 3747 808 3807 nostri
833 3748 955 3810 ditione
977 3751 1099 3834 positus
1117 3766 1199 3816 etum

76 3829 142 3892 illis
165 3829 352 3891 consiliatus
372 3828 533 3911 incapite
555 3828 667 3898 fuerit,
691 3829 815 3890 animae
840 3851 916 3893 suae
941 3831 1085 3895 incurrat
1099 3839 1198 3918 peri-¹

74 3915 200 3992 culum,
223 3922 278 3973 aut
296 3919 384 3974 certe
405 3920 577 3994 componat
598 3909 717 3971 solidos
741 3913 891 3976 DCCCC.
918 3917 1064 3980 medium
1090 3917 1200 4004 aegis

147 4119 182 4186 n)
200 4119 242 4171 tl.
262 4119 351 4178 code
370 4121 445 4172 irato
469 4120 580 4180 animo,
602 4117 634 4170 id
650 4133 690 4172 est
713 4133 837 4192 usterus,
866 4103 979 4189 oiston,
1004 4106 1044 4175 ιἰἰἱ
1070 4117 1110 4182 est
1139 4098 1193 4201 pei·

74 4187 201 4257 furorem
213 4209 224 4256 ,-
249 4203 311 4242 asro
334 4191 353 4244 ι’.
376 4207 399 4243 e.
412 4193 497 4244 irato
517 4191 619 4243 arumo.
