2632 4822
125 269 201 347 740
482 283 648 340 anieron
682 283 860 342 uernans

121 457 134 470 ·
210 421 431 494 cccxxm.
474 423 508 484 si
523 424 594 507 quis
607 424 647 488 de
667 423 822 508 opitulari
834 447 889 489 raa
902 425 1103 510 cumapibns
1117 427 1242 496 furatus

125 511 245 595 fuerit,
268 531 370 572 unum
390 515 445 567 aut
465 507 575 590 plura,
598 517 769 592 componat
790 509 911 571 solidos
931 511 1001 572 XII.
1067 509 1095 575 I.
1119 514 1171 574 25.
1193 516 1243 596 57.

211 591 418 658 cccxxlv.
461 589 494 652 Si
520 589 594 672 quis
619 591 658 652 de
678 591 789 654 arbore
810 592 932 674 signata
951 591 985 652 in
1005 591 1085 654 silva
1108 596 1242 660 alterius

127 663 203 777 apes
220 675 350 752 tulerit,
373 684 543 756 componat
563 673 683 735 solidos
699 672 755 735 VI.
797 675 878 737 Nam
897 673 924 736 si
946 674 1068 758 signata
1085 698 1155 738 nou
1175 679 1244 742 fne-
1307 693 1311 703 ’

127 771 188 841 rut,
210 770 290 822 tuno
313 755 512 842 quicumque
530 755 690 817 invenerit
705 755 774 818 iure
797 757 935 821 naturali
953 757 1070 819 babeat
1085 759 1167 834 sibi,
1191 783 1242 823 ex-

127 851 221 928 cepto
243 843 284 904 ele
299 840 369 924 gaio
390 839 425 917 d)
443 835 548 922 Regis.
588 840 630 900 Et
651 839 677 900 si
691 840 876 924 contigerit,
899 850 935 900 ut
950 840 1127 919 Dominus,
1152 844 1241 907 cuius

126 927 208 991 silva
230 933 297 1003 est,
319 918 560 1007 supervenerit,
592 921 687 982 tollat
706 922 790 1002 mel,
826 922 1015 1006 etamplius
1037 945 1106 986 nou
1127 927 1241 1009 requi·

127 1020 216 1074 ratur
234 1009 268 1070 ei
290 1005 463 1072 calumnia.
525 999 622 1070 1.'25.
644 1007 694 1100 37.
1068 1041 1071 1046 ·

213 1087 410 1155 CCCXXV.
451 1085 486 1149 Si
515 1085 586 1168 quis
608 1087 777 1172 accipitres
799 1087 839 1150 de
861 1089 939 1151 silva
960 1088 1096 1152 alterius
1117 1089 1239 1172 tulerit7

128 1185 266 1258 excepto
289 1173 329 1234 de
359 1170 430 1254 gaio
450 1169 564 1310 Reqis,
596 1170 711 1230 habeut
739 1169 809 1232 sibi.
850 1173 930 1232 Nam
950 1173 977 1233 si
998 1173 1163 1235 Dominus
1185 1175 1241 1235 sil-

125 1277 184 1321 uae
206 1253 442 1341 supervenerit,
469 1253 564 1312 tolet
581 1253 765 1335 accipitres,
795 1263 826 1315 et
847 1275 898 1314 am
922 1255 984 1316 lius
1006 1255 1105 1338 eulpa
1127 1258 1239 1318 adrer-

126 1361 275 1404 sus·eum
297 1359 363 1398 non
385 1333 575 1416 requiratur.
617 1336 659 1395 Et
679 1335 743 1396 hoe
765 1336 852 1398 idem
872 1279 1039 1414 iubemus,
1061 1348 1099 1398 ut
1120 1340 1148 1400 si
1172 1340 1240 1421 quis

127 1423 263 1570 delgaio
283 1416 586 1566 Reqisssccipitrem
612 1419 743 1496 tulerit,
777 1420 818 1481 sit
839 1421 1008 1505 culpabilis
1028 1420 1098 1505 regi
1121 1423 1239 1484 solidos

126 1509 202 1570 III.
264 1507 290 1566 Ι.
314 1524 331 1563 2
356 1553 362 1567 .
426 1545 434 1563 .
582 1528 585 1536 ·
984 1537 990 1543 ·

211 1585 412 1651 CCCXXVI.
452 1582 488 1643 Si
512 1583 584 1666 quis
607 1583 647 1647 de
675 1583 787 1645 arbore
803 1584 924 1668 signata
944 1588 979 1648 in
1007 1586 1087 1650 silva
1108 1586 1239 1648 alterius

51 1692 54 1700 ·
128 1670 314 1754 accipitrem
335 1667 375 1730 de
392 1665 470 1727 nido
487 1666 609 1745 tulerit,
632 1677 804 1751 componat
819 1669 939 1730 solidos
957 1669 1014 1732 VI.
1076 1673 1105 1736 Ι.
1122 1672 1173 1733 25.
1193 1671 1239 1734 58.

212 1749 443 1816 CCCXXVII.
488 1748 525 1812 Si
541 1749 614 1831 quis
631 1751 867 1814 cauesalienos
891 1752 1096 1824 clamaverit;
1118 1762 1177 1814 aut
1190 1752 1240 1812 in-

128 1835 283 1913 citaverit,
305 1841 339 1894 et
352 1832 503 1894 damnum
515 1832 655 1894 fecerint
671 1833 707 1893 iu
724 1833 867 1913 homine,
890 1843 945 1896 aut
959 1836 992 1896 iu
1009 1835 1152 1919 peculio,
1175 1857 1240 1898 non

127 1927 294 2004 reputetur
312 1915 362 2058 ill}
382 1915 494 1998 culpa,
524 1915 617 1978 euius
637 1937 732 1979 cenes
753 1928 846 1997 sunt,
869 1918 927 1980 sed
948 1919 1016 1998 illi,
1037 1919 1097 2002 qui
1115 1940 1173 1981 eos
1190 1919 1241 1982 iu-

130 2001 285 2069 cItuverit.
366 2019 444 2060 .21.
470 2019 494 2058 1.
618 2038 621 2041 -

212 2079 460 2148 CCCXXVIII.
501 2079 536 2141 Si
557 2080 630 2164 quis
651 2081 790 2166 peccatis
812 2080 1055 2145 imminentibus
1075 2081 1241 2146 homora-

127 2169 257 2246 biosus,
295 2173 349 2226 ant
380 2163 605 2244 daemoniacus
625 2167 727 2226 factus
747 2164 861 2242 fuerit,
891 2174 924 2226 et
953 2167 1106 2231 damnum
1127 2168 1242 2230 fecerit

129 2253 166 2314 in
187 2247 336 2326 bomine,
366 2256 421 2308 aut
442 2245 588 2330 quolibet
606 2249 757 2344 peculio,
790 2267 855 2309 non
877 2269 910 2308 re
938 2250 1063 2311 uisatur
1083 2253 1122 2314 ab
1143 2249 1242 2313 here-

131 2335 225 2397 dibus
247 2332 331 2401 eius;
364 2341 396 2391 et
417 2330 444 2390 si
466 2329 532 2413 ipse
555 2351 680 2392 occisus
701 2329 816 2408 fuerit,
848 2271 948 2392 simili
981 2333 1078 2395 modo
1099 2356 1166 2394 non
1189 2354 1242 2394 re·

130 2417 293 2500 quintum
314 2421 438 2476 tantum
453 2425 511 2492 est,
533 2421 570 2473 ut
583 2414 653 2475 siue
669 2415 763 2496 culpa
780 2433 846 2472 non
862 2413 1036 2481 occidatur.
1086 2419 1110 2482 I',
1130 2421 1176 2498 ¹9·
1195 2414 1243 2477 15;

215 2494 425 2560 cccxxix.
468 2494 502 2558 Si
524 2494 612 2557 cunis
632 2505 685 2558 aut
707 2495 864 2572 caballus,
887 2507 942 2556 aut
955 2499 1122 2580 quodlibet
1135 2517 1243 2579 pecu-

132 2579 215 2643 lium
234 2579 398 2639 rabiosum
417 2581 538 2641 factum
558 2579 664 2656 fuerit,
685 2589 718 2641 et
738 2580 890 2640 damnum
910 2581 1071 2640 fecerit'in
1092 2578 1243 2655 homine,

132 2662 241 2722 autin
264 2661 449 2759 peculium,
484 2683 550 2723 non
572 2661 752 2743 requiratur
772 2685 789 2722 a
809 2661 965 2732 Domino;
1002 2661 1111 2746 etqui
1133 2659 1244 2744 ipsum

131 2739 309 2822 occident,
331 2743 429 2804 simili
450 2744 546 2806 modo
569 2765 635 2804 non
657 2745 858 2826 requiratur,
879 2752 914 2804 ut
933 2760 1037 2826 supra.
1100 2744 1129 2806 1.
1145 2766 1197 2810 21.
1212 2765 1243 2805 2.

536 2827 585 2887 Do
608 2825 853 2912 quadrupedia.⁴
1124 2855 1126 2862 ’
1240 2865 1243 2868 -
1270 2829 1272 2842 '

219 2906 401 2973 CCCXXX.
442 2909 491 2969 De
513 2909 773 2991 quadrupedibus
795 2911 821 2972 si
841 2911 876 2970 in
896 2907 1043 2987 bomine,
1060 2916 1118 2968 'aut
1132 2907 1246 2991 inpe-

97 2989 101 2996 ’
136 2992 224 3058 eulio
246 2992 399 3133 damnnrp
419 2990 553 3069 lecerit,
574 2989 642 3074 ipse
664 3001 835 3078 componat
856 2993 1024 3068 damnum,
1054 2990 1147 3054 cuius
1166 2993 1246 3052 fae-
1271 3063 1272 3066 Ἴ

136 3079 180 3141 sit
224 3095 310 3138 ecus.
389 3095 522 3139 .21.u.
976 3095 1019 3116 *-

199 3099 428 3222 pcccxxxt.
466 3155 506 3218 si
527 3157 673 3236 caballus·
688 3176 761 3220 cum
781 3158 876 3241 pede,
898 3160 957 3220 bos
976 3179 1079 3220 cornu
1093 3157 1246 3222 damnum

134 3239 345 3318 feeerit,·vel
366 3239 392 3299 si
413 3259 529 3322 porcus
552 3260 625 3300 cum
646 3242 743 3303 dente
765 3240 930 3302 hominem
953 3240 1169 3317 intricaverit,
1193 3245 1247 3298 aat

139 3327 166 3390 si
182 3324 268 3388 canis
285 3323 509 3400 momorderit,
531 3332 665 3407 excepto
685 3333 721 3384 ut
742 3345 835 3407 supra
851 3324 877 3388 si
892 3325 1037 3387 rabiosus
1054 3322 1151 3386 fuerit
1166 3319 1245 3404 ipse,

140 3415 312 3490 componat
335 3405 486 3468 damnum
516 3416 571 3467 aut
594 3405 822 3485 homicidium,
861 3409 953 3469 cuius
984 3406 1104 3468 animal
1130 3403 1246 3480 fuerit,

139 3499 283 3555 cessante
305 3488 339 3548 in
359 3489 423 3550 hoe
444 3488 583 3571 capitulo
611 3490 713 3569 faida,
742 3490 832 3570 quod
862 3498 910 3552 est
938 3489 1127 3568 inimicitia,
1159 3484 1248 3570 quod

140 3585 227 3638 mutu
247 3593 298 3633 res
319 3572 416 3647 fecit,
439 3593 505 3632 non
526 3571 666 3634 hominis
686 3573 835 3639 studium.
898 3574 925 3635 l.
948 3597 997 3634 21.
1018 3575 1050 3634 3.

225 3653 456 3718 cccxxxll.
496 3655 619 3736 Siquis
635 3655 831 3738 praestitum,
853 3667 907 3718 aut
923 3656 1119 3718 conductum
1130 3653 1250 3714 babue-

140 3740 185 3804 rit
201 3737 381 3816 caballum,
407 3736 459 3798 vel
480 3738 610 3816 bovem,
640 3746 694 3798 aut
713 3755 845 3818 canem,
877 3740 929 3801 vel
957 3739 1125 3822 quodlibet
1147 3757 1250 3818 pecu-

142 3824 243 3902 lium,
265 3830 299 3882 et
322 3819 400 3880 dum
421 3820 455 3880 in
477 3820 546 3903 ipso
567 3821 726 3882 beneficio
748 3830 781 3882 et
801 3823 1001 3884 conductore
1022 3830 1090 3901 est,
1111 3818 1251 3880 homici-

143 3908 232 3971 dium
248 3903 373 3980 fecerit,
394 3911 448 3963 aut
469 3903 636 3982 damnum,
659 3925 725 3964 non
753 3905 934 3986 requiratur
951 3905 1081 3987 proprio
1097 3903 1253 3978 Domino,

104 4011 106 4016 ’
144 3991 201 4053 sed
226 3988 298 4062 illi,
330 3985 387 4067 qui
409 3986 620 4064 conductum,
655 3995 709 4046 aut
728 3989 913 4070 praestitum
932 3989 1062 4068 babuit,
1093 3995 1127 4050 et
1147 3985 1254 4070 ipsum

143 4070 377 4146 homicidium,
407 4078 462 4128 aut
483 4068 635 4130 damnum
656 4079 834 4155 componat.
895 4073 922 4134 Ι.
944 4093 994 4132 21.
1014 4073 1045 4150 4.

152 4186 574 4212 W

216 4213 305 4330 bll.
323 4254 410 4312 Ccdd.
428 4255 513 4328 goie,
530 4255 562 4310 in
578 4257 662 4328 gagio
671 4276 682 4326 ,·
699 4227 809 4333 galrcq’o.
845 4259 931 4315 Glott.
950 4261 998 4315 int.
1023 4261 1041 4314 ἰ.
1061 4273 1084 4314 e.
1102 4259 1188 4316 silva.
