<?xml version="1.0" encoding="UTF-8"?>
<!DOCTYPE html PUBLIC "-//W3C//DTD XHTML 1.0 Transitional//EN"
    "http://www.w3.org/TR/xhtml1/DTD/xhtml1-transitional.dtd">
<html xmlns="http://www.w3.org/1999/xhtml" xml:lang="en" lang="en">
 <head>
  <title>
</title>
<meta http-equiv="Content-Type" content="text/html;charset=utf-8" />
  <meta name='ocr-system' content='tesseract 3.04.00' />
  <meta name='ocr-capabilities' content='ocr_page ocr_carea ocr_par ocr_line ocrx_word'/>
</head>
<body>
  <div class='ocr_page' id='page_1' title='image "./corpusiurisgerm00visigoog_0140.png"; bbox 0 0 2684 4868; ppageno 0'>
   <div class='ocr_carea' id='block_1_1' title="bbox 271 273 1185 348">
    <p class='ocr_par' dir='ltr' id='par_1_1' title="bbox 271 273 1185 348">
     <span class='ocr_line' id='line_1_1' title="bbox 271 273 1185 348; baseline 0.013 -12"><span class='ocrx_word' id='word_1_1' title='bbox 271 281 684 340; x_wconf 78' lang='lat' dir='ltr'><strong>neo1sw1s1oornonun</strong></span> <span class='ocrx_word' id='word_1_2' title='bbox 708 286 771 339; x_wconf 80' lang='lat' dir='ltr'><strong>sm</strong></span> <span class='ocrx_word' id='word_1_3' title='bbox 790 285 837 341; x_wconf 83' lang='lat' dir='ltr'><strong>rt.</strong></span> <span class='ocrx_word' id='word_1_4' title='bbox 855 287 927 342; x_wconf 84' lang='lat' dir='ltr'><strong>rrr.</strong></span> <span class='ocrx_word' id='word_1_5' title='bbox 947 289 993 342; x_wconf 78' lang='grc' dir='ltr'><strong>ιν.</strong></span> <span class='ocrx_word' id='word_1_6' title='bbox 1112 273 1185 348; x_wconf 74' lang='grc'><strong>647</strong></span> 
     </span>
    </p>
   </div>
   <div class='ocr_carea' id='block_1_2' title="bbox 75 422 1188 1338">
    <p class='ocr_par' dir='ltr' id='par_1_2' title="bbox 75 422 1188 1338">
     <span class='ocr_line' id='line_1_2' title="bbox 76 422 1186 510; baseline 0.01 -25"><span class='ocrx_word' id='word_1_7' title='bbox 76 423 211 486; x_wconf 78' lang='lat' dir='ltr'><strong>foedare</strong></span> <span class='ocrx_word' id='word_1_8' title='bbox 232 422 284 483; x_wconf 91' lang='lat' dir='ltr'><strong>vel</strong></span> <span class='ocrx_word' id='word_1_9' title='bbox 302 423 473 501; x_wconf 88' lang='lat' dir='ltr'><strong>maculare,</strong></span> <span class='ocrx_word' id='word_1_10' title='bbox 494 422 562 488; x_wconf 87' lang='lat' dir='ltr'><strong>sive</strong></span> <span class='ocrx_word' id='word_1_11' title='bbox 581 445 806 507; x_wconf 89' lang='lat' dir='ltr'><strong>quamcunque</strong></span> <span class='ocrx_word' id='word_1_12' title='bbox 828 433 950 510; x_wconf 90' lang='lat' dir='ltr'><strong>partem</strong></span> <span class='ocrx_word' id='word_1_13' title='bbox 971 429 1186 496; x_wconf 84' lang='lat' dir='ltr'><strong>membrorum</strong></span> 
     </span>
     <span class='ocr_line' id='line_1_3' title="bbox 75 505 1188 591; baseline 0.009 -24"><span class='ocrx_word' id='word_1_14' title='bbox 75 516 231 568; x_wconf 89' lang='lat' dir='ltr'><strong>truncare</strong></span> <span class='ocrx_word' id='word_1_15' title='bbox 251 505 523 587; x_wconf 75' lang='lat' dir='ltr'><strong>praesumpserit,</strong></span> <span class='ocrx_word' id='word_1_16' title='bbox 557 508 727 568; x_wconf 88' lang='lat' dir='ltr'><strong>autetiam</strong></span> <span class='ocrx_word' id='word_1_17' title='bbox 748 508 917 591; x_wconf 81' lang='lat' dir='ltr'><strong>ligaverit,</strong></span> <span class='ocrx_word' id='word_1_18' title='bbox 947 513 998 572; x_wconf 89' lang='lat' dir='ltr'><strong>vel</strong></span> <span class='ocrx_word' id='word_1_19' title='bbox 1022 513 1056 574; x_wconf 92' lang='lat' dir='ltr'><strong>in</strong></span> <span class='ocrx_word' id='word_1_20' title='bbox 1084 526 1188 578; x_wconf 85' lang='lat' dir='ltr'><strong>custo·</strong></span> 
     </span>
     <span class='ocr_line' id='line_1_4' title="bbox 76 587 1186 677; baseline 0.008 -27"><span class='ocrx_word' id='word_1_21' title='bbox 76 589 132 651; x_wconf 88' lang='lat' dir='ltr'><strong>dia</strong></span> <span class='ocrx_word' id='word_1_22' title='bbox 156 587 262 648; x_wconf 91' lang='lat' dir='ltr'><strong>autin</strong></span> <span class='ocrx_word' id='word_1_23' title='bbox 283 608 477 671; x_wconf 86' lang='lat' dir='ltr'><strong>quocunque</strong></span> <span class='ocrx_word' id='word_1_24' title='bbox 498 588 631 650; x_wconf 90' lang='lat' dir='ltr'><strong>vinculo</strong></span> <span class='ocrx_word' id='word_1_25' title='bbox 653 590 839 670; x_wconf 84' lang='lat' dir='ltr'><strong>detinuerit,</strong></span> <span class='ocrx_word' id='word_1_26' title='bbox 860 613 917 652; x_wconf 90' lang='lat' dir='ltr'><strong>seu</strong></span> <span class='ocrx_word' id='word_1_27' title='bbox 945 592 1038 677; x_wconf 83' lang='lat' dir='ltr'><strong>ligari</strong></span> <span class='ocrx_word' id='word_1_28' title='bbox 1060 598 1099 658; x_wconf 90' lang='lat' dir='ltr'><strong>ab</strong></span> <span class='ocrx_word' id='word_1_29' title='bbox 1124 597 1186 658; x_wconf 90' lang='lat' dir='ltr'><strong>ali-</strong></span> 
     </span>
     <span class='ocr_line' id='line_1_5' title="bbox 77 671 1185 759; baseline 0.008 -28"><span class='ocrx_word' id='word_1_30' title='bbox 77 692 146 752; x_wconf 92' lang='lat' dir='ltr'><strong>quo</strong></span> <span class='ocrx_word' id='word_1_31' title='bbox 172 678 229 730; x_wconf 89' lang='lat' dir='ltr'><strong>aut</strong></span> <span class='ocrx_word' id='word_1_32' title='bbox 252 671 395 732; x_wconf 87' lang='lat' dir='ltr'><strong>custodia</strong></span> <span class='ocrx_word' id='word_1_33' title='bbox 415 671 468 733; x_wconf 89' lang='lat' dir='ltr'><strong>vel</strong></span> <span class='ocrx_word' id='word_1_34' title='bbox 488 671 622 733; x_wconf 90' lang='lat' dir='ltr'><strong>vinculo</strong></span> <span class='ocrx_word' id='word_1_35' title='bbox 650 672 825 756; x_wconf 84' lang='lat' dir='ltr'><strong>mancipari</strong></span> <span class='ocrx_word' id='word_1_36' title='bbox 849 677 1066 759; x_wconf 82' lang='lat' dir='ltr'><strong>praeceperit,</strong></span> <span class='ocrx_word' id='word_1_37' title='bbox 1095 680 1185 742; x_wconf 83' lang='lat' dir='ltr'><strong>iuxta</strong></span> 
     </span>
     <span class='ocr_line' id='line_1_6' title="bbox 77 751 1186 844; baseline 0.008 -29"><span class='ocrx_word' id='word_1_38' title='bbox 77 753 169 836; x_wconf 91' lang='lat' dir='ltr'><strong>quod</strong></span> <span class='ocrx_word' id='word_1_39' title='bbox 198 751 253 811; x_wconf 90' lang='lat' dir='ltr'><strong>alii</strong></span> <span class='ocrx_word' id='word_1_40' title='bbox 277 751 441 830; x_wconf 90' lang='lat' dir='ltr'><strong>intulerit,</strong></span> <span class='ocrx_word' id='word_1_41' title='bbox 463 753 516 815; x_wconf 88' lang='lat' dir='ltr'><strong>vel</strong></span> <span class='ocrx_word' id='word_1_42' title='bbox 542 753 748 817; x_wconf 89' lang='lat' dir='ltr'><strong>inferendum</strong></span> <span class='ocrx_word' id='word_1_43' title='bbox 774 758 993 840; x_wconf 84' lang='lat' dir='ltr'><strong>praeceperit,</strong></span> <span class='ocrx_word' id='word_1_44' title='bbox 1020 772 1186 844; x_wconf 90' lang='lat' dir='ltr'><strong>correptus</strong></span> 
     </span>
     <span class='ocr_line' id='line_1_7' title="bbox 78 833 1185 927; baseline 0.008 -31"><span class='ocrx_word' id='word_1_45' title='bbox 78 858 96 896; x_wconf 87' lang='lat' dir='ltr'><strong>a</strong></span> <span class='ocrx_word' id='word_1_46' title='bbox 119 835 230 896; x_wconf 89' lang='lat' dir='ltr'><strong>iudice</strong></span> <span class='ocrx_word' id='word_1_47' title='bbox 251 833 285 894; x_wconf 90' lang='lat' dir='ltr'><strong>in</strong></span> <span class='ocrx_word' id='word_1_48' title='bbox 308 855 341 896; x_wconf 90' lang='lat' dir='ltr'><strong>se</strong></span> <span class='ocrx_word' id='word_1_49' title='bbox 365 835 502 918; x_wconf 88' lang='lat' dir='ltr'><strong>recipiat</strong></span> <span class='ocrx_word' id='word_1_50' title='bbox 521 836 684 897; x_wconf 89' lang='lat' dir='ltr'><strong>talionem.</strong></span> <span class='ocrx_word' id='word_1_51' title='bbox 739 839 787 898; x_wconf 90' lang='lat' dir='ltr'><strong>Ita</strong></span> <span class='ocrx_word' id='word_1_52' title='bbox 810 847 846 898; x_wconf 87' lang='lat' dir='ltr'><strong>ut</strong></span> <span class='ocrx_word' id='word_1_53' title='bbox 867 838 893 900; x_wconf 87' lang='lat' dir='ltr'><strong>is</strong></span> <span class='ocrx_word' id='word_1_54' title='bbox 918 839 976 921; x_wconf 86' lang='lat' dir='ltr'><strong>qui</strong></span> <span class='ocrx_word' id='word_1_55' title='bbox 997 841 1080 905; x_wconf 91' lang='lat' dir='ltr'><strong>male</strong></span> <span class='ocrx_word' id='word_1_56' title='bbox 1109 865 1185 927; x_wconf 87' lang='lat' dir='ltr'><strong>per·</strong></span> 
     </span>
     <span class='ocr_line' id='line_1_8' title="bbox 78 918 1185 1008; baseline 0.007 -30"><span class='ocrx_word' id='word_1_57' title='bbox 78 918 210 994; x_wconf 89' lang='lat' dir='ltr'><strong>tulerit,</strong></span> <span class='ocrx_word' id='word_1_58' title='bbox 242 927 297 976; x_wconf 89' lang='lat' dir='ltr'><strong>aut</strong></span> <span class='ocrx_word' id='word_1_59' title='bbox 324 919 467 1000; x_wconf 88' lang='lat' dir='ltr'><strong>corporis</strong></span> <span class='ocrx_word' id='word_1_60' title='bbox 495 919 722 980; x_wconf 89' lang='lat' dir='ltr'><strong>coutumeliam</strong></span> <span class='ocrx_word' id='word_1_61' title='bbox 749 920 955 999; x_wconf 78' lang='lat' dir='ltr'><strong>sustinuerit,</strong></span> <span class='ocrx_word' id='word_1_62' title='bbox 983 924 1009 985; x_wconf 90' lang='lat' dir='ltr'><strong>si</strong></span> <span class='ocrx_word' id='word_1_63' title='bbox 1034 926 1185 1008; x_wconf 92' lang='lat' dir='ltr'><strong>componi</strong></span> 
     </span>
     <span class='ocr_line' id='line_1_9' title="bbox 77 1000 1184 1090; baseline 0.005 -29"><span class='ocrx_word' id='word_1_64' title='bbox 77 1000 141 1062; x_wconf 88' lang='lat' dir='ltr'><strong>sibi</strong></span> <span class='ocrx_word' id='word_1_65' title='bbox 166 1023 184 1060; x_wconf 90' lang='lat' dir='ltr'><strong>a</strong></span> <span class='ocrx_word' id='word_1_66' title='bbox 206 1010 445 1082; x_wconf 80' lang='lat' dir='ltr'><strong>praesumptore</strong></span> <span class='ocrx_word' id='word_1_67' title='bbox 467 1001 619 1078; x_wconf 91' lang='lat' dir='ltr'><strong>voluerit,</strong></span> <span class='ocrx_word' id='word_1_68' title='bbox 637 1010 761 1063; x_wconf 90' lang='lat' dir='ltr'><strong>tantum</strong></span> <span class='ocrx_word' id='word_1_69' title='bbox 780 1003 1019 1085; x_wconf 85' lang='lat' dir='ltr'><strong>compositionis</strong></span> <span class='ocrx_word' id='word_1_70' title='bbox 1038 1007 1184 1090; x_wconf 89' lang='lat' dir='ltr'><strong>accipiat,</strong></span> 
     </span>
     <span class='ocr_line' id='line_1_10' title="bbox 78 1082 1184 1172; baseline 0.014 -31"><span class='ocrx_word' id='word_1_71' title='bbox 78 1091 240 1164; x_wconf 88' lang='lat' dir='ltr'><strong>quantum</strong></span> <span class='ocrx_word' id='word_1_72' title='bbox 264 1082 331 1165; x_wconf 91' lang='lat' dir='ltr'><strong>ipse</strong></span> <span class='ocrx_word' id='word_1_73' title='bbox 359 1083 526 1160; x_wconf 83' lang='lat' dir='ltr'><strong>taxaverit,</strong></span> <span class='ocrx_word' id='word_1_74' title='bbox 549 1083 604 1166; x_wconf 92' lang='lat' dir='ltr'><strong>qui</strong></span> <span class='ocrx_word' id='word_1_75' title='bbox 633 1086 807 1146; x_wconf 83' lang='lat' dir='ltr'><strong>laesionem</strong></span> <span class='ocrx_word' id='word_1_76' title='bbox 835 1086 980 1148; x_wconf 90' lang='lat' dir='ltr'><strong>noscitur</strong></span> <span class='ocrx_word' id='word_1_77' title='bbox 1004 1091 1184 1172; x_wconf 85' lang='lat' dir='ltr'><strong>pertulisse.</strong></span> 
     </span>
     <span class='ocr_line' id='line_1_11' title="bbox 77 1165 1185 1252; baseline 0.005 -25"><span class='ocrx_word' id='word_1_78' title='bbox 77 1168 143 1228; x_wconf 91' lang='lat' dir='ltr'><strong>Pro</strong></span> <span class='ocrx_word' id='word_1_79' title='bbox 168 1165 257 1246; x_wconf 90' lang='lat' dir='ltr'><strong>alapa</strong></span> <span class='ocrx_word' id='word_1_80' title='bbox 282 1187 371 1243; x_wconf 92' lang='lat' dir='ltr'><strong>vero,</strong></span> <span class='ocrx_word' id='word_1_81' title='bbox 393 1186 502 1247; x_wconf 83' lang='lat' dir='ltr'><strong>pugno</strong></span> <span class='ocrx_word' id='word_1_82' title='bbox 525 1167 577 1228; x_wconf 89' lang='lat' dir='ltr'><strong>vel</strong></span> <span class='ocrx_word' id='word_1_83' title='bbox 599 1167 705 1244; x_wconf 88' lang='lat' dir='ltr'><strong>calce,</strong></span> <span class='ocrx_word' id='word_1_84' title='bbox 726 1177 781 1228; x_wconf 87' lang='lat' dir='ltr'><strong>aut</strong></span> <span class='ocrx_word' id='word_1_85' title='bbox 807 1167 1016 1252; x_wconf 89' lang='lat' dir='ltr'><strong>percussione</strong></span> <span class='ocrx_word' id='word_1_86' title='bbox 1042 1172 1076 1232; x_wconf 90' lang='lat' dir='ltr'><strong>iu</strong></span> <span class='ocrx_word' id='word_1_87' title='bbox 1096 1193 1131 1233; x_wconf 92' lang='lat' dir='ltr'><strong>ca</strong></span> <span class='ocrx_word' id='word_1_88' title='bbox 1156 1172 1185 1232; x_wconf 94' lang='lat' dir='ltr'><strong>i-</strong></span> 
     </span>
     <span class='ocr_line' id='line_1_12' title="bbox 77 1195 1185 1338; baseline 0.005 -30"><span class='ocrx_word' id='word_1_89' title='bbox 77 1257 124 1324; x_wconf 90' lang='lat' dir='ltr'><strong>te,</strong></span> <span class='ocrx_word' id='word_1_90' title='bbox 152 1247 361 1331; x_wconf 90' lang='lat' dir='ltr'><strong>prohibemus</strong></span> <span class='ocrx_word' id='word_1_91' title='bbox 390 1247 526 1309; x_wconf 88' lang='lat' dir='ltr'><strong>reddere</strong></span> <span class='ocrx_word' id='word_1_92' title='bbox 554 1248 728 1310; x_wconf 88' lang='lat' dir='ltr'><strong>talionem:</strong></span> <span class='ocrx_word' id='word_1_93' title='bbox 761 1271 801 1311; x_wconf 92' lang='lat' dir='ltr'><strong>ne</strong></span> <span class='ocrx_word' id='word_1_94' title='bbox 825 1251 901 1312; x_wconf 90' lang='lat' dir='ltr'><strong>dum</strong></span> <span class='ocrx_word' id='word_1_95' title='bbox 924 1253 1001 1314; x_wconf 90' lang='lat' dir='ltr'><strong>talio</strong></span> <span class='ocrx_word' id='word_1_96' title='bbox 1029 1195 1185 1338; x_wconf 74' lang='lat' dir='ltr'><strong>rependi-</strong></span> 
     </span>
    </p>
   </div>
   <div class='ocr_carea' id='block_1_3' title="bbox 78 1329 1184 1595">
    <p class='ocr_par' dir='ltr' id='par_1_3' title="bbox 78 1329 1184 1595">
     <span class='ocr_line' id='line_1_13' title="bbox 78 1329 1184 1418; baseline 0.005 -28"><span class='ocrx_word' id='word_1_97' title='bbox 78 1339 151 1406; x_wconf 86' lang='lat' dir='ltr'><strong>tur,</strong></span> <span class='ocrx_word' id='word_1_98' title='bbox 173 1339 229 1390; x_wconf 89' lang='lat' dir='ltr'><strong>aut</strong></span> <span class='ocrx_word' id='word_1_99' title='bbox 247 1329 345 1392; x_wconf 90' lang='lat' dir='ltr'><strong>laesio</strong></span> <span class='ocrx_word' id='word_1_100' title='bbox 365 1329 466 1390; x_wconf 89' lang='lat' dir='ltr'><strong>maior</strong></span> <span class='ocrx_word' id='word_1_101' title='bbox 484 1339 539 1390; x_wconf 90' lang='lat' dir='ltr'><strong>aut</strong></span> <span class='ocrx_word' id='word_1_102' title='bbox 558 1331 739 1412; x_wconf 90' lang='lat' dir='ltr'><strong>periculum</strong></span> <span class='ocrx_word' id='word_1_103' title='bbox 763 1330 938 1415; x_wconf 84' lang='lat' dir='ltr'><strong>ingeratur.</strong></span> <span class='ocrx_word' id='word_1_104' title='bbox 979 1336 1043 1398; x_wconf 90' lang='lat' dir='ltr'><strong>Sed</strong></span> <span class='ocrx_word' id='word_1_105' title='bbox 1066 1336 1184 1418; x_wconf 85' lang='lat' dir='ltr'><strong>siquis</strong></span> 
     </span>
     <span class='ocr_line' id='line_1_14' title="bbox 79 1412 1184 1500; baseline 0.005 -26"><span class='ocrx_word' id='word_1_106' title='bbox 79 1413 160 1474; x_wconf 89' lang='lat' dir='ltr'><strong>baec</strong></span> <span class='ocrx_word' id='word_1_107' title='bbox 192 1412 261 1473; x_wconf 86' lang='lat' dir='ltr'><strong>siue</strong></span> <span class='ocrx_word' id='word_1_108' title='bbox 289 1412 436 1494; x_wconf 92' lang='lat' dir='ltr'><strong>periculo</strong></span> <span class='ocrx_word' id='word_1_109' title='bbox 463 1413 678 1474; x_wconf 88' lang='lat' dir='ltr'><strong>membrorum</strong></span> <span class='ocrx_word' id='word_1_110' title='bbox 702 1422 757 1474; x_wconf 89' lang='lat' dir='ltr'><strong>aut</strong></span> <span class='ocrx_word' id='word_1_111' title='bbox 780 1415 887 1497; x_wconf 84' lang='lat' dir='ltr'><strong>aliqua</strong></span> <span class='ocrx_word' id='word_1_112' title='bbox 919 1415 1061 1479; x_wconf 88' lang='lat' dir='ltr'><strong>laesione</strong></span> <span class='ocrx_word' id='word_1_113' title='bbox 1089 1439 1184 1500; x_wconf 88' lang='lat' dir='ltr'><strong>prue-</strong></span> 
     </span>
     <span class='ocr_line' id='line_1_15' title="bbox 79 1495 1183 1595; baseline 0.003 -38"><span class='ocrx_word' id='word_1_114' title='bbox 79 1504 284 1577; x_wconf 86' lang='lat' dir='ltr'><strong>sumptuosus</strong></span> <span class='ocrx_word' id='word_1_115' title='bbox 308 1495 466 1571; x_wconf 90' lang='lat' dir='ltr'><strong>intulerit,</strong></span> <span class='ocrx_word' id='word_1_116' title='bbox 487 1517 546 1590; x_wconf 76' lang='lat' dir='ltr'><strong>pro</strong></span> <span class='ocrx_word' id='word_1_117' title='bbox 570 1496 660 1578; x_wconf 87' lang='lat' dir='ltr'><strong>alapa</strong></span> <span class='ocrx_word' id='word_1_118' title='bbox 685 1495 727 1558; x_wconf 91' lang='lat' dir='ltr'><strong>X.</strong></span> <span class='ocrx_word' id='word_1_119' title='bbox 756 1495 893 1594; x_wconf 76' lang='lat' dir='ltr'><strong>flagella,</strong></span> <span class='ocrx_word' id='word_1_120' title='bbox 914 1520 972 1595; x_wconf 83' lang='lat' dir='ltr'><strong>pro</strong></span> <span class='ocrx_word' id='word_1_121' title='bbox 998 1521 1107 1583; x_wconf 82' lang='lat' dir='ltr'><strong>pugno</strong></span> <span class='ocrx_word' id='word_1_122' title='bbox 1131 1501 1183 1562; x_wconf 89' lang='lat' dir='ltr'><strong>vel</strong></span> 
     </span>
    </p>
   </div>
   <div class='ocr_carea' id='block_1_4' title="bbox 59 1575 1192 3310">
    <p class='ocr_par' dir='ltr' id='par_1_4' title="bbox 59 1575 1192 3310">
     <span class='ocr_line' id='line_1_16' title="bbox 81 1575 1192 1664; baseline 0.004 -24"><span class='ocrx_word' id='word_1_123' title='bbox 81 1578 168 1640; x_wconf 89' lang='lat' dir='ltr'><strong>calce</strong></span> <span class='ocrx_word' id='word_1_124' title='bbox 190 1575 282 1654; x_wconf 89' lang='lat' dir='ltr'><strong>XX.,</strong></span> <span class='ocrx_word' id='word_1_125' title='bbox 303 1583 362 1663; x_wconf 87' lang='lat' dir='ltr'><strong>pro</strong></span> <span class='ocrx_word' id='word_1_126' title='bbox 383 1598 588 1659; x_wconf 79' lang='lat' dir='ltr'><strong>percussione</strong></span> <span class='ocrx_word' id='word_1_127' title='bbox 608 1600 686 1639; x_wconf 87' lang='lat' dir='ltr'><strong>vero</strong></span> <span class='ocrx_word' id='word_1_128' title='bbox 708 1599 741 1638; x_wconf 89' lang='lat' dir='ltr'><strong>m</strong></span> <span class='ocrx_word' id='word_1_129' title='bbox 763 1590 877 1661; x_wconf 79' lang='lat' dir='ltr'><strong>capite,</strong></span> <span class='ocrx_word' id='word_1_130' title='bbox 899 1603 927 1641; x_wconf 79' lang='grc' dir='ltr'><strong>ει</strong></span> <span class='ocrx_word' id='word_1_131' title='bbox 944 1603 1014 1644; x_wconf 80' lang='lat' dir='ltr'><strong>siue</strong></span> <span class='ocrx_word' id='word_1_132' title='bbox 1029 1581 1192 1664; x_wconf 55' lang='lat' dir='ltr'><strong>sauguine*</strong></span> 
     </span>
     <span class='ocr_line' id='line_1_17' title="bbox 79 1659 1184 1748; baseline 0.004 -28"><span class='ocrx_word' id='word_1_133' title='bbox 79 1659 196 1738; x_wconf 87' lang='lat' dir='ltr'><strong>fuerit,</strong></span> <span class='ocrx_word' id='word_1_134' title='bbox 227 1659 266 1719; x_wconf 90' lang='lat' dir='ltr'><strong>ab</strong></span> <span class='ocrx_word' id='word_1_135' title='bbox 296 1680 334 1721; x_wconf 94' lang='lat' dir='ltr'><strong>eo</strong></span> <span class='ocrx_word' id='word_1_136' title='bbox 361 1681 458 1741; x_wconf 90' lang='lat' dir='ltr'><strong>quem</strong></span> <span class='ocrx_word' id='word_1_137' title='bbox 505 1661 693 1738; x_wconf 86' lang='lat' dir='ltr'><strong>ercusserit,</strong></span> <span class='ocrx_word' id='word_1_138' title='bbox 725 1659 835 1728; x_wconf 90' lang='lat' dir='ltr'><strong>XXX.</strong></span> <span class='ocrx_word' id='word_1_139' title='bbox 869 1661 996 1744; x_wconf 85' lang='lat' dir='ltr'><strong>flagella</strong></span> <span class='ocrx_word' id='word_1_140' title='bbox 1024 1663 1184 1748; x_wconf 89' lang='lat' dir='ltr'><strong>suscipiat.</strong></span> 
     </span>
     <span class='ocr_line' id='line_1_18' title="bbox 81 1683 1183 1824; baseline 0.001 -20"><span class='ocrx_word' id='word_1_141' title='bbox 81 1745 177 1804; x_wconf 86' lang='lat' dir='ltr'><strong>Certe</strong></span> <span class='ocrx_word' id='word_1_142' title='bbox 200 1742 258 1824; x_wconf 88' lang='lat' dir='ltr'><strong>qui</strong></span> <span class='ocrx_word' id='word_1_143' title='bbox 279 1741 386 1818; x_wconf 85' lang='lat' dir='ltr'><strong>laesit,</strong></span> <span class='ocrx_word' id='word_1_144' title='bbox 415 1741 468 1804; x_wconf 91' lang='lat' dir='ltr'><strong>vel</strong></span> <span class='ocrx_word' id='word_1_145' title='bbox 482 1683 684 1804; x_wconf 73' lang='lat' dir='ltr'><strong>iaedendum</strong></span> <span class='ocrx_word' id='word_1_146' title='bbox 705 1743 823 1805; x_wconf 90' lang='lat' dir='ltr'><strong>dicitur</strong></span> <span class='ocrx_word' id='word_1_147' title='bbox 850 1743 1042 1824; x_wconf 88' lang='lat' dir='ltr'><strong>instituisse,</strong></span> <span class='ocrx_word' id='word_1_148' title='bbox 1064 1746 1089 1808; x_wconf 87' lang='lat' dir='ltr'><strong>si</strong></span> <span class='ocrx_word' id='word_1_149' title='bbox 1118 1762 1183 1806; x_wconf 88' lang='lat' dir='ltr'><strong>non</strong></span> 
     </span>
     <span class='ocr_line' id='line_1_19' title="bbox 80 1823 1185 1909; baseline 0.002 -23"><span class='ocrx_word' id='word_1_150' title='bbox 80 1847 121 1886; x_wconf 90' lang='lat' dir='ltr'><strong>ex</strong></span> <span class='ocrx_word' id='word_1_151' title='bbox 147 1823 248 1909; x_wconf 91' lang='lat' dir='ltr'><strong>priori</strong></span> <span class='ocrx_word' id='word_1_152' title='bbox 277 1823 453 1907; x_wconf 89' lang='lat' dir='ltr'><strong>disposito,</strong></span> <span class='ocrx_word' id='word_1_153' title='bbox 484 1824 540 1886; x_wconf 87' lang='lat' dir='ltr'><strong>sed</strong></span> <span class='ocrx_word' id='word_1_154' title='bbox 566 1825 672 1886; x_wconf 89' lang='lat' dir='ltr'><strong>subito</strong></span> <span class='ocrx_word' id='word_1_155' title='bbox 692 1835 804 1887; x_wconf 82' lang='lat' dir='ltr'><strong>exorta</strong></span> <span class='ocrx_word' id='word_1_156' title='bbox 832 1826 887 1888; x_wconf 92' lang='lat' dir='ltr'><strong>lite</strong></span> <span class='ocrx_word' id='word_1_157' title='bbox 916 1837 948 1888; x_wconf 93' lang='lat' dir='ltr'><strong>et</strong></span> <span class='ocrx_word' id='word_1_158' title='bbox 972 1829 1070 1890; x_wconf 87' lang='lat' dir='ltr'><strong>caede</strong></span> <span class='ocrx_word' id='word_1_159' title='bbox 1096 1849 1185 1890; x_wconf 88' lang='lat' dir='ltr'><strong>com·</strong></span> 
     </span>
     <span class='ocr_line' id='line_1_20' title="bbox 80 1905 1186 1992; baseline 0.003 -26"><span class='ocrx_word' id='word_1_160' title='bbox 80 1907 193 1986; x_wconf 89' lang='lat' dir='ltr'><strong>missa,</strong></span> <span class='ocrx_word' id='word_1_161' title='bbox 219 1905 329 1988; x_wconf 88' lang='lat' dir='ltr'><strong>aliquo</strong></span> <span class='ocrx_word' id='word_1_162' title='bbox 355 1928 431 1968; x_wconf 88' lang='lat' dir='ltr'><strong>casu</strong></span> <span class='ocrx_word' id='word_1_163' title='bbox 462 1905 496 1967; x_wconf 94' lang='lat' dir='ltr'><strong>id</strong></span> <span class='ocrx_word' id='word_1_164' title='bbox 523 1907 702 1968; x_wconf 81' lang='lat' dir='ltr'><strong>convicerit</strong></span> <span class='ocrx_word' id='word_1_165' title='bbox 736 1930 769 1970; x_wconf 95' lang='lat' dir='ltr'><strong>se</strong></span> <span class='ocrx_word' id='word_1_166' title='bbox 804 1909 934 1970; x_wconf 90' lang='lat' dir='ltr'><strong>nolente</strong></span> <span class='ocrx_word' id='word_1_167' title='bbox 967 1920 1186 1992; x_wconf 88' lang='lat' dir='ltr'><strong>perpetratum</strong></span> 
     </span>
     <span class='ocr_line' id='line_1_21' title="bbox 80 1987 1185 2073; baseline 0 -23"><span class='ocrx_word' id='word_1_168' title='bbox 80 1989 192 2068; x_wconf 83' lang='lat' dir='ltr'><strong>luisse,</strong></span> <span class='ocrx_word' id='word_1_169' title='bbox 217 2010 277 2073; x_wconf 90' lang='lat' dir='ltr'><strong>pro</strong></span> <span class='ocrx_word' id='word_1_170' title='bbox 297 1987 409 2051; x_wconf 90' lang='lat' dir='ltr'><strong>evulso</strong></span> <span class='ocrx_word' id='word_1_171' title='bbox 434 1989 530 2050; x_wconf 92' lang='lat' dir='ltr'><strong>oculo</strong></span> <span class='ocrx_word' id='word_1_172' title='bbox 550 1990 604 2051; x_wconf 91' lang='lat' dir='ltr'><strong>det</strong></span> <span class='ocrx_word' id='word_1_173' title='bbox 621 1989 739 2051; x_wconf 87' lang='lat' dir='ltr'><strong>solidos</strong></span> <span class='ocrx_word' id='word_1_174' title='bbox 762 1999 903 2057; x_wconf 85' lang='lat' dir='ltr'><strong>centum.</strong></span> <span class='ocrx_word' id='word_1_175' title='bbox 946 1993 1042 2070; x_wconf 90' lang='lat' dir='ltr'><strong>Quod</strong></span> <span class='ocrx_word' id='word_1_176' title='bbox 1061 1993 1087 2054; x_wconf 93' lang='lat' dir='ltr'><strong>si</strong></span> <span class='ocrx_word' id='word_1_177' title='bbox 1106 2011 1185 2053; x_wconf 92' lang='lat' dir='ltr'><strong>con-</strong></span> 
     </span>
     <span class='ocr_line' id='line_1_22' title="bbox 81 2071 1185 2156; baseline 0.002 -24"><span class='ocrx_word' id='word_1_178' title='bbox 81 2072 201 2155; x_wconf 85' lang='lat' dir='ltr'><strong>tigerit,</strong></span> <span class='ocrx_word' id='word_1_179' title='bbox 224 2081 260 2132; x_wconf 87' lang='lat' dir='ltr'><strong>ut</strong></span> <span class='ocrx_word' id='word_1_180' title='bbox 283 2071 323 2132; x_wconf 89' lang='lat' dir='ltr'><strong>dc</strong></span> <span class='ocrx_word' id='word_1_181' title='bbox 347 2071 463 2132; x_wconf 90' lang='lat' dir='ltr'><strong>eodem</strong></span> <span class='ocrx_word' id='word_1_182' title='bbox 484 2071 580 2132; x_wconf 90' lang='lat' dir='ltr'><strong>oculo</strong></span> <span class='ocrx_word' id='word_1_183' title='bbox 604 2092 645 2132; x_wconf 87' lang='lat' dir='ltr'><strong>ex</strong></span> <span class='ocrx_word' id='word_1_184' title='bbox 666 2083 757 2154; x_wconf 86' lang='lat' dir='ltr'><strong>porte</strong></span> <span class='ocrx_word' id='word_1_185' title='bbox 782 2071 890 2134; x_wconf 90' lang='lat' dir='ltr'><strong>videat</strong></span> <span class='ocrx_word' id='word_1_186' title='bbox 903 2120 912 2152; x_wconf 93' lang='lat'><strong>,</strong></span> <span class='ocrx_word' id='word_1_187' title='bbox 940 2075 996 2156; x_wconf 86' lang='lat' dir='ltr'><strong>qui</strong></span> <span class='ocrx_word' id='word_1_188' title='bbox 1015 2095 1185 2156; x_wconf 90' lang='lat' dir='ltr'><strong>percussus</strong></span> 
     </span>
     <span class='ocr_line' id='line_1_23' title="bbox 82 2151 1187 2239; baseline 0.001 -24"><span class='ocrx_word' id='word_1_189' title='bbox 82 2165 130 2216; x_wconf 89' lang='lat' dir='ltr'><strong>est</strong></span> <span class='ocrx_word' id='word_1_190' title='bbox 155 2155 271 2214; x_wconf 86' lang='lat' dir='ltr'><strong>libram</strong></span> <span class='ocrx_word' id='word_1_191' title='bbox 290 2153 359 2214; x_wconf 88' lang='lat' dir='ltr'><strong>auri</strong></span> <span class='ocrx_word' id='word_1_192' title='bbox 379 2176 398 2213; x_wconf 86' lang='lat' dir='ltr'><strong>a</strong></span> <span class='ocrx_word' id='word_1_193' title='bbox 421 2174 609 2236; x_wconf 88' lang='lat' dir='ltr'><strong>percussore</strong></span> <span class='ocrx_word' id='word_1_194' title='bbox 623 2151 657 2213; x_wconf 92' lang='lat' dir='ltr'><strong>iu</strong></span> <span class='ocrx_word' id='word_1_195' title='bbox 677 2154 907 2239; x_wconf 88' lang='lat' dir='ltr'><strong>compositione</strong></span> <span class='ocrx_word' id='word_1_196' title='bbox 925 2156 1068 2238; x_wconf 85' lang='lat' dir='ltr'><strong>accipiat.</strong></span> <span class='ocrx_word' id='word_1_197' title='bbox 1089 2155 1187 2234; x_wconf 87' lang='lat' dir='ltr'><strong>Quod</strong></span> 
     </span>
     <span class='ocr_line' id='line_1_24' title="bbox 80 2235 1187 2322; baseline 0 -23"><span class='ocrx_word' id='word_1_198' title='bbox 80 2237 107 2300; x_wconf 85' lang='lat' dir='ltr'><strong>si</strong></span> <span class='ocrx_word' id='word_1_199' title='bbox 131 2235 165 2297; x_wconf 91' lang='lat' dir='ltr'><strong>iu</strong></span> <span class='ocrx_word' id='word_1_200' title='bbox 190 2236 321 2297; x_wconf 87' lang='lat' dir='ltr'><strong>naribus</strong></span> <span class='ocrx_word' id='word_1_201' title='bbox 344 2235 387 2296; x_wconf 90' lang='lat' dir='ltr'><strong>ita</strong></span> <span class='ocrx_word' id='word_1_202' title='bbox 409 2251 578 2318; x_wconf 88' lang='lat' dir='ltr'><strong>percussus</strong></span> <span class='ocrx_word' id='word_1_203' title='bbox 604 2245 669 2314; x_wconf 89' lang='lat' dir='ltr'><strong>est,</strong></span> <span class='ocrx_word' id='word_1_204' title='bbox 701 2247 738 2299; x_wconf 94' lang='lat' dir='ltr'><strong>ut</strong></span> <span class='ocrx_word' id='word_1_205' title='bbox 766 2258 877 2298; x_wconf 87' lang='lat' dir='ltr'><strong>nasum</strong></span> <span class='ocrx_word' id='word_1_206' title='bbox 898 2259 939 2300; x_wconf 84' lang='lat' dir='ltr'><strong>ex</strong></span> <span class='ocrx_word' id='word_1_207' title='bbox 965 2238 1090 2320; x_wconf 83' lang='lat' dir='ltr'><strong>integro</strong></span> <span class='ocrx_word' id='word_1_208' title='bbox 1110 2255 1187 2322; x_wconf 89' lang='lat' dir='ltr'><strong>per·</strong></span> 
     </span>
     <span class='ocr_line' id='line_1_25' title="bbox 79 2318 1186 2400; baseline -0.004 -18"><span class='ocrx_word' id='word_1_209' title='bbox 79 2319 145 2397; x_wconf 87' lang='lat' dir='ltr'><strong>dat,</strong></span> <span class='ocrx_word' id='word_1_210' title='bbox 169 2319 205 2381; x_wconf 90' lang='lat' dir='ltr'><strong>C.</strong></span> <span class='ocrx_word' id='word_1_211' title='bbox 226 2319 345 2380; x_wconf 89' lang='lat' dir='ltr'><strong>solidos</strong></span> <span class='ocrx_word' id='word_1_212' title='bbox 368 2339 539 2400; x_wconf 89' lang='lat' dir='ltr'><strong>percussor</strong></span> <span class='ocrx_word' id='word_1_213' title='bbox 555 2319 707 2390; x_wconf 57' lang='lat' dir='ltr'><strong>exsolvat.</strong></span> <span class='ocrx_word' id='word_1_214' title='bbox 749 2318 784 2381; x_wconf 90' lang='lat' dir='ltr'><strong>Si</strong></span> <span class='ocrx_word' id='word_1_215' title='bbox 800 2341 894 2382; x_wconf 90' lang='lat' dir='ltr'><strong>nasus</strong></span> <span class='ocrx_word' id='word_1_216' title='bbox 914 2321 959 2381; x_wconf 85' lang='lat' dir='ltr'><strong>ita</strong></span> <span class='ocrx_word' id='word_1_217' title='bbox 977 2321 1108 2382; x_wconf 92' lang='lat' dir='ltr'><strong>collisus</strong></span> <span class='ocrx_word' id='word_1_218' title='bbox 1128 2329 1186 2396; x_wconf 89' lang='lat' dir='ltr'><strong>est,</strong></span> 
     </span>
     <span class='ocr_line' id='line_1_26' title="bbox 80 2401 1188 2486; baseline 0 -25"><span class='ocrx_word' id='word_1_219' title='bbox 80 2410 116 2461; x_wconf 93' lang='lat' dir='ltr'><strong>ut</strong></span> <span class='ocrx_word' id='word_1_220' title='bbox 138 2423 212 2483; x_wconf 90' lang='lat' dir='ltr'><strong>pars</strong></span> <span class='ocrx_word' id='word_1_221' title='bbox 240 2410 366 2483; x_wconf 87' lang='lat' dir='ltr'><strong>turpata</strong></span> <span class='ocrx_word' id='word_1_222' title='bbox 383 2401 518 2482; x_wconf 19' lang='lat' dir='ltr'><strong>&#39;narium</strong></span> <span class='ocrx_word' id='word_1_223' title='bbox 535 2410 668 2485; x_wconf 90' lang='lat' dir='ltr'><strong>pateat,</strong></span> <span class='ocrx_word' id='word_1_224' title='bbox 701 2401 790 2462; x_wconf 85' lang='lat' dir='ltr'><strong>iuxta</strong></span> <span class='ocrx_word' id='word_1_225' title='bbox 813 2402 902 2484; x_wconf 87' lang='lat' dir='ltr'><strong>quod</strong></span> <span class='ocrx_word' id='word_1_226' title='bbox 930 2403 1188 2486; x_wconf 87' lang='lat' dir='ltr'><strong>deturpationem</strong></span> 
     </span>
     <span class='ocr_line' id='line_1_27' title="bbox 64 2483 1186 2568; baseline 0.006 -24"><span class='ocrx_word' id='word_1_227' title='bbox 64 2483 182 2544; x_wconf 51' lang='lat' dir='ltr'><strong>‘iudex</strong></span> <span class='ocrx_word' id='word_1_228' title='bbox 217 2483 420 2566; x_wconf 88' lang='lat' dir='ltr'><strong>inspexerit,</strong></span> <span class='ocrx_word' id='word_1_229' title='bbox 458 2483 606 2544; x_wconf 89' lang='lat' dir='ltr'><strong>damnare</strong></span> <span class='ocrx_word' id='word_1_230' title='bbox 642 2505 708 2546; x_wconf 91' lang='lat' dir='ltr'><strong>non</strong></span> <span class='ocrx_word' id='word_1_231' title='bbox 746 2485 923 2547; x_wconf 88' lang='lat' dir='ltr'><strong>morabitur</strong></span> <span class='ocrx_word' id='word_1_232' title='bbox 956 2505 1186 2568; x_wconf 88' lang='lat' dir='ltr'><strong>percussorem.</strong></span> 
     </span>
     <span class='ocr_line' id='line_1_28' title="bbox 81 2565 1187 2651; baseline 0.005 -27"><span class='ocrx_word' id='word_1_233' title='bbox 81 2565 180 2645; x_wconf 88' lang='lat' dir='ltr'><strong>Quod</strong></span> <span class='ocrx_word' id='word_1_234' title='bbox 205 2565 301 2626; x_wconf 91' lang='lat' dir='ltr'><strong>etiam</strong></span> <span class='ocrx_word' id='word_1_235' title='bbox 325 2565 473 2627; x_wconf 85' lang='lat' dir='ltr'><strong>similiter</strong></span> <span class='ocrx_word' id='word_1_236' title='bbox 498 2575 531 2626; x_wconf 93' lang='lat' dir='ltr'><strong>et</strong></span> <span class='ocrx_word' id='word_1_237' title='bbox 565 2565 604 2626; x_wconf 93' lang='lat' dir='ltr'><strong>de</strong></span> <span class='ocrx_word' id='word_1_238' title='bbox 626 2567 719 2628; x_wconf 88' lang='lat' dir='ltr'><strong>labiis</strong></span> <span class='ocrx_word' id='word_1_239' title='bbox 748 2568 801 2630; x_wconf 92' lang='lat' dir='ltr'><strong>vel</strong></span> <span class='ocrx_word' id='word_1_240' title='bbox 823 2568 953 2630; x_wconf 89' lang='lat' dir='ltr'><strong>auribus</strong></span> <span class='ocrx_word' id='word_1_241' title='bbox 974 2568 1187 2651; x_wconf 87' lang='lat' dir='ltr'><strong>praecipimus</strong></span> 
     </span>
     <span class='ocr_line' id='line_1_29' title="bbox 81 2647 1189 2730; baseline 0 -20"><span class='ocrx_word' id='word_1_242' title='bbox 81 2647 248 2710; x_wconf 85' lang='lat' dir='ltr'><strong>custodiri.</strong></span> <span class='ocrx_word' id='word_1_243' title='bbox 290 2648 350 2710; x_wconf 90' lang='lat' dir='ltr'><strong>Cui</strong></span> <span class='ocrx_word' id='word_1_244' title='bbox 371 2648 593 2730; x_wconf 89' lang='lat' dir='ltr'><strong>ponderositas</strong></span> <span class='ocrx_word' id='word_1_245' title='bbox 614 2649 697 2710; x_wconf 87' lang='lat' dir='ltr'><strong>facta</strong></span> <span class='ocrx_word' id='word_1_246' title='bbox 716 2650 825 2728; x_wconf 88' lang='lat' dir='ltr'><strong>fuerit,</strong></span> <span class='ocrx_word' id='word_1_247' title='bbox 845 2661 976 2712; x_wconf 90' lang='lat' dir='ltr'><strong>centum</strong></span> <span class='ocrx_word' id='word_1_248' title='bbox 998 2652 1093 2712; x_wconf 90' lang='lat' dir='ltr'><strong>solidi</strong></span> <span class='ocrx_word' id='word_1_249' title='bbox 1111 2653 1189 2714; x_wconf 89' lang='lat' dir='ltr'><strong>den-</strong></span> 
     </span>
     <span class='ocr_line' id='line_1_30' title="bbox 82 2729 1187 2815; baseline 0.001 -23"><span class='ocrx_word' id='word_1_250' title='bbox 82 2741 137 2792; x_wconf 88' lang='lat' dir='ltr'><strong>tur</strong></span> <span class='ocrx_word' id='word_1_251' title='bbox 167 2729 202 2789; x_wconf 91' lang='lat' dir='ltr'><strong>in</strong></span> <span class='ocrx_word' id='word_1_252' title='bbox 235 2730 476 2813; x_wconf 88' lang='lat' dir='ltr'><strong>compositione.</strong></span> <span class='ocrx_word' id='word_1_253' title='bbox 527 2729 592 2809; x_wconf 87' lang='lat' dir='ltr'><strong>Qui</strong></span> <span class='ocrx_word' id='word_1_254' title='bbox 619 2750 749 2792; x_wconf 89' lang='lat' dir='ltr'><strong>manum</strong></span> <span class='ocrx_word' id='word_1_255' title='bbox 775 2753 816 2793; x_wconf 87' lang='lat' dir='ltr'><strong>ex</strong></span> <span class='ocrx_word' id='word_1_256' title='bbox 845 2733 970 2815; x_wconf 82' lang='lat' dir='ltr'><strong>integro</strong></span> <span class='ocrx_word' id='word_1_257' title='bbox 1000 2734 1187 2811; x_wconf 89' lang='lat' dir='ltr'><strong>absciderit,</strong></span> 
     </span>
     <span class='ocr_line' id='line_1_31' title="bbox 79 2812 1188 2954; baseline -0.001 -78"><span class='ocrx_word' id='word_1_258' title='bbox 79 2815 135 2876; x_wconf 88' lang='lat' dir='ltr'><strong>vel</strong></span> <span class='ocrx_word' id='word_1_259' title='bbox 162 2812 258 2873; x_wconf 88' lang='lat' dir='ltr'><strong>etiam</strong></span> <span class='ocrx_word' id='word_1_260' title='bbox 285 2814 431 2894; x_wconf 89' lang='lat' dir='ltr'><strong>quolibet</strong></span> <span class='ocrx_word' id='word_1_261' title='bbox 451 2813 518 2874; x_wconf 90' lang='lat' dir='ltr'><strong>ictu</strong></span> <span class='ocrx_word' id='word_1_262' title='bbox 541 2814 586 2872; x_wconf 92' lang='lat' dir='ltr'><strong>ita</strong></span> <span class='ocrx_word' id='word_1_263' title='bbox 609 2813 819 2954; x_wconf 86' lang='lat' dir='ltr'><strong>percusserit,</strong></span> <span class='ocrx_word' id='word_1_264' title='bbox 842 2824 878 2875; x_wconf 92' lang='lat' dir='ltr'><strong>ut</strong></span> <span class='ocrx_word' id='word_1_265' title='bbox 895 2817 936 2877; x_wconf 89' lang='lat' dir='ltr'><strong>ad</strong></span> <span class='ocrx_word' id='word_1_266' title='bbox 955 2817 1084 2876; x_wconf 90' lang='lat' dir='ltr'><strong>nullum</strong></span> <span class='ocrx_word' id='word_1_267' title='bbox 1109 2839 1188 2900; x_wconf 89' lang='lat' dir='ltr'><strong>opus</strong></span> 
     </span>
     <span class='ocr_line' id='line_1_32' title="bbox 81 2895 1188 2981; baseline 0.002 -25"><span class='ocrx_word' id='word_1_268' title='bbox 81 2895 150 2978; x_wconf 90' lang='lat' dir='ltr'><strong>ipse</strong></span> <span class='ocrx_word' id='word_1_269' title='bbox 182 2895 397 2978; x_wconf 85' lang='lat' dir='ltr'><strong>prodefaciat,</strong></span> <span class='ocrx_word' id='word_1_270' title='bbox 421 2905 550 2956; x_wconf 88' lang='lat' dir='ltr'><strong>centum</strong></span> <span class='ocrx_word' id='word_1_271' title='bbox 574 2917 607 2956; x_wconf 94' lang='lat' dir='ltr'><strong>so</strong></span> <span class='ocrx_word' id='word_1_272' title='bbox 624 2895 692 2957; x_wconf 90' lang='lat' dir='ltr'><strong>idos</strong></span> <span class='ocrx_word' id='word_1_273' title='bbox 715 2918 885 2979; x_wconf 90' lang='lat' dir='ltr'><strong>percussor</strong></span> <span class='ocrx_word' id='word_1_274' title='bbox 904 2907 1083 2981; x_wconf 89' lang='lat' dir='ltr'><strong>componat.</strong></span> <span class='ocrx_word' id='word_1_275' title='bbox 1124 2900 1188 2959; x_wconf 92' lang='lat' dir='ltr'><strong>Pro</strong></span> 
     </span>
     <span class='ocr_line' id='line_1_33' title="bbox 81 2977 1188 3062; baseline 0.001 -23"><span class='ocrx_word' id='word_1_276' title='bbox 81 2978 203 3060; x_wconf 86' lang='lat' dir='ltr'><strong>pollice</strong></span> <span class='ocrx_word' id='word_1_277' title='bbox 225 2986 332 3038; x_wconf 90' lang='lat' dir='ltr'><strong>autem</strong></span> <span class='ocrx_word' id='word_1_278' title='bbox 346 2981 381 3044; x_wconf 89' lang='lat' dir='ltr'><strong>L.</strong></span> <span class='ocrx_word' id='word_1_279' title='bbox 411 3000 469 3062; x_wconf 93' lang='lat' dir='ltr'><strong>pro</strong></span> <span class='ocrx_word' id='word_1_280' title='bbox 494 2977 643 3060; x_wconf 88' lang='lat' dir='ltr'><strong>sequenti</strong></span> <span class='ocrx_word' id='word_1_281' title='bbox 665 2978 767 3061; x_wconf 84' lang='lat' dir='ltr'><strong>digito</strong></span> <span class='ocrx_word' id='word_1_282' title='bbox 792 2981 857 3040; x_wconf 92' lang='lat' dir='ltr'><strong>XL.</strong></span> <span class='ocrx_word' id='word_1_283' title='bbox 878 3001 937 3062; x_wconf 92' lang='lat' dir='ltr'><strong>pro</strong></span> <span class='ocrx_word' id='word_1_284' title='bbox 962 2981 1058 3041; x_wconf 91' lang='lat' dir='ltr'><strong>tertio</strong></span> <span class='ocrx_word' id='word_1_285' title='bbox 1077 2977 1188 3042; x_wconf 91' lang='lat' dir='ltr'><strong>XXX.</strong></span> 
     </span>
     <span class='ocr_line' id='line_1_34' title="bbox 59 3059 1190 3145; baseline 0.002 -26"><span class='ocrx_word' id='word_1_286' title='bbox 59 3078 61 3080; x_wconf 89' lang='grc'><strong><em>·</em></strong></span> <span class='ocrx_word' id='word_1_287' title='bbox 81 3082 141 3144; x_wconf 91' lang='lat' dir='ltr'><strong>pro</strong></span> <span class='ocrx_word' id='word_1_288' title='bbox 163 3070 278 3142; x_wconf 88' lang='lat' dir='ltr'><strong>quarto</strong></span> <span class='ocrx_word' id='word_1_289' title='bbox 298 3059 375 3126; x_wconf 89' lang='lat' dir='ltr'><strong>XX.</strong></span> <span class='ocrx_word' id='word_1_290' title='bbox 404 3083 462 3143; x_wconf 92' lang='lat' dir='ltr'><strong>pro</strong></span> <span class='ocrx_word' id='word_1_291' title='bbox 485 3061 600 3142; x_wconf 91' lang='lat' dir='ltr'><strong>quinto</strong></span> <span class='ocrx_word' id='word_1_292' title='bbox 621 3059 661 3122; x_wconf 90' lang='lat' dir='ltr'><strong>X.</strong></span> <span class='ocrx_word' id='word_1_293' title='bbox 684 3062 805 3124; x_wconf 90' lang='lat' dir='ltr'><strong>solidos</strong></span> <span class='ocrx_word' id='word_1_294' title='bbox 828 3061 1066 3145; x_wconf 90' lang='lat' dir='ltr'><strong>compositionis</strong></span> <span class='ocrx_word' id='word_1_295' title='bbox 1088 3062 1190 3124; x_wconf 86' lang='lat' dir='ltr'><strong>exsol-</strong></span> 
     </span>
     <span class='ocr_line' id='line_1_35' title="bbox 83 3143 1188 3227; baseline 0.001 -25"><span class='ocrx_word' id='word_1_296' title='bbox 83 3153 143 3202; x_wconf 80' lang='lat' dir='ltr'><strong>vat.</strong></span> <span class='ocrx_word' id='word_1_297' title='bbox 186 3144 278 3221; x_wconf 85' lang='lat' dir='ltr'><strong>Quae</strong></span> <span class='ocrx_word' id='word_1_298' title='bbox 299 3143 422 3204; x_wconf 89' lang='lat' dir='ltr'><strong>scilicet</strong></span> <span class='ocrx_word' id='word_1_299' title='bbox 443 3165 563 3204; x_wconf 90' lang='lat' dir='ltr'><strong>summa</strong></span> <span class='ocrx_word' id='word_1_300' title='bbox 584 3150 615 3202; x_wconf 91' lang='lat' dir='ltr'><strong>et</strong></span> <span class='ocrx_word' id='word_1_301' title='bbox 628 3143 668 3204; x_wconf 91' lang='lat' dir='ltr'><strong>de</strong></span> <span class='ocrx_word' id='word_1_302' title='bbox 690 3144 825 3227; x_wconf 90' lang='lat' dir='ltr'><strong>pedibus</strong></span> <span class='ocrx_word' id='word_1_303' title='bbox 847 3143 911 3206; x_wconf 89' lang='lat' dir='ltr'><strong>erit</strong></span> <span class='ocrx_word' id='word_1_304' title='bbox 932 3144 1103 3226; x_wconf 88' lang='lat' dir='ltr'><strong>implenda.</strong></span> <span class='ocrx_word' id='word_1_305' title='bbox 1125 3147 1188 3206; x_wconf 92' lang='lat' dir='ltr'><strong>Pro</strong></span> 
     </span>
     <span class='ocr_line' id='line_1_36' title="bbox 82 3225 1189 3310; baseline -0.002 -24"><span class='ocrx_word' id='word_1_306' title='bbox 82 3225 219 3307; x_wconf 84' lang='lat' dir='ltr'><strong>singulis</strong></span> <span class='ocrx_word' id='word_1_307' title='bbox 241 3234 346 3285; x_wconf 88' lang='lat' dir='ltr'><strong>autem</strong></span> <span class='ocrx_word' id='word_1_308' title='bbox 369 3225 509 3286; x_wconf 84' lang='lat' dir='ltr'><strong>excussis</strong></span> <span class='ocrx_word' id='word_1_309' title='bbox 531 3225 680 3287; x_wconf 88' lang='lat' dir='ltr'><strong>dentibus</strong></span> <span class='ocrx_word' id='word_1_310' title='bbox 702 3226 845 3288; x_wconf 91' lang='lat' dir='ltr'><strong>duodeni</strong></span> <span class='ocrx_word' id='word_1_311' title='bbox 872 3227 967 3288; x_wconf 90' lang='lat' dir='ltr'><strong>solidi</strong></span> <span class='ocrx_word' id='word_1_312' title='bbox 993 3247 1189 3310; x_wconf 90' lang='lat' dir='ltr'><strong>componan-</strong></span> 
     </span>
    </p>
   </div>
   <div class='ocr_carea' id='block_1_5' title="bbox 80 3299 1290 3392">
    <p class='ocr_par' dir='ltr' id='par_1_5' title="bbox 80 3299 1290 3392">
     <span class='ocr_line' id='line_1_37' title="bbox 80 3299 1290 3392; baseline 0 -24"><span class='ocrx_word' id='word_1_313' title='bbox 80 3317 145 3372; x_wconf 87' lang='lat' dir='ltr'><strong>tur.</strong></span> <span class='ocrx_word' id='word_1_314' title='bbox 186 3306 254 3384; x_wconf 89' lang='lat' dir='ltr'><strong>Qui</strong></span> <span class='ocrx_word' id='word_1_315' title='bbox 284 3299 386 3368; x_wconf 77' lang='lat' dir='ltr'><strong>c&#39;assos</strong></span> <span class='ocrx_word' id='word_1_316' title='bbox 412 3307 505 3368; x_wconf 89' lang='lat' dir='ltr'><strong>alteri</strong></span> <span class='ocrx_word' id='word_1_317' title='bbox 537 3307 689 3390; x_wconf 81' lang='lat' dir='ltr'><strong>fregerit,</strong></span> <span class='ocrx_word' id='word_1_318' title='bbox 718 3320 812 3371; x_wconf 83' lang='lat' dir='ltr'><strong>etex</strong></span> <span class='ocrx_word' id='word_1_319' title='bbox 838 3309 900 3370; x_wconf 89' lang='lat' dir='ltr'><strong>hoc</strong></span> <span class='ocrx_word' id='word_1_320' title='bbox 930 3309 987 3390; x_wconf 91' lang='lat' dir='ltr'><strong>qui</strong></span> <span class='ocrx_word' id='word_1_321' title='bbox 1020 3330 1189 3392; x_wconf 86' lang='lat' dir='ltr'><strong>percussus</strong></span> <span class='ocrx_word' id='word_1_322' title='bbox 1288 3379 1290 3388; x_wconf 60' lang='lat'><strong>.</strong></span> 
     </span>
    </p>
   </div>
   <div class='ocr_carea' id='block_1_6' title="bbox 79 3387 1191 4297">
    <p class='ocr_par' dir='ltr' id='par_1_6' title="bbox 79 3387 1191 4297">
     <span class='ocr_line' id='line_1_38' title="bbox 80 3387 1190 3475; baseline 0 -25"><span class='ocrx_word' id='word_1_323' title='bbox 80 3399 129 3450; x_wconf 87' lang='lat' dir='ltr'><strong>est</strong></span> <span class='ocrx_word' id='word_1_324' title='bbox 150 3387 268 3450; x_wconf 89' lang='lat' dir='ltr'><strong>debilis</strong></span> <span class='ocrx_word' id='word_1_325' title='bbox 288 3390 482 3472; x_wconf 90' lang='lat' dir='ltr'><strong>apparuerit,</strong></span> <span class='ocrx_word' id='word_1_326' title='bbox 497 3389 612 3450; x_wconf 91' lang='lat' dir='ltr'><strong>libram</strong></span> <span class='ocrx_word' id='word_1_327' title='bbox 633 3392 702 3452; x_wconf 90' lang='lat' dir='ltr'><strong>auri</strong></span> <span class='ocrx_word' id='word_1_328' title='bbox 721 3413 890 3473; x_wconf 85' lang='lat' dir='ltr'><strong>percussor</strong></span> <span class='ocrx_word' id='word_1_329' title='bbox 902 3413 1093 3475; x_wconf 87' lang='lat' dir='ltr'><strong>componere</strong></span> <span class='ocrx_word' id='word_1_330' title='bbox 1113 3411 1190 3474; x_wconf 93' lang='lat' dir='ltr'><strong>pro-</strong></span> 
     </span>
     <span class='ocr_line' id='line_1_39' title="bbox 81 3470 1190 3557; baseline -0.002 -23"><span class='ocrx_word' id='word_1_331' title='bbox 81 3470 218 3534; x_wconf 88' lang='lat' dir='ltr'><strong>curabit.</strong></span> <span class='ocrx_word' id='word_1_332' title='bbox 260 3472 303 3532; x_wconf 90' lang='lat' dir='ltr'><strong>Et</strong></span> <span class='ocrx_word' id='word_1_333' title='bbox 327 3473 386 3534; x_wconf 91' lang='lat' dir='ltr'><strong>ista</strong></span> <span class='ocrx_word' id='word_1_334' title='bbox 411 3472 544 3554; x_wconf 93' lang='lat' dir='ltr'><strong>quidem</strong></span> <span class='ocrx_word' id='word_1_335' title='bbox 567 3472 654 3534; x_wconf 92' lang='lat' dir='ltr'><strong>inter</strong></span> <span class='ocrx_word' id='word_1_336' title='bbox 678 3473 836 3557; x_wconf 79' lang='lat' dir='ltr'><strong>ingenuos</strong></span> <span class='ocrx_word' id='word_1_337' title='bbox 860 3474 1057 3536; x_wconf 87' lang='lat' dir='ltr'><strong>observanda</strong></span> <span class='ocrx_word' id='word_1_338' title='bbox 1078 3484 1110 3535; x_wconf 94' lang='lat' dir='ltr'><strong>et</strong></span> <span class='ocrx_word' id='word_1_339' title='bbox 1128 3474 1190 3533; x_wconf 91' lang='lat' dir='ltr'><strong>im-</strong></span> 
     </span>
     <span class='ocr_line' id='line_1_40' title="bbox 80 3554 1189 3638; baseline 0.001 -24"><span class='ocrx_word' id='word_1_340' title='bbox 80 3554 202 3637; x_wconf 92' lang='lat' dir='ltr'><strong>plenda</strong></span> <span class='ocrx_word' id='word_1_341' title='bbox 227 3563 311 3615; x_wconf 90' lang='lat' dir='ltr'><strong>sunt.</strong></span> <span class='ocrx_word' id='word_1_342' title='bbox 354 3554 388 3615; x_wconf 90' lang='lat' dir='ltr'><strong>Si</strong></span> <span class='ocrx_word' id='word_1_343' title='bbox 411 3575 489 3615; x_wconf 92' lang='lat' dir='ltr'><strong>vero</strong></span> <span class='ocrx_word' id='word_1_344' title='bbox 512 3576 624 3616; x_wconf 88' lang='lat' dir='ltr'><strong>servus</strong></span> <span class='ocrx_word' id='word_1_345' title='bbox 645 3555 707 3617; x_wconf 91' lang='lat' dir='ltr'><strong>hoc</strong></span> <span class='ocrx_word' id='word_1_346' title='bbox 729 3556 871 3638; x_wconf 84' lang='lat' dir='ltr'><strong>ingenuo</strong></span> <span class='ocrx_word' id='word_1_347' title='bbox 898 3558 1031 3634; x_wconf 89' lang='lat' dir='ltr'><strong>fecerit,</strong></span> <span class='ocrx_word' id='word_1_348' title='bbox 1053 3556 1105 3618; x_wconf 84' lang='lat' dir='ltr'><strong>vel</strong></span> <span class='ocrx_word' id='word_1_349' title='bbox 1128 3555 1189 3616; x_wconf 90' lang='lat' dir='ltr'><strong>eti-</strong></span> 
     </span>
     <span class='ocr_line' id='line_1_41' title="bbox 81 3635 1189 3720; baseline 0.002 -26"><span class='ocrx_word' id='word_1_350' title='bbox 81 3657 132 3694; x_wconf 88' lang='lat' dir='ltr'><strong>am</strong></span> <span class='ocrx_word' id='word_1_351' title='bbox 159 3636 337 3717; x_wconf 82' lang='lat' dir='ltr'><strong>ingenuum</strong></span> <span class='ocrx_word' id='word_1_352' title='bbox 365 3635 592 3715; x_wconf 85' lang='lat' dir='ltr'><strong>decalvaverit,</strong></span> <span class='ocrx_word' id='word_1_353' title='bbox 620 3637 654 3697; x_wconf 90' lang='lat' dir='ltr'><strong>in</strong></span> <span class='ocrx_word' id='word_1_354' title='bbox 679 3638 747 3700; x_wconf 87' lang='lat' dir='ltr'><strong>eius</strong></span> <span class='ocrx_word' id='word_1_355' title='bbox 766 3646 922 3720; x_wconf 87' lang='lat' dir='ltr'><strong>potestate</strong></span> <span class='ocrx_word' id='word_1_356' title='bbox 941 3638 1115 3700; x_wconf 85' lang='lat' dir='ltr'><strong>tradendus</strong></span> <span class='ocrx_word' id='word_1_357' title='bbox 1131 3646 1189 3716; x_wconf 83' lang='lat' dir='ltr'><strong>est,</strong></span> 
     </span>
     <span class='ocr_line' id='line_1_42' title="bbox 83 3718 1189 3802; baseline 0.004 -26"><span class='ocrx_word' id='word_1_358' title='bbox 83 3727 119 3777; x_wconf 94' lang='lat' dir='ltr'><strong>ut</strong></span> <span class='ocrx_word' id='word_1_359' title='bbox 144 3718 194 3778; x_wconf 88' lang='lat' dir='ltr'><strong>sui</strong></span> <span class='ocrx_word' id='word_1_360' title='bbox 226 3718 266 3779; x_wconf 89' lang='lat' dir='ltr'><strong>sit</strong></span> <span class='ocrx_word' id='word_1_361' title='bbox 296 3719 421 3780; x_wconf 89' lang='lat' dir='ltr'><strong>arbitrii</strong></span> <span class='ocrx_word' id='word_1_362' title='bbox 450 3718 490 3780; x_wconf 93' lang='lat' dir='ltr'><strong>de</strong></span> <span class='ocrx_word' id='word_1_363' title='bbox 522 3739 561 3780; x_wconf 90' lang='lat' dir='ltr'><strong>eo</strong></span> <span class='ocrx_word' id='word_1_364' title='bbox 590 3721 696 3781; x_wconf 85' lang='lat' dir='ltr'><strong>facere</strong></span> <span class='ocrx_word' id='word_1_365' title='bbox 722 3720 810 3802; x_wconf 93' lang='lat' dir='ltr'><strong>quod</strong></span> <span class='ocrx_word' id='word_1_366' title='bbox 837 3721 987 3782; x_wconf 83' lang='lat' dir='ltr'><strong>voluerit.</strong></span> <span class='ocrx_word' id='word_1_367' title='bbox 1046 3721 1080 3782; x_wconf 90' lang='lat' dir='ltr'><strong>si</strong></span> <span class='ocrx_word' id='word_1_368' title='bbox 1103 3730 1189 3782; x_wconf 90' lang='lat' dir='ltr'><strong>certe</strong></span> 
     </span>
     <span class='ocr_line' id='line_1_43' title="bbox 80 3801 1191 3884; baseline 0.003 -24"><span class='ocrx_word' id='word_1_369' title='bbox 80 3801 244 3884; x_wconf 81' lang='lat' dir='ltr'><strong>ingenuus</strong></span> <span class='ocrx_word' id='word_1_370' title='bbox 265 3821 394 3864; x_wconf 89' lang='lat' dir='ltr'><strong>servum</strong></span> <span class='ocrx_word' id='word_1_371' title='bbox 416 3801 549 3863; x_wconf 89' lang='lat' dir='ltr'><strong>alterius</strong></span> <span class='ocrx_word' id='word_1_372' title='bbox 573 3801 800 3878; x_wconf 85' lang='lat' dir='ltr'><strong>decalvaverit,</strong></span> <span class='ocrx_word' id='word_1_373' title='bbox 822 3811 876 3862; x_wconf 91' lang='lat' dir='ltr'><strong>aut</strong></span> <span class='ocrx_word' id='word_1_374' title='bbox 900 3803 1068 3865; x_wconf 85' lang='lat' dir='ltr'><strong>decalvare</strong></span> <span class='ocrx_word' id='word_1_375' title='bbox 1093 3803 1191 3863; x_wconf 91' lang='lat' dir='ltr'><strong>iusse-</strong></span> 
     </span>
     <span class='ocr_line' id='line_1_44' title="bbox 79 3882 1190 3962; baseline 0.002 -20"><span class='ocrx_word' id='word_1_376' title='bbox 79 3883 124 3942; x_wconf 89' lang='lat' dir='ltr'><strong>rit</strong></span> <span class='ocrx_word' id='word_1_377' title='bbox 152 3882 351 3944; x_wconf 86' lang='lat' dir='ltr'><strong>rusticanum</strong></span> <span class='ocrx_word' id='word_1_378' title='bbox 360 3929 370 3962; x_wconf 83' lang='lat'><strong>,</strong></span> <span class='ocrx_word' id='word_1_379' title='bbox 393 3885 447 3946; x_wconf 92' lang='lat' dir='ltr'><strong>det</strong></span> <span class='ocrx_word' id='word_1_380' title='bbox 471 3883 540 3946; x_wconf 90' lang='lat' dir='ltr'><strong>eius</strong></span> <span class='ocrx_word' id='word_1_381' title='bbox 565 3883 695 3944; x_wconf 92' lang='lat' dir='ltr'><strong>domiuo</strong></span> <span class='ocrx_word' id='word_1_382' title='bbox 718 3884 836 3946; x_wconf 87' lang='lat' dir='ltr'><strong>solidos</strong></span> <span class='ocrx_word' id='word_1_383' title='bbox 862 3885 904 3946; x_wconf 91' lang='lat' dir='ltr'><strong>X.</strong></span> <span class='ocrx_word' id='word_1_384' title='bbox 958 3885 991 3946; x_wconf 92' lang='lat' dir='ltr'><strong>Si</strong></span> <span class='ocrx_word' id='word_1_385' title='bbox 1015 3905 1092 3946; x_wconf 89' lang='lat' dir='ltr'><strong>vero</strong></span> <span class='ocrx_word' id='word_1_386' title='bbox 1118 3885 1190 3945; x_wconf 93' lang='lat' dir='ltr'><strong>ido·</strong></span> 
     </span>
     <span class='ocr_line' id='line_1_45' title="bbox 80 3965 1187 4050; baseline 0.005 -26"><span class='ocrx_word' id='word_1_387' title='bbox 80 3986 198 4043; x_wconf 91' lang='lat' dir='ltr'><strong>neum,</strong></span> <span class='ocrx_word' id='word_1_388' title='bbox 235 3967 272 4031; x_wconf 89' lang='lat' dir='ltr'><strong>C.</strong></span> <span class='ocrx_word' id='word_1_389' title='bbox 301 3965 428 4048; x_wconf 83' lang='lat' dir='ltr'><strong>flagella</strong></span> <span class='ocrx_word' id='word_1_390' title='bbox 460 3965 634 4050; x_wconf 84' lang='lat' dir='ltr'><strong>suscipiat,</strong></span> <span class='ocrx_word' id='word_1_391' title='bbox 669 3974 702 4028; x_wconf 90' lang='lat' dir='ltr'><strong>et</strong></span> <span class='ocrx_word' id='word_1_392' title='bbox 731 3966 945 4049; x_wconf 88' lang='lat' dir='ltr'><strong>supradictam</strong></span> <span class='ocrx_word' id='word_1_393' title='bbox 972 3988 1125 4029; x_wconf 88' lang='lat' dir='ltr'><strong>summam</strong></span> <span class='ocrx_word' id='word_1_394' title='bbox 1151 3967 1187 4031; x_wconf 86' lang='lat' dir='ltr'><strong>C.</strong></span> 
     </span>
     <span class='ocr_line' id='line_1_46' title="bbox 81 4047 1191 4130; baseline -0.002 -22"><span class='ocrx_word' id='word_1_395' title='bbox 81 4049 260 4109; x_wconf 87' lang='lat' dir='ltr'><strong>solidorum</strong></span> <span class='ocrx_word' id='word_1_396' title='bbox 283 4050 366 4111; x_wconf 88' lang='lat' dir='ltr'><strong>servi</strong></span> <span class='ocrx_word' id='word_1_397' title='bbox 391 4049 523 4110; x_wconf 92' lang='lat' dir='ltr'><strong>domiuo</strong></span> <span class='ocrx_word' id='word_1_398' title='bbox 551 4059 679 4110; x_wconf 90' lang='lat' dir='ltr'><strong>coactus</strong></span> <span class='ocrx_word' id='word_1_399' title='bbox 704 4049 857 4114; x_wconf 82' lang='lat' dir='ltr'><strong>exsolvat.</strong></span> <span class='ocrx_word' id='word_1_400' title='bbox 909 4050 1006 4128; x_wconf 91' lang='lat' dir='ltr'><strong>Quod</strong></span> <span class='ocrx_word' id='word_1_401' title='bbox 1032 4049 1059 4112; x_wconf 87' lang='lat' dir='ltr'><strong>si</strong></span> <span class='ocrx_word' id='word_1_402' title='bbox 1083 4047 1191 4130; x_wconf 86' lang='lat' dir='ltr'><strong>quali-</strong></span> 
     </span>
     <span class='ocr_line' id='line_1_47' title="bbox 80 4129 1191 4214; baseline 0.001 -25"><span class='ocrx_word' id='word_1_403' title='bbox 80 4129 137 4192; x_wconf 88' lang='lat' dir='ltr'><strong>bet</strong></span> <span class='ocrx_word' id='word_1_404' title='bbox 157 4131 303 4213; x_wconf 85' lang='lat' dir='ltr'><strong>corporis</strong></span> <span class='ocrx_word' id='word_1_405' title='bbox 322 4139 413 4214; x_wconf 88' lang='lat' dir='ltr'><strong>parte</strong></span> <span class='ocrx_word' id='word_1_406' title='bbox 440 4152 569 4194; x_wconf 89' lang='lat' dir='ltr'><strong>servum</strong></span> <span class='ocrx_word' id='word_1_407' title='bbox 591 4132 811 4208; x_wconf 87' lang='lat' dir='ltr'><strong>truncaverit,</strong></span> <span class='ocrx_word' id='word_1_408' title='bbox 841 4132 893 4192; x_wconf 85' lang='lat' dir='ltr'><strong>vel</strong></span> <span class='ocrx_word' id='word_1_409' title='bbox 918 4142 1068 4193; x_wconf 87' lang='lat' dir='ltr'><strong>truncare</strong></span> <span class='ocrx_word' id='word_1_410' title='bbox 1092 4133 1191 4191; x_wconf 88' lang='lat' dir='ltr'><strong>iusse-</strong></span> 
     </span>
     <span class='ocr_line' id='line_1_48' title="bbox 81 4213 1190 4297; baseline 0 -25"><span class='ocrx_word' id='word_1_411' title='bbox 81 4213 126 4273; x_wconf 90' lang='lat' dir='ltr'><strong>rit</strong></span> <span class='ocrx_word' id='word_1_412' title='bbox 148 4213 315 4291; x_wconf 87' lang='lat' dir='ltr'><strong>alienum,</strong></span> <span class='ocrx_word' id='word_1_413' title='bbox 347 4213 562 4282; x_wconf 86' lang='lat' dir='ltr'><strong>ducentorum</strong></span> <span class='ocrx_word' id='word_1_414' title='bbox 596 4215 797 4297; x_wconf 78' lang='lat' dir='ltr'><strong>flagellorum</strong></span> <span class='ocrx_word' id='word_1_415' title='bbox 838 4213 954 4279; x_wconf 82' lang='lat' dir='ltr'><strong>ictibus</strong></span> <span class='ocrx_word' id='word_1_416' title='bbox 985 4213 1190 4290; x_wconf 86' lang='lat' dir='ltr'><strong>verberetur,</strong></span> 
     </span>
    </p>
   </div>
   <div class='ocr_carea' id='block_1_7' title="bbox 0 0 1354 4868">
    <p class='ocr_par' dir='ltr' id='par_1_7' title="bbox 0 0 1354 4868">
     <span class='ocr_line' id='line_1_49' title="bbox 0 0 1354 4868; baseline 0 0"><span class='ocrx_word' id='word_1_417' title='bbox 0 0 1354 4868; x_wconf 95' lang='lat' dir='ltr'><strong> </strong></span> 
     </span>
    </p>
   </div>
  </div>
 </body>
</html>
