2632 4822
423 277 590 334 anieron
625 277 801 335 norman
1115 256 1188 333 745

89 478 91 491 .
164 421 335 488 CCCLiV.
375 421 426 484 De
440 419 549 509 potuis
576 416 603 480 si
634 417 669 479 in
696 439 770 481 esca
798 416 928 481 alterius
957 417 1122 502 paverint,
1157 424 1191 482 'et

82 508 204 571 inventi
234 505 376 582 fuerint,
410 505 437 566 si
459 503 567 564 miuus
588 510 663 563 sunt
679 502 814 579 decem,
853 521 919 563 non
942 501 1107 563 occidatur
1128 518 1190 563 nec

81 614 165 652 unus
187 592 226 652 de
249 589 340 673 ipsis,
373 586 510 649 sedilia
532 586 588 668 qui
610 605 664 652 eoa
686 583 868 663 invenerit,
898 593 1007 645 teneat
1028 581 1129 644 unuin
1151 598 1192 644 ex

81 675 176 758 ipsis,
200 681 232 734 et
252 673 368 732 habeat
389 671 528 746 salvum,
551 678 583 730 et
597 678 834 749 componantur
855 668 884 728 ci
906 689 966 750 per
985 663 1100 750 porcos
1123 665 1193 726 sili-

81 758 176 840 quiae
199 753 262 816 tll.
303 754 383 814 Nam
404 754 431 816 si
456 775 550 836 supra
575 752 689 833 decern
705 751 843 828 fuerint,
874 761 929 810 aut
948 768 1051 833 usque
1073 747 1194 810 adde-

83 842 177 918 eem,'
203 850 288 898 unus
319 836 489 898 mediocris
521 836 701 911 occidatur,
742 841 774 911 et
795 853 861 894 non
882 833 1072 918 requiratur.
1113 833 1193 907 Nam

82 923 109 984 si
132 923 239 998 minus
262 920 375 980 decem
396 919 536 1000 fuerint,
559 927 591 980 et
614 915 912 997 moderannum,
934 914 1195 997 reddatforqui-

84 1005 178 1082 dum,
200 1003 236 1064 id
257 1011 305 1064 est
325 1001 473 1064 similem.
542 1000 694 1066 1.25.3.
918 1024 922 1030 ·

95 1087 97 1092 ’
153 1104 231 1142 roan,
268 1087 346 1138 Petro
369 1093 399 1138 te
426 1087 547 1156 appellat
572 1087 726 1146 Martinus,
756 1081 831 1152 quod
854 1089 886 1135 tu
907 1081 1037 1137 invenisti
1060 1080 1111 1136 ltt.
1134 1097 1197 1136 suos

1 1221 2 1224 Ἴ
65 1173 179 1235 ¹porcos
195 1157 225 1207 in
243 1155 311 1211 silva
327 1163 390 1218 rua,
413 1165 440 1208 et
456 1154 570 1209 tenuisti
590 1169 692 1221 nnum3
719 1152 800 1206 modo
817 1154 879 1208 vult
895 1154 947 1207 tihi
966 1151 1116 1214 ementiare
1129 1151 1197 1204 dan·

50 1239 52 1244 '
84 1246 168 1290 num,
188 1235 216 1280 et
233 1225 330 1280 reddas
347 1224 399 1276 sibi
417 1244 496 1282 suurn
513 1243 636 1296 porcum.

153 1299 232 1350 Petre
249 1305 278 1349 te
297 1296 419 1366 appellat
435 1298 586 1359 Martinus,
615 1292 690 1364 qnod
713 1299 745 1346 tu
763 1292 891 1362 invenisti
907 1295 955 1347 tx.
974 1312 1037 1349 ruer
1053 1305 1150 1362 porcos
1166 1290 1198 1344 in

83 1367 152 1422 silva
168 1376 237 1431 tua,
257 1373 285 1420 et
302 1366 417 1420 tenuisti
434 1385 537 1438 unumr
558 1374 586 1420 et
603 1366 666 1422 vult
683 1378 846 1438 componere
862 1363 976 1438 siliquas
993 1375 1066 1428 tras,
1087 1370 1120 1416 ut
1136 1361 1199 1416 rad·
1280 1361 1283 1367 ’

84 1439 133 1492 das
150 1437 202 1489 sihi
224 1455 303 1492 suum
320 1454 440 1506 porcum.
723 1482 729 1492 .
820 1445 824 1452 '
856 1462 858 1471 v
1055 1463 1058 1474 ·
1117 1459 1120 1470 ¹

154 1511 233 1562 Petro
250 1515 280 1559 te
310 1509 421 1578 ppellat
436 1503 592 1571 Martinus,
619 1504 696 1577 qnod
721 1513 751 1560 tn
769 1503 900 1564 macana·
916 1508 949 1562 V.
975 1518 1151 1577 eucopotcos
1167 1501 1199 1558 in

83 1577 235 1642 eilvatua,
255 1577 283 1634 οἱ
300 1573 426 1634 occidisti
445 1594 538 1632 naum.
744 1627 749 1635 ,
857 1599 861 1603 ·

169 1644 323 1710 CCCLV.
367 1646 402 1707 Si
423 1645 494 1729 quis
517 1645 551 1704 in
576 1654 666 1729 prato
686 1669 803 1729 porcos
820 1649 933 1717 ,fossas
961 1644 1116 1718 facientes
1146 1635 1199 1712 ing-

84 1731 211 1794 venerit
232 1751 334 1790 unum
355 1741 410 1791 aut
430 1729 558 1812 plures,
592 1729 758 1791 occidatur
785 1741 1032 1808 nummatum,
1071 1737 1104 1790 et
1131 1747 1198 1804 nnn

85 1814 276 1896 requiratur.
350 1813 377 1874 Ι.
401 1815 450 1880 23.-
469 1815 500 1890 4.
877 1833 879 1838 ·
1129 1852 1132 1862 ·
1184 1859 1188 1877 .

172 1893 341 1972 CCCLVI,
384 1895 418 1956 Si
435 1895 507 1976 quis
522 1915 646 1957 verrem
664 1893 806 1956 alienum
822 1896 944 1954 furatus
958 1895 1056 1968 fuerit
1071 1916 1191 1976 compo.

90 1978 285 2041 uat'solidos
303 1976 381 2040 XII.
408 1977 513 2060 ipsum
538 1977 595 2060 qui
620 1977 736 2038 dicitur
760 1979 911 2060 sonopair
932 1981 980 2060 g),
1003 1977 1061 2060 qui
1087 1999 1200 2046 omues

88 2065 169 2123 alios
186 2081 293 2120 verres
309 2059 341 2120 in
367 2083 460 2144 grege
482 2059 576 2121 battit
596 2070 628 2122 et
647 2060 756 2124 vincit.
799 2063 939 2122 Tantum
961 2061 995 2120 in
1018 2083 1083 2125 nuo
1101 2081 1199 2143 grege

71 2143 233 2229 'quamvis
254 2144 427 2205 multitudo
448 2165 619 2226 porcorum
640 2142 691 2221 sit,
713 2166 798 2208 unus
820 2153 1023 2227 computetur
1042 2143 1202 2226 sonnpair'.

87 2232 169 2292 Nam
190 2227 216 2288 si
249 2226 355 2294 minor
381 2249 458 2309 grex
479 2225 589 2288 XXX.
618 2227 793 2308 capitibus,
828 2237 1202 2309 nonreputatursono-

88 2312 178 2395 pair,
216 2309 278 2370 nisi
307 2311 408 2372 XXX.
439 2311 491 2370 vel
519 2331 612 2390 supra
641 2310 771 2370 suerint.
826 2311 914 2371 Etsi
935 2312 969 2370 in
993 2309 1200 2392 damasoips‘e

90 2393 240 2474 sonopair
261 2393 386 2453 occisus
406 2393 522 2471 fuerit,
545 2403 599 2453 aut
620 2391 757 2454 similem
778 2402 832 2454 aut
853 2393 1020 2466 meliorem
1040 2391 1127 2469 illes
1144 2391 1201 2478 qui

90 2475 264 2553 occiderit,
296 2477 459 2552 restituat,
495 2484 528 2537 et
561 2477 712 2536 damnum
742 2476 771 2537 ei
802 2485 1020 2560 componatur.
1069 2477 1149 2536 Nam
1173 2471 1202 2536 ‘si

88 2561 177 2706 plios5
188 2580 313 2638 verres,
351 2570 405 2622 aut
425 2580 540 2642 porcos
559 2560 683 2620 furatus
703 2559 832 2638 fuerit,
853 2559 887 2623 in
919 2559 1050 2643 actogilt
1078 2547 1202 2621 reddat.

109 2644 227 2704 .2.l
253 2687 261 2701 .
664 2704 667 2710 ,
953 2679 955 2687 ν
1016 2678 1019 2687 ι
1171 2687 1173 2696 1

171 2665 361 2790 CCXLVIJ.
393 2709 517 2806 Siquis
528 2724 710 2808 porcarium
721 2724 760 2787 de
771 2725 873 2788 libero
884 2725 1202 2804 homiuebattiderit,

1 2832 2 2838 ¹
88 2809 195 2893 ipsum
216 2808 368 2890 quidem,
392 2807 448 2890 qui
470 2809 508 2868 de
531 2815 619 2868 curte
643 2807 741 2888 ipsius
764 2808 849 2889 exit,
879 2827 958 2870 nam
980 2829 1046 2870 non
1070 2811 1109 2872 de
1131 2826 1204 2869 oasa

88 2892 248 2969 massarii,
270 2895 444 2974 componat
466 2890 586 2951 solidos
600 2889 685 2952 XX.
728 2895 868 2955 Tantum
890 2903 956 2970 est,
977 2902 1016 2952 nt
1035 2891 1102 2976 ipse
1123 2913 1203 2975 pon·
1245 2903 1247 2909 ’

90 2976 194 3036 carius
215 2974 324 3035 feritas
345 2974 434 3056 prius
456 2995 522 3034 non
543 2973 658 3050 faciat,
681 2984 735 3037 aut
755 2976 942 3038 scandalum
964 2997 1030 3036 non
1054 2974 1204 3043 commit»

88 3067 146 3120 tat.
186 3057 266 3116 Nam
299 3056 326 3116 si
355 3055 469 3118 fecerit
489 3057 598 3141 plagas
619 3066 674 3120 aut
694 3057 822 3139 feritas,
845 3060 1041 3120 arbitrentur
1062 3066 1094 3118 et
1115 3078 1205 3118 com-

89 3147 261 3223 ponantur.
325 3139 350 3200 Ι.
373 3141 402 3203 8.
426 3161 475 3220 29.

93 3223 96 3228 ’
175 3219 377 3282 CCCLVlll.
432 3221 465 3282 Si
495 3222 558 3283 duo
586 3221 724 3305 porcarii
740 3223 833 3284 *inter
853 3245 886 3286 se
908 3222 1112 3299 battiderint,
1149 3227 1231 3282 aut.
1300 3293 1302 3298 Ι

91 3304 280 3366 scandalum
302 3303 539 3381 commiserint,
562 3305 588 3368 si
609 3305 717 3388 plagas
738 3315 794 3366 aut
812 3307 921 3368 feritas
942 3306 1091 3385 fecerint,
1115 3325 1205 3366 com·

90 3397 270 3471 ponantur:
294 3407 367 3444 nam
388 3385 450 3445 alia
473 3387 567 3470 culpa
589 3408 655 3447 non
677 3389 868 3470 requiratur.
932 3389 958 3451 l.
980 3389 1010 3450 8.
1032 3391 1085 3456 30·

176 3467 344 3531 CCCLIX.
386 3469 420 3528 Si
453 3469 525 3550 quis
553 3491 699 3552 campum
729 3471 872 3532 alienum
902 3472 1058 3551 araverit,
1100 3471 1206 3534 scians

91 3573 157 3620 non
188 3573 302 3628 suum,
348 3560 403 3610 aut
433 3561 610 3614 sementem
634 3575 780 3636 spargere
802 3554 1050 3636 praesumserit,
1093 3556 1208 3638 perdat

90 3656 202 3718 operas
218 3643 250 3694 et
268 3635 387 3716 fruges,
411 3644 443 3694 et
464 3635 532 3714 ille,
557 3636 615 3717 qui
638 3658 785 3720 campum
807 3660 900 3698 suum
922 3637 1104 3722 probaverit
1125 3647 1207 3716 esset

88 3719 205 3780 habeat
225 3718 343 3798 fruges.
407 3723 433 3782 Ι.
457 3739 506 3799 27.
529 3741 558 3779 2.

174 3798 330 3862 CCCLX.
374 3800 409 3862 si
437 3802 510 3882 quis
548 3822 694 3884 campum
722 3801 866 3863 alienum
900 3803 1037 3864 araverit
1068 3803 1209 3865 senuna-l

87 3895 178 3962 tum,
201 3893 256 3944 ant
277 3884 507 3963 devastaverit,
530 3893 562 3946 et
583 3905 676 3946 suum
699 3905 764 3945 non
787 3887 927 3967 potuerit
947 3886 1096 3970 probare,
1118 3877 1210 3977 alitis}

89 3977 216 4029 tantum
237 3967 383 4050 frugum,
419 3976 575 4050 quantum
598 3968 808 4032 devastaverrt
828 3966 958 4054 proprio
980 3949 1209 4042 dominareri-

95 4099 515 4118 ·-----.-.----.-.
974 4127 975 4130 Ἴ
1076 4093 1079 4098 ·
1117 4065 1210 4116 ἰιιΗιά

98 4187 101 4200 ’
120 4241 122 4244 ,
158 4175 189 4244 ὅ)
206 4175 248 4296 Ᾱὲ
259 4174 344 4237 Codri.
363 4171 538 4252 Sonorp'ssyrf
557 4148 1214 4261 aonarpaimsonoffaimenor'p‘lltq¹113&ssss

88 4260 248 4314 saporaret.
606 4301 609 4308 .
868 4254 879 4267 „
956 4260 959 4267 .
1000 4255 1027 4266 ¹.
