2632 4822
358 259 575 319 ereremum
605 258 736 314 metm
770 258 835 314 tn.
855 259 903 314 vv.
1107 246 1179 318 767

67 419 124 473 cut
144 408 178 469 in
210 402 365 467 anteriori
388 399 506 464 Edicto
530 398 736 472 continetur,
773 397 862 480 quod
883 397 1031 462 Rothoris
1056 401 1180 485 glorio·

67 493 209 556 sissimus
234 491 304 550 Rex
325 483 476 548 instituit.
517 484 597 544 Num
619 481 678 563 qui
697 491 796 562 super
818 481 918 540 ulium
942 483 1124 562 adsalierit,
1146 497 1180 548 ct

68 578 114 638 sio
143 596 217 636 eum
237 593 295 655 pro
314 587 518 650 quacumque
544 587 653 626 caussa
677 563 850 640 occiderit,
877 585 1004 628 omnem
1030 569 1180 629 substan·

67 659 143 718 tiam
158 677 248 718 suom
269 654 400 728 amittat,
420 647 453 710 et
464 648 605 717 habeant
620 669 690 708 eam
703 646 840 708 heredes
850 645 961 728 ipsius,
984 649 1040 731 qui
1056 653 1180 714 occisus

66 741 167 801 fuerit
191 740 224 798 in
252 736 313 796 hoc
337 734 462 798 ordine.
494 736 645 792 trasone
665 739 702 791 ut
724 728 877 810 siminus
899 731 998 791 fuerit
1022 733 1090 815 ipso
1109 735 1181 796 suh·

68 816 184 884 stantia
208 818 411 894 homicidae,
444 836 540 898 quam
563 813 706 874 anterior
727 808 917 897 compositio
942 825 1022 892 erat,
1044 827 1099 878 eut
1119 817 1181 880 nisi

66 915 211 980 tantum,
244 911 323 962 tunc
342 910 374 961 et
394 919 445 959 res
468 915 540 958 sues
559 896 671 976 perdet
692 894 761 976 ipse
783 891 965 973 homicida,
994 907 1026 958 et
1045 921 1183 979 persona

68 988 136 1048 eius
159 986 303 1046 trudatur
328 983 368 1042 ad
392 982 591 1064 propinquos
614 979 770 1040 defuncti.
814 979 894 1038 Nam
919 979 944 1038 si
967 983 1106 1062 amptius
1126 983 1182 1042 ha.

66 1069 174 1130 buerit
192 1066 398 1141 substantiae,
418 1081 513 1144 quum
533 1063 599 1144 ipsa
617 1059 804 1143 compositio
821 1060 964 1121 anterior
985 1074 1069 1139 erat,
1088 1065 1182 1126 omit·

66 1160 113 1213 tot
149 1168 260 1212 omnes
286 1169 338 1208 res
374 1165 458 1213 suos,
481 1155 513 1206 et
543 1144 704 1226 accipiant
730 1142 866 1203 heredes
895 1145 1013 1204 mortui
1052 1147 1183 1210 inantea

64 1243 200 1311 tontum,
223 1240 378 1314 quantum
398 1228 532 1310 entique
554 1225 743 1309 compositio
767 1227 884 1302 fuerat,
907 1235 939 1285 et
957 1229 1047 1308 quod
1068 1250 1182 1314 supcr-

63 1317 182 1394 tuerit,
210 1315 356 1375 medium
376 1311 492 1372 habeut
515 1310 623 1370 Curtio
641 1309 757 1392 Regis,
779 1317 810 1370 et
835 1308 979 1368 medium
1002 1311 1096 1374 heres
1122 1315 1182 1375 de-

36 1441 40 1454 ,
63 1399 187 1470 functi;
220 1407 263 1458 et·
277 1398 343 1478 ipse
364 1393 527 1454 homicide
548 1394 685 1452 unimam
710 1413 800 1452 suam
824 1391 949 1457 liberet,
1033 1397 1057 1459 1.
1078 1419 1108 1478 9,
1135 1416 1181 1478 ¹9·

132 1499 215 1534 roun.
251 1481 329 1532 Petre
346 1486 375 1530 te
393 1477 515 1548 appellet
532 1475 685 1538 Martinus,
710 1475 785 1546 quod
803 1482 834 1526 tu
856 1472 1001 1532 ambulasti
1020 1493 1101 1547 super
1127 1480 1184 1532 Do-

62 1561 159 1604 natum
177 1559 281 1621 patrem
299 1567 395 1612 sunm,
422 1557 451 1601 et
471 1545 596 1600 occidisti
619 1546 709 1600 illum.
746 1545 788 1598 Dc
810 1553 891 1600 torto.
929 1545 957 1596 Si
977 1547 1086 1613 dixerit,
1105 1551 1182 1620 quod

64 1623 211 1675 occidisset
239 1639 268 1673 se
292 1617 487 1680 defendendo,
514 1615 631 1687 probet,
661 1620 710 1668 aut
736 1631 800 1668 cum
826 1616 1069 1672 sacramentalibus
1095 1619 1179 1684 iuret,

64 1693 139 1763 quod
157 1706 186 1744 se
206 1688 380 1742 defendendo
404 1687 516 1742 occidit,
769 1691 771 1694 ’
795 1687 797 1692 ’

146 1782 240 1849 ΧΧΙ,
281 1783 381 1859 (ΙΙΙ).
423 1781 458 1841 Si
480 1801 592 1842 servus
613 1799 688 1839 cum
708 1773 878 1839 voiuntate
900 1777 1023 1840 domini
1041 1781 1092 1842 sni
1117 1781 1180 1843 ho-

64 1865 188 1930 minem
208 1857 349 1925 liberum
371 1863 548 1946 occiderit,
581 1869 614 1922 et'
633 1860 804 1943 probatum
824 1862 944 1941 fuerit,
967 1873 1045 1930 tunc
1065 1866 1180 1946 Domi-

66 1970 127 2011 nus
150 1948 219 2008 eius
241 1968 352 2008 omnes
374 1967 518 2008 resenas
540 1945 681 2021 amittet,
703 1943 737 2002 in
762 1965 800 2006 eo
823 1943 956 2022 ordine,
979 1947 1063 2007 sicut
1084 1969 1180 2030 supra

65 2051 229 2090 annexum
251 2039 308 2110 est.
349 2023 391 2090 Et
413 2028 440 2090 si
462 2025 713 2110 Dominusbeius
734 2025 918 2108 negaverit,
941 2031 1030 2108 quod
1051 2051 1110 2112 per
1128 2030 1180 2113 ip-

64 2109 129 2173 sius
151 2111 324 2174 consilium
345 2113 468 2172 fectum
498 2133 562 2172 non
592 2107 722 2186 fuisset,
756 2109 908 2191 purificet
941 2132 975 2171 se
1005 2112 1045 2174 ud
1075 2113 1182 2194 legem
1271 2170 1273 2176 ,

63 2194 146 2271 Dei,
169 2205 199 2256 ct
220 2205 392 2276 componat
413 2195 518 2276 ipsum
539 2203 719 2270 mortuum,
735 2192 835 2254 'sicut
857 2201 951 2252 antea
971 2195 1078 2254 fueret
1099 2217 1179 2256 con·
1283 2241 1285 2246 ,

63 2271 217 2352 suetudo,
239 2287 272 2338 et
293 2278 398 2360 ipsum
419 2277 702 2359 insuperservum
722 2275 826 2337 tradet
845 2273 880 2334 in
898 2275 1046 2338 munibus
1062 2299 1179 2360 paren-

64 2368 133 2420 tum
155 2360 313 2432 defuncti.
393 2361 419 2426 Ι.
441 2381 470 2442 9.
493 2381 543 2420 20.
847 2405 852 2418 .
1098 2407 1101 2414 ,
1152 2425 1157 2434 ,

149 2441 260 2507 XXII.
302 2442 398 2522 (lv.)
450 2442 484 2504 Si
513 2463 577 2524 qua
619 2440 738 2505 mulier
765 2459 818 2504 res
851 2464 921 2505 suas
954 2443 1180 2508 consentiente

64 2523 136 2590 viro
156 2546 216 2586 sno
225 2569 237 2598 ,
261 2524 476 2597 communiter
496 2525 693 2588 venumdare
714 2523 877 2603 voluerit,
901 2525 969 2607 ipse
991 2526 1049 2610 qui
1071 2549 1178 2590 emere

32 2647 34 2654 ι
63 2607 146 2684 vuit,
168 2608 221 2668 vel
239 2603 289 2668 illi
308 2608 366 2690 qui
384 2608 549 2686 vendunt,
571 2605 691 2668 faciunt
708 2605 854 2666 notitiam
874 2608 915 2670 ud
937 2609 1017 2672 duos
1038 2613 1090 2672 vel
1112 2620 1177 2673 tres

63 2699 213 2774 parentes
235 2690 334 2774 ipsius
356 2690 517 2769 mulieris,
548 2690 605 2772 qui
626 2691 875 2772 propinquiores
896 2699 992 2752 sunt:
1028 2702 1061 2753 et
1092 2693 1176 2754 siin

63 2773 246 2856 praesentio
274 2774 314 2834 de
344 2773 419 2856 ipsis
450 2773 637 2857 parentibus
665 2773 731 2834 suis
761 2772 880 2834 mulier
908 2773 965 2833 ille
987 2773 1176 2838 violentiam

63 2873 97 2916 sc
117 2854 183 2936 pati
205 2855 343 2928 dixerit,
374 2874 440 2917 non
469 2857 510 2919 sit
539 2854 671 2933 stabile,
701 2856 790 2938 quod
813 2855 1006 2918 vendiderit.
1047 2859 1128 2919 Nom
1148 2861 1175 2920 si

64 2937 98 2996 in
120 2936 299 3019 praesentio
321 2938 463 3020 ipsorum
484 2959 614 2998 suorum
636 2947 805 3020 parentum
825 2938 878 2998 vel
900 2937 1033 3017 iudicis,
1060 2943 1117 3021 qui
1139 2944 1174 3000 in

3 3039 5 3046 ’
63 3020 137 3080 loco
156 3022 356 3100 praefuerit,
388 3021 506 3080 mulier
533 3021 724 3081 violentiam
745 3042 778 3082 se
799 3021 866 3105 pati
890 3043 954 3081 non
977 3023 1174 3084 reclamave-

63 3102 125 3178 rit,
148 3101 210 3161 nisi
232 3124 287 3162 suu
309 3103 477 3164 voluntate
497 3103 579 3184 ipsas
599 3125 651 3163 res
672 3125 704 3164 se
729 3103 847 3164 dixerit
863 3104 1072 3182 venumdare,
1096 3115 1174 3166 tunc

64 3183 104 3242 ab
125 3183 183 3243 illo
204 3183 255 3244 die
278 3185 367 3245 omni
390 3195 552 3266 tempore,
573 3185 663 3268 quod
691 3185 895 3263 vendiderit,
924 3186 1038 3247 stabile
1059 3188 1175 3249 dehent

63 3285 271 3350 permanere:
305 3267 348 3326 itu
377 3277 502 3343 tamen,
533 3275 569 3326 ut
590 3267 652 3351 ipsi
671 3277 842 3350 parentes,
871 3267 929 3409 Ἓί
951 3269 1173 3348 interfuerint,

65 3355 122 3408 aut
140 3346 246 3408 Iudex
273 3346 307 3407 in
332 3347 441 3408 charta
466 3349 533 3430 ipso
558 3357 689 3410 inunum
712 3358 845 3433 ponunt.
916 3351 976 3411 tsi
999 3352 1174 3436 contigerit

65 3452 173 3508 casus,
194 3439 232 3489 ut
251 3431 308 3492 ille
330 3431 462 3491 maritus
483 3431 654 3510 moriatur,
689 3440 722 3493 et
742 3432 782 3492 ad
801 3432 902 3491 alium
930 3434 1079 3496 maritum
1104 3458 1172 3494 am-

63 3510 245 3590 bulaverit,
277 3510 399 3574 stabitis
422 3523 607 3595 permaneat
627 3515 695 3597 ipsa
719 3513 877 3574 venditio.
903 3515 1031 3577 'Scriba
1052 3527 1170 3596 autem,

64 3594 123 3678 qui
144 3594 284 3655 chortam
305 3595 406 3676 ipsum
426 3592 610 3676 scripserit,
641 3617 706 3657 nou
737 3595 831 3656 aliter
850 3609 1031 3666 praesumet
1051 3602 1170 3679 fucere,

65 3676 129 3738 nisi
151 3697 225 3737 eum
247 3677 359 3738 notitia
375 3686 562 3758 parentum,
585 3679 638 3740 vel
657 3677 818 3756 iudicum,
840 3677 922 3739 sicu't
937 3702 1033 3764 supra
1049 3682 1170 3744 dictum

65 3767 131 3822 est:
163 3768 195 3820 et
212 3759 239 3820 si
261 3761 355 3820 aliter
375 3759 507 3838 fecerit,
530 3761 570 3822 sit
586 3761 661 3845 ipsa
680 3760 824 3822 venditio
845 3782 964 3841 vocuo,
994 3773 1025 3825 et
1042 3767 1169 3847 praefa-

65 3850 117 3902 tus
136 3841 302 3904 scrihusit
323 3842 513 3926 culpabilis,
533 3843 618 3914 sicut
633 3843 691 3927 qui
706 3842 848 3905 chartam
865 3844 978 3908 falsum
996 3848 1168 3932 scripserit.

62 3925 107 3990 11.
130 3945 178 3985 ro.
199 3945 230 3983 2.

134 4020 214 4058 noun.
257 4005 352 4070 Petro,
384 4015 414 4060 te
437 4008 558 4079 appellat
578 4007 664 4062 Maria
687 4025 749 4063 cum
776 4009 885 4063 Donato
908 4029 958 4064 tuo
978 4013 1165 4080 Mundualdo,

63 4073 140 4144 quod
156 4085 188 4126 tu
204 4083 282 4127 tenes
300 4075 352 4128 sibi
370 4079 443 4130 malo
460 4079 554 4131 ordine
571 4087 668 4131 terram
685 4081 713 4132 in
731 4079 782 4132 tali
807 4080 878 4133 loco.
924 4083 986 4153 Ipsa
1012 4093 1082 4137 terro
1106 4104 1167 4140 mea

63 4143 172 4214 propria
189 4153 230 4197 est
249 4163 299 4216 per
319 4153 439 4212 cartam,
468 4149 634 4219 quamvmihi
657 4149 763 4214 fecisti,
792 4159 820 4204 ct
837 4167 909 4210 ecce,
922 4161 1020 4210 cana.·
1041 4156 1069 4208 Si
1092 4167 1166 4210 cartu

65 4214 240 4293 manifestat,
272 4217 349 4289 quod
372 4217 468 4278 fuisset
494 4219 688 4288 Longobarda,
718 4237 814 4293 neque
831 4221 1009 4290 ‚manifestem
1038 4228 1166 4284 muitum
