2632 4822
212 305 218 314 ·
268 323 274 340 ·
307 303 524 364 trurrnsnnr
558 304 683 388 saecu
727 307 792 362 tm.
815 307 879 369 rra,
951 265 956 278 ²
1102 279 1178 362 807

70 447 147 516 tiam
172 443 268 508 homo
299 446 431 510 amittat.
489 443 632 528 Ideoque
662 442 801 509 statuere
828 441 1062 528 praevidimus,
1091 441 1179 512 ulai¹

70 529 184 591 amodo
196 528 268 592 talis
289 551 398 591 caussa
411 527 587 605 emerserit,
609 536 646 588 ut
659 529 737 608 ille,
756 528 814 611 qui
829 535 1047 610 postmortem
1067 527 1180 608 paren-

52 673 54 679 ,
69 613 110 674 tis
133 610 182 685 sni
203 633 261 692 per
274 632 414 695 pugnam
427 611 562 693 probare
575 611 731 689 voluerit,
753 612 842 692 quod
857 629 931 669 eum
941 629 999 690 per
1015 629 1180 670 venenum

70 693 255 772 occidisset,
288 704 320 756 st
350 692 525 770 obseruatis
553 691 622 770 his,
650 714 732 774 quae
759 695 792 752 in
817 692 970 752 anteriori
995 690 1110 752 Edicto
1133 689 1194 762 afr
1271 711 1276 727 a

69 775 219 853 fiximus,
235 797 294 858 per
322 773 499 857 Evangelia
525 775 676 853 affirmet,
708 775 796 856 quod
821 785 892 834 asto
911 772 1017 834 animo
1040 793 1180 834 caussam

69 858 171 941 ipsam
192 879 257 919 nou
278 859 438 939 requiret,
462 855 524 917 nisi
543 858 632 937 qnod
656 856 687 918 ei
708 867 793 919 certa
813 855 1024 942 suspicio-sit.
1064 855 1181 917 Postea

68 948 259 1023 potestatem
292 940 408 1006 habeat
445 943 600 1021 quaerere
637 961 696 1022 per
731 961 907 1024 pugnam,
929 939 1011 1002 sicut
1046 935 1181 1031 antiqua

68 1021 134 1097 fnit
155 1023 364 1090 consuetudo.
405 1022 447 1083 Et
466 1019 494 1082 si
520 1021 553 1082 ei
582 1022 679 1082 scrita
700 1017 864 1100 evenerit,
900 1021 961 1083 cui
981 1021 1103 1083 crimen
1128 1040 1180 1100 rp-

71 1126 143 1166 sum
167 1105 323 1183 mittitur,
352 1103 467 1165 autad
495 1104 694 1186 campionem
717 1104 835 1189 ipsius,
868 1125 965 1186 quem
985 1102 1180 1166 conductum

70 1185 239 1270 habuerit,
271 1209 337 1248 non
360 1185 484 1250 amittat
503 1207 630 1248 omnem
649 1187 859 1249 substantiam
883 1209 992 1266 suam,
1010 1185 1076 1264 sed
1096 1204 1181 1246 com·

69 1278 170 1352 ponat
195 1270 374 1338 secuudum
429 1266 593 1329 ualitatem
621 1291 796 1351 personae,
829 1269 913 1332 sicut
948 1279 1041 1331 antea
1078 1265 1180 1328 fuerit

69 1355 124 1413 lex
145 1351 370 1435 componendi.
405 1289 498 1428 (diuis
528 1351 647 1415 incerti
677 1375 786 1414 sumus
815 1351 855 1413 dc
886 1351 1008 1414 iudicio
1036 1347 1114 1420 Dci;
1148 1356 1180 1409 et

68 1435 187 1496 multos
218 1434 398 1496 audivimus
425 1454 484 1517 per
507 1455 646 1516 pugnam
676 1435 746 1497 sine
776 1434 896 1498 iustitia
920 1453 1061 1496 caussam
1089 1451 1180 1492 suam

67 1517 223 1600 perdere,
257 1516 322 1578 Sed
337 1525 469 1612 propter
486 1517 754 1579 cousuetudinem
777 1517 882 1601 gentis
906 1527 1032 1579 nostrae
1053 1511 1186 1597 Longo-f

68 1599 242 1666 bardorum
258 1600 364 1681 legem
377 1599 513 1682 ‘impiam
536 1597 583 1678 g)
604 1609 713 1661 vetare
734 1621 800 1661 uon
820 1621 997 1681 possumus.
1039 1597 1065 1662 l.
1079 1617 1112 1678 9.
1128 1597 1178 1663 23.

97 1741 98 1744 Ἴ
136 1699 218 1740 roan,
252 1683 330 1735 Petre
359 1688 388 1734 te
417 1682 538 1751 appellat
561 1682 712 1744 Martinus,
740 1683 814 1753 quod
829 1681 886 1751 ipse
911 1681 996 1734 habet
1015 1687 1114 1734 certam
1133 1695 1178 1730 su·

68 1751 252 1823 spectionem,
279 1752 354 1821 quod
376 1760 407 1804 tu
433 1750 557 1803 occidisti
575 1768 624 1819 per
643 1749 778 1805 venenum
800 1753 938 1804 Donatum
964 1768 1042 1804 suum
1063 1756 1177 1821 patrem.
1213 1750 1220 1761 '
1252 1789 1255 1793 .

68 1823 110 1874 De
132 1829 213 1875 torto,
248 1821 295 1874 Vis
319 1823 344 1874 ei
363 1821 507 1872 adardire?
529 1821 611 1890 Volo.
646 1823 761 1875 Vadiate
789 1839 916 1892 pugnam.
961 1820 991 1874 si
1017 1819 1096 1882 aliter
1117 1818 1178 1874 lue»

68 1891 105 1944 rit
130 1890 320 1956 manifestum,
343 1890 440 1960 perdat
464 1907 569 1944 omnem
596 1890 880 1950 substanciamsuam.

152 1961 272 2023 cxlx.
317 1960 471 2036 (LXVI.)
512 1961 547 2020 si
581 1963 654 2043 quis
694 1963 800 2022 'liliam‘
824 1983 913 2023 suam
947 1967 1001 2020 aut
1033 1979 1176 2021 sororem
1228 2025 1230 2029 ,

69 2040 126 2103 alii
147 2063 297 2124 sponsare
315 2043 484 2119 soluerit,
504 2042 632 2114 'haheat
652 2054 839 2127 potestatem
863 2043 961 2104 dandi
985 2043 1040 2102 cui
1058 2040 1195 2106 solue--

68 2126 129 2203 rit,
158 2125 261 2186 libero
282 2133 387 2185 tamen
409 2124 555 2204 homini,
577 2127 661 2187 sicut
682 2128 716 2186 in
746 2126 900 2190 anteriori
926 2124 1045 2188 Edicto
1068 2122 1175 2198 conti-

69 2217 175 2269 netur.
215 2208 295 2268 Nam
318 2215 485 2289 postquam
504 2229 574 2268 eam
593 2211 812 2291 sponsaverit,
842 2229 914 2289 non
943 2206 1059 2267 habeat
1081 2214 1175 2288 pote-

69 2299 181 2352 statem
203 2289 308 2350 alteri,
328 2288 451 2350 homiui
480 2297 549 2352 eam
580 2293 619 2352 ad
639 2291 791 2366 maritum
819 2289 916 2352 dandi
945 2285 1175 2350 aute-biennii

68 2379 203 2456 tempus.
245 2373 286 2434 Et
315 2371 341 2433 si
365 2373 440 2433 dare
470 2371 864 2456 cuilibet'praesumserit,
887 2381 943 2432 aut
964 2370 1177 2454 ipsasponsa-

68 2453 113 2515 lia
143 2456 321 2537 irrumpere
349 2453 505 2532 voluerit,
536 2464 706 2539 componat
730 2477 847 2539 sponso
869 2449 988 2538 ipsius,¹
1014 2452 1098 2532 sistit
1121 2450 1174 2511 in-

68 2547 119 2598 ter
145 2558 179 2598 se
215 2557 352 2619 poenam
392 2536 605 2616 firmaverint,
639 2538 778 2620 qualiter
812 2539 845 2598 in
881 2535 1050 2598 anterioris
1065 2530 1174 2598 Edisti
1217 2549 1220 2554 ’

69 2619 257 2682 continetur
280 2618 414 2702 pagiua,
450 2628 483 2680 et
511 2621 645 2703 insuper
674 2622 708 2681 in
737 2621 860 2683 Palatio
888 2617 1052 2702 widrigild
1079 2637 1176 2680 suum
1265 2622 1268 2629 '

70 2709 260 2784 componat:¹
286 2710 321 2761 'ct
346 2701 403 2762 ille
425 2701 483 2784 qui
503 2725 573 2763 eam
595 2701 708 2764 tollere
739 2701 982 2786 praesumserit,
1005 2707 1176 2784 componat
1252 2720 1254 2724 ·

69 2785 218 2846 similiter
241 2783 276 2842 in
303 2783 426 2859 Palatio
454 2785 548 2866 Regis
577 2785 740 2868 widrigild
768 2806 872 2847 suum.
939 2783 973 2843 Si
1003 2804 1080 2844 sero
1102 2781 1177 2850 sinc

67 2868 234 2929 voluntate
264 2865 362 2949 patris
387 2875 420 2928 et
442 2867 550 2929 fratris
579 2888 649 2927 eam
680 2868 795 2929 tollere
819 2865 1063 2949 praesumserit,
1091 2883 1175 2944 quae

69 2948 132 3009 iam
150 2947 243 3010 alteri
264 2958 311 3008 est
322 2950 525 3030 desponsata,
552 2958 721 3031 componat
732 2946 851 3034 sponso
868 2945 1088 3029 eius‘duplam
1107 2965 1176 3004 me-

68 3040 144 3107 tam,
162 3030 246 3090 sicut
260 3031 411 3094 Edictum
425 3031 565 3093 anterius
578 3032 739 3110 continet,
760 3033 835 3092 etin
850 3027 1177 3110 PalatioRegIscom-

68 3121 168 3195 ponat
183 3110 344 3193 widrigild
364 3109 465 3179 suum.
477 3115 572 3176 Pater
589 3121 667 3175 sero
679 3123 711 3175 et
730 3116 846 3191 frater,
872 3112 977 3194 quiin
996 3110 1053 3186 tali
1066 3128 1177 3169 caussa

70 3213 137 3252 non
153 3195 396 3271 consenseriut,
423 3195 487 3256 sint
503 3197 650 3257 absoluti.
686 3196 800 3258 Puella
819 3216 896 3258 uero
916 3193 994 3276 ipsa,
1015 3211 1096 3273 quae
1112 3189 1175 3249 hoc

68 3275 300 3337 suarolunta-te
318 3277 422 3337 facere
436 3278 673 3358 praesumserit,
689 3279 716 3340 si
730 3278 839 3360 aliqua
852 3276 881 3336 ei
893 3274 999 3357 portio
1011 3294 1051 3334 ex
1063 3293 1178 3355 parsu·

70 3365 138 3417 tum
156 3356 355 3418 successione
378 3357 531 3437 debetur,
551 3357 793 3441 amittat'ipsam
815 3357 1014 3441 portionem,
1040 3364 1072 3416 et
1088 3353 1177 3414 nuda

73 3449 106 3500 et
120 3437 219 3502 vacua
245 3439 284 3499 de
298 3439 398 3504 rebus
411 3449 579 3522 pareutum
593 3462 723 3502 suornm
737 3441 830 3502 vadat
838 3484 848 3516 ,
866 3447 902 3500 et
915 3437 975 3522 ipsi
987 3435 1177 3508 succedant,

70 3522 128 3602 qni
151 3543 210 3604 per
227 3521 332 3603 legem
347 3522 523 3584 succedere
542 3532 684 3607 possunt.
733 3524 801 3584 Nec
828 3521 928 3605 possit
957 3520 988 3602 ei
1009 3529 1100 3604 pater
1121 3527 1177 3579 aut

66 3605 171 3669 ‚frater
189 3625 249 3685 per
272 3603 442 3687 quodlibet
467 3603 632 3688 ingenium
649 3605 772 3686 aliquid
790 3605 887 3682 dare,
912 3610 945 3665 et
963 3601 1177 3664 hereditatem

69 3685 276 3767 relinquere,
331 3685 383 3746 uia
413 3688 559 3749 excrevit
583 3685 698 3749 uitium
722 3687 785 3749 hoc
810 3687 845 3746 in
878 3693 1006 3769 gentem
1036 3693 1177 3744 nostram

69 3775 203 3912 propter
229 3709 438 3846 cupiditatem
468 3769 635 3852 pecuniae.
675 3771 717 3832 Et
748 3769 823 3831 ideo
856 3788 1002 3830 resecare
1021 3767 1177 3827 ‘volumus

47 3915 49 3920 ,
96 3873 151 3929 oc,
183 3859 219 3911 ut
239 3861 363 3913 cessent
383 3850 588 3929 inimicitiae,
621 3860 652 3914 et
681 3851 799 3912 faidam
823 3872 888 3912 nou
916 3850 1065 3910 habeant.
1114 3847 1173 3906 Sin

72 3942 195 4011 autem,
225 3933 314 4021 quod
338 3935 439 4012 absit,
463 3941 534 4017 p'ost
557 3935 716 4031 sponsalia
735 3935 818 3994 facta
841 3933 921 3994 tales
943 3932 1034 3994 iuter·
1055 3949 1187 4012 paren·¹

70 4023 119 4076 tes
142 4015 241 4098 ipsius
271 4017 473 4079 excreverint
494 4017 701 4098 inimicitiae,
733 4016 963 4103 qualicumque
986 4034 1096 4082 caussa
1119 4009 1174 4072 in-

80 4163 511 4183 *fl—-r———n--n-——un'

139 4234 169 4305 g)
192 4235 234 4288 ll
254 4235 341 4292 eodd,
359 4237 445 4307 legem
463 4239 556 4307 ipsam
