2684 4868
152 272 228 352 576
348 291 454 350 mors
471 291 764 354 wtsroomouuu
782 295 847 350 ur.
866 297 943 354 nn.
962 297 1035 354 nr.
1055 301 1078 352 r.

151 433 188 496 iu
205 432 278 499 eiua
303 431 488 518 patrocinio
518 453 586 495 nou
609 443 706 514 sunt,
739 434 964 519 unusquisque
990 437 1207 520 ingenuorum
1233 443 1271 508 L.

154 516 283 612 flogella
305 515 503 598 suscipiente
523 515 609 604 servi
632 528 739 579 autem
760 518 858 580 huius
885 519 1031 582 criminis
1054 521 1147 598 socii,
1175 525 1203 584 si
1223 525 1271 584 al-

150 609 252 662 ursus
270 597 393 662 domini
408 605 503 676 suut,
523 598 644 681 singuli
664 600 696 660 in
718 610 881 663 conventu
900 601 1051 683 publico,
1071 605 1267 666 eduliorum

149 691 310 745 merorem
339 680 486 762 extensi,
519 701 628 745 coram
649 682 759 748 iudice
780 682 847 748 CC.
869 683 952 747 ictus
974 684 1132 772 accipiant
1151 687 1264 772 flagel-

149 763 267 834 mm

469 912 530 981 lv.
571 937 634 980 rus.
664 937 729 980 ons.
760 938 850 986 acus.
879 938 949 982 nex.

199 1029 239 1094 Si
258 1031 344 1093 iutro
364 1028 494 1094 domum
513 1029 569 1093 uel
586 1032 715 1175 imppp
736 1054 825 1095 suum
844 1033 1003 1098 uiolenter
1021 1033 1140 1120 uliquis
1159 1037 1210 1098 iu·

625 1133 642 1177 c
702 1125 783 1184 atur.

229 1219 430 1303 Quicunque
456 1217 625 1282 dominum
649 1219 704 1282 rel
733 1219 897 1282 domiuum
916 1218 1002 1283 intra
1022 1221 1177 1303 domum,
1209 1224 1264 1287 vel

147 1303 245 1366 cortis
263 1323 338 1365 suae
356 1303 484 1364 ianuam
500 1302 663 1364 violenter
679 1301 867 1382 incluserit,
890 1303 999 1386 eisquc
1016 1306 1141 1367 aditum
1154 1327 1266 1390 egres·

145 1385 246 1449 sionis
267 1383 459 1470 negaverit,
481 1383 549 1447 sive
572 1391 609 1445 ut
632 1384 726 1447 lieret
744 1386 815 1448 aliis
841 1387 1062 1471 praeceperit,
1083 1410 1145 1472 pro
1165 1411 1264 1452 ausus

95 1535 100 1542 ,
144 1468 324 1531 temeritate
347 1475 459 1528 auctor
479 1467 611 1529 sceleris
639 1467 697 1529 det
716 1467 846 1530 dominc
867 1469 918 1530 rel
942 1470 1091 1532 dominae
1114 1472 1186 1532 auri
1207 1467 1264 1534 so-

143 1552 228 1614 lidos
257 1571 392 1613 numero
411 1547 520 1612 XXX.
554 1558 586 1610 et
616 1547 751 1634 insuper
778 1561 908 1612 centnm
934 1544 1061 1635 flagella
1096 1553 1262 1652 suscipiat.

142 1634 183 1696 Hi
205 1649 282 1695 vero
304 1633 361 1716 qui
383 1631 475 1694 melis
498 1630 720 1694 voluntatibus
741 1633 811 1695 eins
828 1635 1065 1711 consenserint,
1087 1637 1263 1698 auxillum·

141 1739 182 1779 ve
205 1723 240 1776 ut
261 1716 322 1779 hoc
346 1716 438 1777 fieret
456 1714 691 1796 praestiterint,
713 1715 741 1777 si
761 1716 794 1776 in
811 1718 880 1780 eins
893 1717 1071 1798 patrocinio
1089 1739 1154 1780 non
1171 1732 1263 1799 sunt,

142 1799 264 1881 singuli
292 1799 509 1882 ingenuorum
529 1797 714 1879 quindenos
735 1798 856 1862 solidos
873 1799 956 1877 illis,
985 1800 1103 1882 quibus
1128 1801 1261 1864 violen-

139 1883 220 1943 tiam
242 1880 444 1956 intolerunt,
466 1889 624 1962 cogantur
637 1880 774 1960 inferre,
797 1892 829 1943 et
852 1903 910 1964 pro
925 1881 1052 1944 admissi
1072 1885 1260 1968 praesump-

140 1966 230 2027 tione
255 1974 393 2025 centcna
416 1961 543 2046 flagella
559 1963 744 2047 suscipiant.
786 1964 877 2026 Servi
895 1974 1002 2027 antem
1022 1965 1052 2026 si¹
1067 1965 1102 2026 id
1123 1967 1258 2028 domino

138 2050 194 2110 rel
218 2048 348 2110 domina
371 2067 437 2106 uon
460 2044 591 2108 iubente
617 2046 855 2125 commiserint,
887 2047 1044 2110 ducentos
1065 2049 1148 2111 ictus
1167 2051 1256 2111 acci-

162 2132 231 2192 iunt
254 2129 467 2214 flagellorum.
509 2129 545 2190 si
571 2151 649 2192 vero
673 2128 715 2190 ita
741 2129 891 2192 dominus
910 2131 961 2192 vel
991 2131 1122 2192 domina
1143 2153 1161 2192 a
1181 2132 1256 2195 vio-

138 2153 229 2276 lento
245 2214 297 2275 vel
328 2220 569 2296 praesumptore
595 2221 684 2274 extra
705 2233 793 2273 auam
819 2213 948 2273 domum
968 2213 1019 2275 vel
1046 2213 1175 2274 ianuam
1198 2219 1255 2276 e'x·

136 2297 331 2373 eludantur,
353 2303 390 2354 nt
408 2296 586 2366 contiuuo,
615 2293 704 2376 quod
726 2305 775 2356 cst
794 2295 942 2377 gravius,
963 2305 1100 2378 potestas
1119 2297 1188 2358 eius
1211 2298 1249 2358 ab

137 2400 176 2451 ee
194 2377 305 2455 domo,
330 2376 382 2438 rcl
403 2377 543 2452 familis,
565 2376 764 2458 caeterisque
784 2379 879 2440 rebus
900 2380 1082 2456 auferatur,
1106 2380 1249 2441 commis·

135 2481 191 2522 eor
210 2457 343 2527 ,sceleris
359 2459 510 2518 damnum
530 2458 707 2520 invasionis
731 2458 893 2539 incurrat,
924 2469 1019 2542 utque
1045 2462 1141 2522 etiam
1170 2483 1247 2525 cen·

136 2552 206 2604 tum
226 2542 309 2605 ictus
330 2541 467 2621 accipiat
487 2539 700 2622 flagellorum.
748 2541 889 2625 ingenui
918 2553 1023 2605 autem
1054 2538 1154 2607 buius
1183 2543 1246 2606 cri·

133 2623 234 2686 minis
253 2622 334 2688 socii
355 2623 382 2686 si
403 2623 435 2682 in
465 2622 535 2684 eius
557 2623 737 2702 patrocinio
758 2645 824 2685 non
846 2634 939 2704 sunt,
967 2634 1099 2688 centum
1120 2622 1247 2711 tlagella

134 2706 327 2788 suscipiant,
350 2716 385 2768 et
403 2704 526 2787 singuli
543 2706 637 2772 XXX.
658 2706 778 2770 solidos
799 2718 956 2790 cogantur
978 2704 1160 2786 exsolvere,
1184 2710 1246 2771 illis

133 2789 249 2874 procul
282 2787 380 2850 dubio
413 2788 623 2869 profuturos,
657 2789 774 2871 quibus
805 2789 888 2850 hanc
916 2789 1068 2851 iniuriam
1098 2791 1245 2853 intulisse

134 2881 327 2934 noscuntur.
386 2870 484 2949 Quod
511 2869 539 2933 si
570 2869 633 2932 hoc
655 2872 740 2933 servi
767 2871 992 2954 ignorantibus
1018 2873 1154 2934 dominis
1188 2895 1245 2934 sua

132 2959 248 3040 spcn'te
270 2951 506 3032 commiserint,
528 2953 614 3016 servi
635 2975 772 3034 poenam
792 2957 972 3018 sustineant
991 2955 1137 3036 superius
1158 2975 1242 3016 com·

131 3029 347 3122 prehensam,
376 3034 498 3096 domini
523 3055 601 3098 vero
621 3035 705 3098 nihil
727 3036 865 3102 iniuriae
889 3038 939 3099 vel
964 3036 1145 3098 detrimenti
1166 3058 1242 3118 per·

131 3123 248 3190 ferant.
299 3121 445 3204 idipsum
466 3118 561 3180 etiam
581 3118 762 3201 patiantur,
793 3119 851 3217 gui
880 3119 1009 3182 danaum
1029 3119 1167 3179 alienam
1186 3127 1262 3181 sna'

131 3203 341 3285 auctoritate,
375 3199 446 3264 sine
468 3201 564 3283 Regis
585 3200 638 3263 vel
667 3201 781 3264 iudicis
805 3202 966 3282 iussione,
989 3201 1261 3287 apprehendere,

131 3287 336 3368 describere,
358 3292 413 3346 eut
432 3281 602 3368 obsignare
616 3285 899 3369 praesumpserint.

456 3431 498 3498 V.
545 3453 609 3496 rus.
640 3455 704 3499 cns.
734 3455 823 3497 aens.
852 3456 920 3499 uer.
958 3465 959 3468 ¹

176 3550 222 3616 Ut
237 3549 326 3612 nulla
351 3571 402 3614 rcs
423 3549 463 3613 ab
486 3547 550 3610 alic
567 3569 714 3634 possessu
740 3550 855 3634 absque
878 3551 998 3614 iudicio
1025 3562 1204 3636 usurpetur.

83 3687 86 3692 .
213 3631 333 3696 Nullus
354 3635 481 3710 Comes,
502 3632 652 3710 vicarius,
681 3633 822 3710 villicus,
844 3636 1055 3718 praepositus,
1077 3643 1168 3695 actor
1191 3642 1244 3695 aut

128 3727 338 3802 procurator,
361 3738 419 3778 sen
441 3715 581 3799 quilibet
599 3716 771 3798 ingenuus,
792 3725 889 3800 atque
911 3719 1007 3778 etiam
1029 3717 1176 3793 libertus,
1190 3726 1245 3778 aut

131 3823 251 3878 sersus,
271 3822 342 3862 rem
364 3821 446 3882 quae
468 3800 507 3860 ab
526 3799 591 3858 alio
611 3800 804 3882 possidetur,
825 3810 898 3884 post
920 3821 1037 3863 nomen
1059 3801 1167 3883 regiae
1183 3821 1243 3882 po-

129 3885 274 3962 testatis,
296 3882 349 3949 vel
374 3882 579 3946 dominorum
600 3903 748 3962 suornm,
779 3905 859 3944 ausu
881 3904 1032 3967 usurpare
1063 3889 1243 3967 praesumat

129 3977 205 4030 ante
228 3967 395 4030 iudicium.
437 3965 583 4045 Quodsi
606 3986 671 4026 nun
692 3975 860 4049 expectata
881 3967 1083 4028 discussione
1105 3966 1138 4028 id
1153 3964 1242 4048 quod

128 4052 168 4115 ab
191 4050 256 4112 alio
278 4049 477 4133 possidetur,
498 4055 554 4110 aut
574 4048 654 4110 iuris
674 4049 806 4122 alterius
838 4071 908 4112 esse
939 4049 1161 4133 dignoscitur,
1189 4047 1242 4118 inf

127 4135 266 4210 ruerit,
288 4153 383 4196 amec
404 4131 494 4214 qnod
515 4131 647 4194 abstulit
668 4143 700 4194 et
726 4142 1009 4216 praesumptuosus
1029 4131 1156 4209 inuasit,
1177 4139 1241 4190 tam

127 4216 165 4279 iu
191 4214 360 4301 mancipiis
385 4235 484 4300 quam
503 4213 541 4280 in
568 4214 686 4296 ceteris
710 4216 826 4298 rebus,
859 4215 895 4278 in
924 4216 1060 4301 duplum
1088 4214 1119 4280 ci
1147 4211 1240 4296 resti,-
