2640 4838
57 231 64 244 '
128 227 210 314 ’118
536 237 704 306 eeteros
735 233 915 304 mamers
983 325 986 330 1

218 389 285 454 cc.
324 384 359 448 Si
388 379 520 446 maritus
549 395 685 449 uxorem
716 401 807 448 snam
837 383 995 450 occiderit
1022 383 1250 452 immerentem
1313 379 1315 456 Ι

136 497 197 562 per
221 469 399 557 quamlibet
419 463 640 544 occasionem,
673 489 755 612 puae
776 488 836 552 per
855 470 961 552 legem
987 489 1054 530 uon
1074 468 1118 531 sit
1135 471 1252 533 merita
1301 463 1315 548 l

209 555 217 570 '
699 561 849 622 ucentos:
872 550 1076 614 medietatem
1092 550 1254 636 illinspa-
1312 557 1315 614 l

134 640 301 716 rentibus,
322 657 378 718 qur
396 652 466 693 eam
486 630 528 692 ad
547 632 697 694 maritum
715 631 882 711 dederint,
904 634 1122 700 etmundinm
1137 655 1253 702 susce·
1297 633 1315 697 ,ἶ

133 722 259 810 perlue,
281 714 628 798 etmedietatemltegi3
651 714 695 777 ita
710 723 747 778 ut
763 733 823 800 per
835 715 988 778 Actorem
1003 716 1100 800 Regis
1116 715 1253 780 distrin-
1313 697 1316 778 l

133 816 243 892 gatus,
263 812 299 865 et
315 818 435 884 poenas
450 795 679 880 suprascriptus
697 805 879 881 componat.
945 798 971 860 l.
984 817 1015 878 o.
1036 820 1082 866 ιι.
1314 787 1316 926 ἱ

135 577 229 634 mon,
252 558 423 648 compopat
439 547 559 612 solidos
575 549 665 611 mille

203 903 284 939 ιοιιι.
318 885 399 937 Petro
411 889 442 934 te
458 879 581 952 appellat
596 880 748 944 Martinus,
771 877 847 953 quod
861 885 894 936 ιιι
915 869 1044 938 occidisti
1059 881 1251 938 immerentem

133 957 250 1014 Mariam
281 963 358 1010 tuam
386 967 520 1015 uxorem,
559 959 589 1004 et
612 967 690 1004 suam
714 950 807 1006 filiam.
865 949 894 1009 Si
921 960 1020 1019 negat,
1047 951 1142 1018 iuret,
1176 953 1251 1010 sicut
1314 981 1316 1000 ι

134 1029 182 1081 lex
198 1035 270 1080 retro
293 1021 475 1078 commendat.
519 1019 575 1073 Sed
596 1029 687 1102 potest
703 1020 811 1074 dicere:
839 1017 901 1077 Nou
917 1020 1027 1085 occidi,
1049 1023 1127 1092 qnod
1143 1039 1194 1094 per
1208 1024 1252 1080 le-
1314 1019 1316 1056 ³

135 1115 196 1166 gem
213 1095 357 1152 mertare
374 1089 499 1144 debeam.
535 1089 564 1142 Si
581 1090 695 1154 dixerit,
723 1091 798 1162 quod
809 1087 958 1146 invenisset
972 1109 1033 1151 cam
1045 1087 1248 1164 fornicantem

135 1177 185 1224 aut
196 1163 314 1238 probet,
344 1158 496 1218 :ecuudum
512 1161 663 1232 quosdam,
688 1169 738 1214 aut
757 1161 894 1216 emendet.

220 1263 301 1324 CCI.
348 1255 442 1319 Etsi
469 1254 553 1316 filios
584 1255 625 1317 de
652 1253 721 1338 ipsa
744 1254 881 1318 muliere
905 1252 1055 1318 babuerit
1075 1253 1250 1338 legitimos,

135 1348 276 1410 babeant
296 1340 356 1403 filii
376 1337 574 1421 morgingap,
596 1347 628 1399 et
646 1335 850 1422 faderplrium
871 1342 906 1417 r)
926 1359 1004 1400 suae
1022 1338 1152 1400 matris:
1173 1338 1250 1402 etsi

136 1431 223 1492 filios
245 1427 285 1489 de
307 1425 376 1522 ipsa
398 1441 463 1482 non
486 1420 653 1498 babuerit,
685 1428 862 1483 revertatur
881 1420 951 1504 ipsa
969 1420 1107 1482 facultas
1129 1421 1172 1484 ad
1191 1435 1248 1506 pa·

135 1521 256 1588 rentes,
277 1529 335 1590 qur
357 1527 427 1567 eam
447 1503 488 1564 ad
508 1503 656 1564 maritum
675 1503 894 1568 tradiderunt:
915 1511 948 1568 et
969 1501 996 1564 si
1010 1507 1163 1586 parentes
1182 1523 1247 1566 uon

137 1591 306 1666 babuerit,
344 1600 423 1650 tunc
454 1585 522 1670 ipsa
551 1584 758 1668 compositio,
797 1594 830 1650 et
855 1585 1017 1670 praedicta
1048 1583 1248 1652 saturarat

136 1678 271 1756 curtem
292 1671 388 1754 Regis
409 1667 584 1752 perveniat.
653 1669 678 1730 l.
700 1691 730 1751 9.
756 1690 802 1732 ιιι.
1120 1707 1124 1715 -

206 1773 285 1812 rora.
320 1755 399 1808 Petrc
414 1759 443 1804 te
461 1769 495 1822 sp
516 1749 743 1814 statuminis,
761 1750 837 1824 quod
853 1751 979 1806 tu'tcucs
991 1745 1044 1804 sibi
1063 1749 1138 1806 malo
1153 1749 1248 1810 ordine

135 1835 234 1886 terram
254 1826 283 1878 in
303 1823 354 1877 tali
377 1821 448 1875 loco.
521 1838 553 1872 ea
576 1829 618 1873 est
640 1837 690 1892 per
718 1821 916 1876 successionem
938 1818 1025 1875 Aldae
1047 1838 1126 1876 meae
1146 1823 1247 1878 uxoris.

136 1900 199 1954 Non
238 1896 322 1951 debes
359 1909 419 1944 eam
452 1890 616 1952 succedere,
654 1890 739 1962 quod¹
765 1888 927 1946 interfecisti
961 1908 1021 1944 eam
1045 1890 1248 1948 immerentem.

136 1967 226 2034 „Nou
236 1971 267 2025 “.
301 1963 338 2017 Et
349 1961 389 2015 itu
401 1959 498 2034 probet
516 1961 667 2012 secundum
706 1961 833 2024 uosdam,
853 1961 901 2014 sed
915 1957 1018 2013 lura'bit
1033 1963 1187 2016 secundum
1200 1979 1247 2017 va·

135 2039 234 2092 lentes.
270 2037 338 2090 Nam
353 2031 501 2094 tumbam:
532 2029 676 2102 quianon
710 2031 764 2086 'cet
782 2046 843 2085 eam
858 2031 1014 2086 interficere
1029 2031 1067 2084 ad
1082 2043 1169 2086 snum'
1183 2029 1247 2087 tibt-

135 2118 214 2172 tum,
241 2106 290 2160 scd
307 2100 517 2158 racionabiliter.

218 2199 317 2262 CCII.
357 2197 392 2258 Si
412 2195 483 2279 quis
498 2194 641 2279 puellam
654 2202 709 2257 ant
721 2195 890 2259 mulierem
906 2195 1114 2282 liberam-per
1128 2217 1243 2280 quam-

138 2283 219 2345 libet
240 2278 443 2343 occasionem
463 2279 636 2356 occiderit,
664 2289 836 2363 componat
856 2277 976 2342 solidos
997 2281 1096 2342 MCC.
1116 2281 1242 2346 medie·

134 2375 232 2428 tatem
276 2363 437 2424 arentibus
459 2361 548 2441 eius,
580 2362 621 2423 nd
642 2382 723 2444 quos
750 2361 917 2423 mundium
946 2363 988 2424 de
1023 2384 1060 2426 ea
1088 2364 1242 2446 pertinet,

136 2457 170 2510 et
191 2387 394 2508 medietatem
414 2444 505 2528 Regi.
553 2445 596 2506 Et
627 2444 654 2506 si
683 2452 831 2526 parentes
859 2465 925 2505 non
954 2443 1121 2524 babuerit,
1162 2455 1243 2507 tnnc

134 2530 205 2616 ipsu
227 2527 416 2612 compositio
437 2528 472 2587 in
493 2527 653 2610 integrum
673 2527 715 2587 nd
735 2527 865 2590 Curtcm
878 2527 973 2610 Regis
993 2529 1175 2610 perveniat:
1197 2528 1244 2590 sic

134 2623 242 2674 tumen
261 2611 286 2672 si
299 2616 367 2672 asto
388 2611 513 2687 animo,
535 2610 569 2671 id
586 2619 634 2670 est
651 2609 847 2679 voluntarie,
870 2609 1038 2672 occiderit.
1095 2610 1121 2673 l.
1142 2634 1172 2694 9.
1196 2613 1243 2674 ιδ.

217 2694 333 2756 CCIII.
375 2691 409 2752 Si
430 2691 549 2754 mulier
566 2691 599 2752 in
627 2700 728 2753 morte
747 2691 850 2751 meriti
866 2691 915 2752 sui
942 2692 1108 2755 consiliata
1129 2694 1242 2772 fuerit,

134 2799 194 2864 per
212 2797 246 2838 se
273 2781 328 2836 aut
354 2795 413 2860 per
431 2773 627 2858 suppositum
647 2793 835 2856 personam,
865 2774 958 2836 sitin
979 2783 1148 2859 postestate
1172 2797 1244 2838 mu-

133 2859 188 2922 riti
218 2855 267 2922 sui
300 2857 339 2920 de
372 2878 409 2918 eu
442 2859 569 2934 secere,
615 2855 705 2937 quod
734 2855 882 2918 voluerit.
941 2854 1093 2918 Similiter
1126 2865 1161 2918 et
1196 2857 1240 2919 de

134 2943 232 3008 rebus
245 2937 346 3024 ipsius
365 2937 517 3000 mulieris.
558 2937 602 3000 Et
620 2939 645 3000 si
665 2937 722 2998 illa
744 2939 923 3020 negaverit,
945 2936 1039 3000 liceat
1051 2935 1239 3024 parentibus

135 3047 207 3088 eam
225 3042 378 3166 purpure,
411 3028 466 3082 aut
492 3041 552 3104 per
577 3032 827 3098 sacramentum,
861 3031 915 3084 uut
933 3042 991 3106 per
1007 3042 1169 3107 pugnam,
1203 3018 1240 3082 id

135 3119 184 3172 cst
204 3127 263 3190 per
310 3101 503 3184 ampionem.
565 3101 590 3168 l.
611 3103 641 3162 3.
662 3103 692 3164 6.

202 3205 286 3242 ιοιιιι.
322 3185 419 3240 Donue
434 3185 530 3238 Comes
544 3181 598 3237 boc
619 3183 687 3237 dicit
699 3184 848 3246 Martinus.
876 3183 951 3257 quod
967 3193 1110 3258 postquam
1127 3186 1178 3240 ille
1198 3205 1243 3240 so-

135 3259 220 3316 ciavit
239 3259 336 3312 Aldam
354 3255 406 3308 sibi
418 3255 448 3307 in
459 3253 602 3320 coniugio,
622 3254 765 3308 consiliata
782 3265 822 3310 est
837 3255 871 3310 de
885 3275 934 3308 sua
949 3261 1045 3310 morte.
1080 3257 1156 3326 Quid
1173 3257 1242 3318 dicis

134 3338 167 3384 tu
184 3328 273 3384 alda?
310 3329 370 3380 Non
388 3343 448 3390 sum
466 3343 515 3377 sua
535 3323 642 3381 mulier.
675 3324 730 3378 dut
750 3325 842 3390 dicut,
867 3315 991 3396 qualiter
1011 3325 1046 3378 sit
1066 3343 1115 3378 sua
1132 3329 1240 3390 mulier,

136 3404 185 3451 aut
201 3397 271 3451 nihil
290 3397 332 3450 sit.
369 3395 397 3449 Si
411 3394 623 3448 manifestaverit
639 3409 712 3456 esse,
737 3395 821 3449 debet
836 3396 928 3450 dicere
944 3396 1047 3449 ludex:
1069 3396 1182 3448 Femina
1200 3397 1242 3450 di-

137 3467 177 3522 cis
199 3477 231 3522 tu
247 3475 356 3538 psopter
374 3465 517 3529 timorem,
542 3474 590 3518 ιιιι
610 3464 780 3528 suasionem,
807 3465 841 3518 de
854 3473 904 3520 tuo
918 3464 1038 3518 manso?
1074 3464 1102 3518 Si
1125 3467 1240 3520 dixerit.

135 3537 199 3592 Iton
223 3535 291 3604 feci3
326 3536 374 3588 fiat
393 3537 466 3588 lacta
490 3533 638 3604 apellatio
662 3533 699 3586 ad
716 3545 858 3602 parentem
881 3535 934 3588 ita:
966 3537 1044 3588 Petre
1067 3541 1098 3588 te
1120 3537 1242 3608 appellat

137 3605 288 3668 Martinus,
315 3605 498 3687 quodipseb
535 3614 562 3658 ct
586 3613 687 3658 certam
703 3605 918 3677 suspectionem,
946 3603 1021 3674 quod
1039 3613 1183 3674 postquam
1199 3622 1243 3658 so·

137 3675 221 3734 cievit
244 3675 297 3731 sihi
328 3693 357 3726 ιιι
385 3673 509 3739 coniugio
534 3671 633 3725 Aldam
655 3681 731 3724 tuam
758 3673 858 3738 filiam,
895 3673 1039 3727 consiliata
1062 3683 1103 3727 est
1131 3675 1165 3726 de
1193 3692 1243 3726 sua

136 3757 231 3800 morte.
267 3743 295 3798 Si
321 3742 434 3798 dixerit:
460 3744 576 3797 Nescio:
595 3741 715 3812 inquirat
737 3760 797 3796 eam
815 3762 873 3796 usu.
911 3745 939 3797 Si
962 3742 1075 3796 dixerit:
1109 3741 1150 3795 Dc
1170 3750 1243 3797 torto

136 3833 180 3869 me
210 3813 341 3890 appellis:
381 3814 418 3868 sit
430 3813 572 3886 praelium.
624 3811 653 3866 Si
679 3813 792 3866 dixerit:
831 3813 924 3867 Fecit:
955 3813 1003 3866 fiat
1026 3816 1057 3864 ut
1080 3811 1181 3879 legitur
1213 3814 1243 3867 in

134 3887 204 3956 lege·
218 3953 330 4022 CCIV.
372 3951 407 4014 Si
428 3952 546 4014 mulier
564 3951 714 4014 maritum
733 3971 828 4014 snum
847 3950 1023 4030 occiderit,
1053 3949 1121 4035 ipsa
1152 3950 1244 4013 occi-

138 4103 572 4126 W

175 4151 229 4262 l)
250 4147 604 4265 i1.³'c.a1.s.a1.r.·.m.-
623 4186 750 4262 eadam.
