2684 4868
1212 37 1225 70 t

279 269 384 328 usare
400 223 691 326 w1s1eoruonau
708 271 773 326 ιιι.
791 271 854 328 vn.
871 271 943 328 nr.
962 273 1016 328 ιιι.
1140 261 1214 335 567

99 411 291 484 deminuere
312 412 485 476 reformare
508 419 658 494 cogatur,
691 419 723 474 et
751 419 882 474 centum
913 411 1050 496 flagellis
1080 417 1212 500 publice

98 496 300 558 verberetur.
353 494 460 573 Quod,
476 494 503 556 si
538 515 604 556 non
632 494 781 558 babuerit
811 495 899 558 unde
932 499 1117 583 componat,
1139 502 1212 586 ipse

100 579 269 646 subiaceat
288 577 445 638 servituti.

324 687 389 754 Ill.
438 691 488 752 De
509 639 714 772 ingenuorum
723 687 814 775 filiis
836 692 995 776 plagiatis.

186 796 251 877 Qui
273 795 374 859 lilium
396 803 451 855 aut
470 795 570 858 filiam
591 795 726 858 alicuius
747 798 880 881 ingenui
897 798 949 861 vel
970 797 1129 884 ingenuae
1156 801 1217 865 'la-

101 879 256 966 giraret-it,
287 888 341 941 aut
372 879 614 958 sollicitaverit,
651 888 683 942 et
707 881 741 943 in
768 882 903 976 populos
930 893 1074 964 nostros,
1104 822 1213 959 refin

101 963 182 1026 alias
202 963 352 1046 regiones
373 963 539 1024 transferri
559 964 695 1042 fecerit,
726 960 822 1048 huius
845 965 977 1028 sceleris
1001 978 1113 1028 auctor
1133 969 1216 1052 patri

101 1057 160 1107 aut
184 1046 276 1106 matri
297 1045 510 1128 fratribusque
533 1047 558 1108 si
579 1047 719 1126 fuerint,
749 1047 814 1108 sive
843 1049 998 1132 proximis
1027 1051 1215 1120 parentibus

101 1131 138 1191 in
161 1137 314 1214 potestate
337 1129 489 1206 tradatur,
525 1139 560 1189 ut
585 1129 635 1193 illi
664 1127 838 1192 occidendi
867 1137 921 1192 aut
946 1121 1110 1195 vendendi
1144 1152 1219 1195 eum

101 1213 247 1276 habeant
270 1220 469 1296 potestatem.
512 1212 575 1274 Aut
605 1215 631 1274 si
653 1214 834 1291 voluerint,
865 1216 1131 1300 compositionem
1156 1215 1220 1278 1ιὸ-
1287 1245 1289 1253 ⁴

103 1295 230 1358 micidii
251 1296 290 1356 ab
307 1294 377 1377 ipso
394 1294 568 1378 plagiatore
593 1317 688 1357 conse
715 1303 841 1374 uantur,
864 1295 898 1356 id
920 1306 968 1358 est
984 1299 1105 1360 solidos
1121 1299 1220 1382 quin-

104 1387 222 1464 gentos
247 1381 290 1456 n),
318 1377 394 1460 quia
416 1379 603 1461 parentibus
630 1319 754 1440 venliti
785 1385 841 1440 aut
861 1377 991 1464 plagiati
1019 1401 1084 1442 non
1117 1381 1220 1442 levius

109 1483 180 1524 esse
195 1468 319 1544 potest,
342 1460 476 1543 quamsi
498 1461 709 1523 homicidium
723 1461 837 1523 fuisset
856 1459 1037 1524 admissum.
1081 1461 1221 1541 Quodsi

109 1567 185 1607 eum
205 1565 245 1604 ex
272 1542 451 1627 peregrinis
472 1545 512 1605 ad
532 1547 694 1629 propriam
713 1543 879 1626 regionem
906 1545 1050 1626 potuerit
1069 1566 1220 1608 revocare

108 1627 286 1713 plagiator,
316 1627 407 1688 CCL.
429 1626 548 1689 solidos
568 1633 613 1708 v),
643 1629 707 1690 boc
738 1635 787 1688 est
815 1626 1021 1690 medietatem
1049 1627 1219 1688 homicidii

109 1709 284 1805 exsolvam·
298 1719 353 1773 aut
373 1708 401 1771 si
423 1729 489 1773 non
517 1703 666 1776 habuerit
685 1710 772 1774 unde
795 1719 992 1797 componat,
1020 1711 1090 1796 ipso
1111 1709 1222 1778 subia-

109 1802 182 1857 eeat
203 1793 359 1856 servituti.

219 2010 223 2022 ²
268 1929 328 1998 lv.
365 1923 410 1992 'St
428 1951 534 1994 servas
553 1927 742 2017 plagiaverit
761 1949 884 1993 servum
908 1929 1056 2000 alienam.

193 2038 228 2102 Si
249 2061 358 2104 seruus
376 2061 501 2102 semum
516 2039 704 2122 plagiaverit
726 2038 870 2102 alienum
886 2039 1017 2102 domino
1040 2035 1220 2112 ues'cieate

110 2143 224 2186 servus
246 2124 302 2206 qui
323 2123 387 2184 hoc
407 2123 540 2201 fecerit,
572 2125 634 2186 CL.
665 2121 792 2204 flagella
814 2143 922 2184 coram
942 2120 1049 2184 iudice
1071 2116 1221 2195 extensus

111 2205 267 2288 accipiat,
295 2215 327 2270 ot
347 2207 394 2268 sic
414 2205 512 2269 etiam
531 2205 736 2289 postmodum
759 2203 815 2286 qui
835 2205 992 2288 plegiatus
1020 2209 1067 2267 est
1089 2201 1221 2278 domino

110 2291 316 2359 reformetur.
357 2289 419 2351 llle
439 2310 516 2350 vero
538 2289 629 2350 cuius
650 2309 762 2350 servus
781 2288 938 2371 plagiatus
960 2288 1075 2364 fuerat,
1092 2282 1222 2363 meroc-

111 2373 188 2434 dem
210 2381 399 2454 capturaea
429 2371 614 2455 plagiatoris
637 2371 768 2433 domino
801 2391 868 2433 nou
901 2368 1055 2451 requirat.
1096 2370 1155 2440 ltav
1169 2377 1223 2450 ii·

110 2477 188 2516 men
211 2464 246 2515 ut
267 2455 294 2516 si
315 2458 447 2517 fortasse
470 2455 527 2536 qui
548 2453 704 2536 plegiatus
726 2461 775 2515 est
795 2453 886 2518 tarde
907 2451 1126 2535 repperiatur,
1151 2449 1222 2546 pla·

109 2537 243 2620 giatoris
266 2537 415 2599 dominus
433 2538 522 2600 aliud
536 2537 680 2599 eiusdem
696 2537 803 2598 meriti
823 2535 1041 2618 mancipium,'
1053 2542 1112 2607 aut„
1127 2542 1223 2614 ettam

110 2620 255 2680 eundem
289 2619 499 2702 plagiatorem
532 2621 562 2682 ei
596 2619 687 2680 cuius
715 2640 826 2682 servus
852 2619 905 2681 rel
934 2615 1053 2683 ancilla
1078 2615 1222 2700 pla-girata

110 2711 174 2780 est,
194 2703 269 2766 dare
285 2703 508 2785 compellatur,
527 2702 649 2763 tamdiu
666 2702 727 2763 sibi
748 2703 950 2779 serviturum,
973 2699 1128 2782 quamdiu
1146 2721 1222 2760 suus

108 2799 222 2850 servus
242 2795 297 2850 aut
318 2784 438 2850 aneilla
458 2786 489 2850 ei
508 2785 710 2860 restituatur,
731 2795 764 2850 et
784 2786 829 2851 in
850 2782 1222 2878 lllQsPOSllfafldutffitlo·

108 2868 200 2930 mino
221 2869 426 2931 reformetur.
1127 2873 1133 2879 ’

543 2982 587 3050 V.
626 3003 776 3060 rariori.

192 3097 232 3159 Si
257 3119 364 3160 servus
388 3097 556 3180 ingenuam
580 3098 770 3184 plagiaverit
797 3095 927 3160 domino
952 3096 1139 3179 imperante.

190 3181 226 3240 Si
248 3203 357 3243 servus
379 3181 558 3264 ingenuum
578 3181 766 3266 plagiaverit
788 3203 829 3241 ex
851 3175 973 3241 domini
995 3177 1151 3252 iussione,
1168 3175 1219 3258 ip-

106 3285 143 3326 se
166 3262 317 3326 dominus
340 3264 618 3348 compositionem,
644 3284 727 3346 quae
753 3271 801 3324 est
823 3263 862 3324 de
885 3261 1036 3346 ingenuis
1062 3259 1222 3319 ebnstitu-

106 3355 164 3423 ta‚
195 3347 409 3430 compellatur
439 3346 599 3431 impleres
637 3348 679 3407 ita
701 3354 738 3406 ut
766 3347 914 3408 dominus
945 3352 1075 3405 centum
1096 3335 1224 3424 flagella

106 3429 242 3512 publice
265 3429 426 3513 suscipiat,
448 3439 480 3492 et
500 3452 629 3494 servum
658 3431 743 3492 iussa
767 3429 891 3492 domini
913 3427 1131 3511 complentem
1152 3444 1224 3488 mo-
1247 3433 1250 3437 '

108 3512 204 3574 lestia
225 3533 292 3574 non
314 3513 459 3598 attingat.

540 3631 598 3695 VI.
618 3657 620 3662 ·
645 3649 793 3705 anricus.
876 3679 884 3696 „

203 3742 245 3804 Si
267 3763 378 3806 servus
399 3745 566 3826 ingenuum
587 3745 776 3830 plagiaverit
805 3740 936 3804 domine
959 3743 1123 3807 nesciente.

190 3825 225 3887 Si
247 3849 359 3890 servus
380 3827 450 3889 aine
473 3829 672 3891 conscientia
694 3825 815 3888 domini
837 3825 886 3886 sui
906 3825 1085 3906 ingenuam
1103 3822 1224 3906 plagia-

105 3907 208 3985 verit,
245 3911 431 3992 parentibus
459 3911 591 3994 plagiati
624 3911 694 3972 sine
725 3910 834 3991 aliqua
868 3906 1023 3968 dilatione
1054 3908 1224 3984 tradatur,

108 4003 145 4054 ut
166 3993 255 4076 qnod
277 3992 317 4071 de
339 4016 377 4056 eo
398 3989 504 4056 faeere
525 3993 694 4064 voluerint
713 3992 747 4053 in
773 4011 885 4054 eoram
906 3991 1058 4054 consistat
1080 3990 1225 4082 arbitrio.

130 4240 135 4254 .,
176 4201 208 4273 a)
224 4178 352 4260 ausae.
370 4203 421 4258 aa.
444 4205 521 4258 eea.
591 4199 682 4272 arat.
701 4183 764 4260 ms'.
786 4199 835 4254 aa.
854 4199 907 4252 ..a
1004 4266 1006 4270 ¹
1050 4244 1052 4251 ,

891 4355 911 4394 0
