2648 4874
294 299 403 361 mers
420 299 715 370 wrstcornonms
739 301 806 362 sta.
825 299 861 358 u.
880 300 954 360 ur.
973 299 996 358 1.
1126 283 1203 364 tta

350 480 354 490 ·
383 439 537 512 xxv111.
557 463 621 508 sss.
642 463 708 512 aas.
728 463 814 510 acne.
836 463 905 506 anx.

128 561 172 629 Ut
191 559 345 624 iniustum
367 557 519 621 iudicium
540 570 572 620 et
599 557 747 644 definitio
763 561 880 620 iniusta
898 559 985 641 regio
1009 571 1092 624 metu
1104 563 1162 626 cel

292 644 380 704 iussn
401 663 420 703 a
444 640 602 708 iudicibus
622 641 771 704 ordinata
791 663 855 706 non
875 643 991 705 caleat.

162 728 409 821 Nonnunquam
437 723 577 806 grauedo
608 725 774 808 potestatis
801 723 977 808 depravare
1002 725 1085 790 solet
1110 725 1202 794 insti·

77 811 158 877 tiam
168 807 369 875 sanctionssa
384 827 467 890 quae
480 806 557 866 dum
570 826 665 890 saepe
687 805 868 890 praevalet,
890 815 1015 870 certum
1026 819 1093 890 est,
1110 813 1200 894 quod

77 915 176 979 saepe
199 899 309 955 uocet.
355 888 441 968 Quia
469 887 547 950 dum
573 889 767 972 frequenter
792 887 904 972 algore
927 890 1081 972 ponderis
1108 893 1199 956 iusti·

76 978 159 1041 tiam
181 971 321 1061 premit,
361 990 529 1053 nunquam
551 968 586 1031 in
611 979 696 1032 statu
714 991 790 1034 suae
808 971 1012 1036 rectitudinis
1031 972 1117 1038 hanc
1142 997 1199 1040 re-
1292 1049 1297 1056 ¹

75 1059 150 1123 dire
179 1053 352 1143 permittit,
398 1053 542 1135 Ideoque
579 1052 656 1136 quia
687 1075 788 1136 saepe.
811 1054 1002 1136 Principum
1026 1066 1115 1120 metu
1143 1060 1197 1122 vel

73 1141 169 1205 iussu
194 1140 303 1202 solent
325 1136 449 1198 iudices
469 1133 610 1197 iustitiae
630 1134 794 1201 interdum
816 1136 941 1220 legibus
965 1141 1127 1202 contraris
1143 1141 1197 1204 in·

74 1224 207 1288 dicaret
234 1227 369 1306 propter
390 1218 453 1280 hoc
475 1216 718 1302 tranquillitatis
739 1228 866 1281 nostrae
890 1239 957 1282 ano
981 1220 1194 1290 medicamine

73 1305 287 1370 concedimus
315 1303 381 1365 duo
400 1299 483 1361 mala
504 1319 639 1374 sanare,
662 1300 896 1380 decernentes,
924 1309 962 1363 ut
989 1325 1064 1365 oum
1086 1325 1197 1390 reper-

73 1400 146 1453 tum
185 1386 306 1464 inerit,
353 1383 617 1468 qualemcunque
651 1383 828 1467 scripturae
867 1392 1086 1466 contractum,
1134 1409 1195 1452 sen

71 1470 299 1555 quodcunque
351 1465 510 1528 iudicium
549 1485 618 1526 non
655 1465 756 1545 iuste,
802 1465 855 1528 vel
892 1466 1008 1532 debitis
1045 1469 1191 1553 legibus,

70 1554 133 1618 sed
162 1553 253 1614 iussu
283 1557 340 1612 ant
370 1556 460 1615 meta
490 1546 680 1630 Principum
713 1569 780 1612 esse
810 1550 1013 1632 conlectum,
1043 1560 1076 1613 et
1106 1551 1191 1632 hoc,

70 1635 165 1720 quod
187 1634 318 1698 obvium
337 1630 496 1710 iustitiae,
527 1639 561 1692 et
586 1630 712 1714 legibus
733 1631 909 1692 indicatum
936 1641 984 1695 est
1002 1644 1097 1716 atque
1115 1656 1193 1697 con·

71 1726 225 1796 cretum,
258 1716 292 1776 in
316 1713 457 1776 nihilum
477 1713 609 1792 redeat,
639 1722 672 1774 et
699 1735 754 1775 eos
787 1713 844 1796 qui
873 1713 1107 1796 iudicaverint,
1134 1719 1189 1780 vel

69 1800 136 1863 hoc
158 1802 267 1862 facere
285 1795 471 1880 coegerint,
497 1795 622 1858 nullius
646 1795 797 1859 infamiae
814 1805 887 1857 nota
907 1807 1114 1880 conspergat,
1133 1800 1187 1862 vel

68 1883 119 1946 rei
135 1881 273 1946 alicuius
289 1880 464 1962 dampnum
484 1877 610 1960 affligat.
643 1879 708 1958 Qui
730 1887 835 1940 tamen
857 1877 981 1940 iudices
997 1888 1076 1941 tunc
1091 1891 1191 1944 erunt

69 1987 89 2026 a
111 1964 222 2050 legum
237 1964 384 2048 dampnis
398 1961 574 2038 immunes,
596 1960 622 2022 si
639 1982 673 2023 se
688 1959 868 2022 iuramento
883 1960 1095 2042 firmaverint,
1118 1982 1185 2026 non

66 2069 128 2112 sua
144 2047 324 2135 pravitate,
345 2043 403 2107 sed
429 2042 519 2126 regio
540 2042 649 2126 vigore
671 2043 824 2128 nequiter
849 2042 1017 2109 indicasse.

424 2147 541 2211 XXIX.
562 2171 624 2212 rus.
646 2171 733 2222 nens,
753 2170 821 2210 nux.

180 2236 232 2298 De
253 2233 330 2298 tiata
348 2233 517 2318 Episcopis
536 2245 690 2316 potestate
712 2226 926 2314 distringendi
944 2226 1067 2293 indicos

444 2317 590 2397 nequiter
618 2313 803 2381 iudicantes.
1151 2359 1152 2363 ,

171 2397 258 2479 Quia
288 2396 437 2460 multimo
462 2395 503 2459 de
533 2417 705 2458 occurrere
741 2395 837 2460 debet
862 2395 1053 2461 miserorum
1079 2419 1183 2484 penu·

64 2481 127 2548 riis
156 2491 282 2544 nostrae
313 2478 493 2542 remedium
522 2479 667 2560 pietatis.-
706 2476 780 2540 ideo
806 2501 1036 2562 quemcunque
1064 2503 1127 2565 pan
1152 2505 1184 2547 e·

64 2588 139 2629 rem
162 2564 344 2628 constiterit
363 2583 507 2625 caussam
523 2561 664 2642 habere,
686 2560 847 2625 adiunctis
873 2561 934 2626 sibi
951 2561 1023 2626 aliis
1036 2563 1113 2628 uiris
1124 2505 1183 2628 lo·

65 2647 189 2725 uestis,
210 2647 389 2732 Episcopus
409 2644 496 2707 iuter
513 2667 568 2707 eos
581 2643 747 2728 negotium
764 2644 923 2709 discutere
937 2645 990 2708 vel
1005 2647 1181 2712 terminare

62 2738 231 2816 procuret.
271 2728 322 2792 ltu
343 2738 381 2789 ut
397 2725 423 2790 si
445 2727 631 2812 contempni
657 2749 691 2790 se
706 2749 724 2787 a
741 2727 886 2808 (inmite,
913 2727 967 2792 vel
991 2729 1081 2791 nolle
1105 2751 1181 2792 eum

63 2813 277 2895 adquiescere
304 2809 432 2874 veritati
454 2809 601 2874 sacerdos
626 2807 822 2893 inspexerit,
854 2810 1018 2895 potestatis
1045 2810 1115 2875 eius
1138 2814 1181 2876 sit

63 2895 207 2956 cundem
235 2893 392 2956 Comitem
414 2892 495 2976 legis
518 2891 616 2956 huius
639 2891 851 2976 permissione
873 2891 1115 2978 constringere,
1146 2905 1180 2959 et

63 2976 182 3039 emisso
199 2977 284 3038 iusto
306 2975 429 3040 iudicio
452 2997 527 3037 oum
556 2975 604 3038 rei
626 2975 857 3058 compositione
876 2998 946 3043 rem
967 2976 1007 3037 de
1028 2998 1093 3059 qua
1113 2977 1185 3060 agi.

63 3068 120 3120 tur
144 3059 330 3143 petentibus
350 3057 494 3144 partibus
517 3056 720 3140 consignare.
772 3058 869 3137 Quod
896 3059 923 3122 si
951 3059 1066 3121 Comes
1089 3059 1179 3121 iudi-

64 3143 152 3204 cium
178 3139 331 3224 Episcopi
355 3139 455 3204 fuerit
479 3147 681 3223 contemptus
703 3138 857 3221 implere,
894 3147 1019 3202 tantum
1041 3141 1180 3224 Episco-¹

63 3245 105 3308 po
134 3244 195 3308 pro
222 3233 409 3308 contemptu
443 3223 513 3286 solo
548 3223 623 3285 dare
656 3233 807 3308 cogatur,
847 3231 1004 3306 quantum
1029 3223 1178 3306 quintam

62 3317 187 3389 partem
213 3307 322 3370 valere
354 3305 556 3384 eonstiterit,
587 3305 626 3368 de
657 3327 692 3368 re
720 3303 777 3366 illa
800 3307 888 3368 unde
909 3306 993 3368 actio
1018 3316 1177 3369 commota

62 3411 130 3452 esse
165 3385 304 3456 videtur.
352 3389 386 3450 Si
416 3411 494 3452 nero
530 3387 726 3472 Episcopus,
763 3387 885 3450 fraudis
915 3389 1176 3451 communionem

61 3493 137 3534 cum
161 3470 289 3534 Comite
308 3480 440 3548 tenens,
461 3481 609 3556 repertus
640 3471 742 3534 suerit
764 3470 897 3554 pauperi
922 3471 1028 3534 facere
1049 3471 1180 3536 dilatio-t

60 3576 155 3629 nem,
183 3553 319 3616 earsdem
340 3553 488 3636 quintam
510 3564 633 3637 partem
660 3552 767 3616 eidem
790 3554 969 3652 Episcopus
991 3551 1182 3636 querelanti

60 3646 191 3700 coactus
219 3637 385 3698 exsolvats
419 3646 522 3698 stante
556 3635 768 3704 nihilominus
803 3658 849 3699 src
878 3657 1009 3720 quoqne
1043 3637 1173 3716 negotio

58 3740 261 3804 pauperum,
283 3719 387 3780 donec
415 3717 573 3781 iudicium
601 3717 788 3780 inveniatur
812 3719 971 3782 veritatis:
988 3726 1037 3779 et
1058 3719 1173 3782 Comes

58 3802 110 3862 vel
136 3800 238 3862 iudex
267 3801 324 3881 qni
355 3799 444 3863 hunc
470 3799 581 3862 audire
603 3801 727 3879 noluit,
764 3800 923 3864 ultionem
944 3800 1101 3865 sustineat
1121 3801 1180 3867 lea

57 3883 126 3970 gis,
158 3903 242 3968 quae
265 3882 400 3950 inuenta
421 3883 523 3946 fuerit
544 3882 667 3945 iudicio
696 3883 876 3968 aequitatis.

284 3990 386 4068 XXX.
415 4011 490 4052 rrasa
512 4009 586 4060 mss
607 4011 667 4052 unx
686 4009 725 4052 aa
748 4011 812 4065 Quo
834 4011 944 4054 euers.
1081 4049 1085 4057 .

179 4075 231 4141 De
259 4071 337 4134 datu
354 4071 524 4158 Episcopis
542 4083 695 4156 potestate
717 4071 910 4136 admonendi
928 4069 1056 4138 iudices

433 4155 576 4238 nequiter
600 4154 786 4226 iudicantes.

136 4237 330 4302 Sacerdotes
351 4235 432 4320 Dei,
454 4235 574 4322 quibus
593 4259 653 4325 pro
682 4235 834 4308 remediis
861 4259 1087 4334 oppressorum
1115 4203 1197 4318 tels!
