<?xml version="1.0" encoding="UTF-8"?>
<!DOCTYPE html PUBLIC "-//W3C//DTD XHTML 1.0 Transitional//EN"
    "http://www.w3.org/TR/xhtml1/DTD/xhtml1-transitional.dtd">
<html xmlns="http://www.w3.org/1999/xhtml" xml:lang="en" lang="en">
 <head>
  <title>
</title>
<meta http-equiv="Content-Type" content="text/html;charset=utf-8" />
  <meta name='ocr-system' content='tesseract 3.04.00' />
  <meta name='ocr-capabilities' content='ocr_page ocr_carea ocr_par ocr_line ocrx_word'/>
</head>
<body>
  <div class='ocr_page' id='page_1' title='image "./corpusiurisgerm00visigoog_0291.png"; bbox 0 0 2640 4838; ppageno 0'>
   <div class='ocr_carea' id='block_1_1' title="bbox 114 235 861 316">
    <p class='ocr_par' dir='ltr' id='par_1_1' title="bbox 114 235 861 316">
     <span class='ocr_line' id='line_1_1' title="bbox 114 235 861 316; baseline 0.005 -4"><span class='ocrx_word' id='word_1_1' title='bbox 114 235 191 312; x_wconf 70' lang='lat'>⁶08</span> <span class='ocrx_word' id='word_1_2' title='bbox 492 257 660 316; x_wconf 77' lang='lat' dir='ltr'>euterun</span> <span class='ocrx_word' id='word_1_3' title='bbox 683 259 861 316; x_wconf 81' lang='lat' dir='ltr'>uernans</span> 
     </span>
    </p>
   </div>
   <div class='ocr_carea' id='block_1_2' title="bbox 39 395 1312 2315">
    <p class='ocr_par' dir='ltr' id='par_1_2' title="bbox 110 395 1241 730">
     <span class='ocr_line' id='line_1_2' title="bbox 113 395 1240 496; baseline 0.004 -36"><span class='ocrx_word' id='word_1_4' title='bbox 113 397 145 494; x_wconf 77' lang='lat' dir='ltr'>si</span> <span class='ocrx_word' id='word_1_5' title='bbox 170 395 340 494; x_wconf 61' lang='lat' dir='ltr'>inpenitqr</span> <span class='ocrx_word' id='word_1_6' title='bbox 367 417 456 494; x_wconf 66' lang='lat' dir='ltr'>epse,</span> <span class='ocrx_word' id='word_1_7' title='bbox 495 407 622 462; x_wconf 84' lang='lat' dir='ltr'>tantum</span> <span class='ocrx_word' id='word_1_8' title='bbox 654 409 691 496; x_wconf 78' lang='lat' dir='ltr'>ut</span> <span class='ocrx_word' id='word_1_9' title='bbox 722 417 839 460; x_wconf 87' lang='lat' dir='ltr'>nomen</span> <span class='ocrx_word' id='word_1_10' title='bbox 866 397 1082 462; x_wconf 70' lang='lat' dir='ltr'>ministeriale</span> <span class='ocrx_word' id='word_1_11' title='bbox 1111 398 1240 480; x_wconf 82' lang='lat' dir='ltr'>babent,</span> 
     </span>
     <span class='ocr_line' id='line_1_3' title="bbox 113 479 1241 649; baseline 0.004 -23"><span class='ocrx_word' id='word_1_12' title='bbox 113 501 141 544; x_wconf 51' lang='lat' dir='ltr'>a</span> <span class='ocrx_word' id='word_1_13' title='bbox 156 479 1054 648; x_wconf 46' lang='lat' dir='ltr'>quXoXcXiim&#39;Sibidiiodbnrtvbidlbiiedidinvinmsldribin</span> <span class='ocrx_word' id='word_1_14' title='bbox 1061 505 1241 649; x_wconf 64' lang='lat' dir='ltr'>becidmit,</span> 
     </span>
     <span class='ocr_line' id='line_1_4' title="bbox 110 646 743 730; baseline -0.005 -18"><span class='ocrx_word' id='word_1_15' title='bbox 110 656 286 730; x_wconf 80' lang='lat' dir='ltr'>componat</span> <span class='ocrx_word' id='word_1_16' title='bbox 301 646 422 710; x_wconf 91' lang='lat' dir='ltr'>solidos</span> <span class='ocrx_word' id='word_1_17' title='bbox 437 651 496 710; x_wconf 91' lang='lat' dir='ltr'>XX</span> <span class='ocrx_word' id='word_1_18' title='bbox 503 653 550 728; x_wconf 80' lang='lat' dir='ltr'>y).</span> <span class='ocrx_word' id='word_1_19' title='bbox 594 649 620 712; x_wconf 89' lang='lat' dir='ltr'>l.</span> <span class='ocrx_word' id='word_1_20' title='bbox 646 671 691 710; x_wconf 93' lang='grc' dir='ltr'>ιι.</span> <span class='ocrx_word' id='word_1_21' title='bbox 714 651 743 711; x_wconf 78' lang='lat'>5.</span> 
     </span>
    </p>

    <p class='ocr_par' dir='ltr' id='par_1_3' title="bbox 112 730 1241 896">
     <span class='ocr_line' id='line_1_5' title="bbox 193 730 1241 815; baseline 0.006 -24"><span class='ocrx_word' id='word_1_22' title='bbox 193 730 379 792; x_wconf 89' lang='lat' dir='ltr'>CXXXIII.</span> <span class='ocrx_word' id='word_1_23' title='bbox 423 733 459 794; x_wconf 86' lang='lat' dir='ltr'>si</span> <span class='ocrx_word' id='word_1_24' title='bbox 485 733 558 815; x_wconf 89' lang='lat' dir='ltr'>quis</span> <span class='ocrx_word' id='word_1_25' title='bbox 584 739 712 796; x_wconf 74' lang='lat' dir='ltr'>serrum</span> <span class='ocrx_word' id='word_1_26' title='bbox 738 731 881 794; x_wconf 86' lang='lat' dir='ltr'>alienum</span> <span class='ocrx_word' id='word_1_27' title='bbox 904 733 1087 797; x_wconf 87' lang='lat' dir='ltr'>bubulcum</span> <span class='ocrx_word' id='word_1_28' title='bbox 1111 733 1154 796; x_wconf 88' lang='lat' dir='ltr'>dc</span> <span class='ocrx_word' id='word_1_29' title='bbox 1174 733 1241 798; x_wconf 81' lang='lat' dir='ltr'>sale</span> 
     </span>
     <span class='ocr_line' id='line_1_6' title="bbox 112 813 1217 896; baseline -0.001 -18"><span class='ocrx_word' id='word_1_30' title='bbox 112 813 281 884; x_wconf 76' lang='lat' dir='ltr'>occiderit,</span> <span class='ocrx_word' id='word_1_31' title='bbox 304 825 476 896; x_wconf 79' lang='lat' dir='ltr'>componet</span> <span class='ocrx_word' id='word_1_32' title='bbox 497 815 618 878; x_wconf 87' lang='lat' dir='ltr'>solidos</span> <span class='ocrx_word' id='word_1_33' title='bbox 636 816 703 888; x_wconf 85' lang='lat' dir='ltr'>XX.</span> <span class='ocrx_word' id='word_1_34' title='bbox 773 815 798 880; x_wconf 92' lang='lat' dir='ltr'>l.</span> <span class='ocrx_word' id='word_1_35' title='bbox 826 837 871 882; x_wconf 93' lang='grc' dir='ltr'>ιι.</span> <span class='ocrx_word' id='word_1_36' title='bbox 891 818 922 895; x_wconf 79' lang='grc'>4,</span> <span class='ocrx_word' id='word_1_37' title='bbox 1211 883 1217 892; x_wconf 57' lang='lat'>,</span> 
     </span>
    </p>

    <p class='ocr_par' dir='ltr' id='par_1_4' title="bbox 112 897 1239 1064">
     <span class='ocr_line' id='line_1_7' title="bbox 195 897 1239 984; baseline 0.008 -28"><span class='ocrx_word' id='word_1_38' title='bbox 195 897 365 959; x_wconf 85' lang='lat' dir='ltr'>CXXXIV.</span> <span class='ocrx_word' id='word_1_39' title='bbox 408 897 534 980; x_wconf 81' lang='lat' dir='ltr'>Siquis</span> <span class='ocrx_word' id='word_1_40' title='bbox 556 920 684 962; x_wconf 82' lang='lat' dir='ltr'>servum</span> <span class='ocrx_word' id='word_1_41' title='bbox 704 898 848 960; x_wconf 85' lang='lat' dir='ltr'>alienum</span> <span class='ocrx_word' id='word_1_42' title='bbox 866 899 1080 978; x_wconf 85' lang='lat' dir='ltr'>rusticanum,</span> <span class='ocrx_word' id='word_1_43' title='bbox 1103 899 1163 984; x_wconf 88' lang='lat' dir='ltr'>qni</span> <span class='ocrx_word' id='word_1_44' title='bbox 1180 901 1239 964; x_wconf 68' lang='lat' dir='ltr'>snb</span> 
     </span>
     <span class='ocr_line' id='line_1_8' title="bbox 112 979 1203 1064; baseline 0.005 -24"><span class='ocrx_word' id='word_1_45' title='bbox 112 979 263 1042; x_wconf 88' lang='lat' dir='ltr'>massario</span> <span class='ocrx_word' id='word_1_46' title='bbox 286 989 353 1054; x_wconf 89' lang='lat' dir='ltr'>est,</span> <span class='ocrx_word' id='word_1_47' title='bbox 376 982 543 1060; x_wconf 88' lang='lat' dir='ltr'>occiderit,</span> <span class='ocrx_word' id='word_1_48' title='bbox 565 991 738 1064; x_wconf 84' lang='lat' dir='ltr'>componat</span> <span class='ocrx_word' id='word_1_49' title='bbox 752 983 871 1044; x_wconf 90' lang='lat' dir='ltr'>solidos</span> <span class='ocrx_word' id='word_1_50' title='bbox 890 983 981 1049; x_wconf 87' lang='lat' dir='ltr'>XVI.</span> <span class='ocrx_word' id='word_1_51' title='bbox 1041 987 1070 1046; x_wconf 95' lang='lat'>1.</span> <span class='ocrx_word' id='word_1_52' title='bbox 1099 1006 1147 1049; x_wconf 94' lang='grc' dir='ltr'>ιι.</span> <span class='ocrx_word' id='word_1_53' title='bbox 1169 985 1203 1046; x_wconf 75' lang='lat'>3.</span> 
     </span>
    </p>

    <p class='ocr_par' dir='ltr' id='par_1_5' title="bbox 109 1061 1312 1458">
     <span class='ocr_line' id='line_1_9' title="bbox 196 1061 1239 1151; baseline 0.005 -28"><span class='ocrx_word' id='word_1_54' title='bbox 196 1061 367 1126; x_wconf 89' lang='lat' dir='ltr'>CXXXV.</span> <span class='ocrx_word' id='word_1_55' title='bbox 410 1066 443 1126; x_wconf 88' lang='lat' dir='ltr'>si</span> <span class='ocrx_word' id='word_1_56' title='bbox 463 1066 738 1148; x_wconf 80' lang='lat' dir='ltr'>quis-porcarium</span> <span class='ocrx_word' id='word_1_57' title='bbox 762 1066 903 1127; x_wconf 83' lang='lat' dir='ltr'>alienum</span> <span class='ocrx_word' id='word_1_58' title='bbox 927 1067 1107 1144; x_wconf 79' lang='lat' dir='ltr'>occiderit,</span> <span class='ocrx_word' id='word_1_59' title='bbox 1141 1068 1239 1151; x_wconf 81' lang='lat' dir='ltr'>magi·</span> 
     </span>
     <span class='ocr_line' id='line_1_10' title="bbox 111 1146 1239 1232; baseline 0.004 -22"><span class='ocrx_word' id='word_1_60' title='bbox 111 1155 214 1210; x_wconf 81' lang='lat' dir='ltr'>strum</span> <span class='ocrx_word' id='word_1_61' title='bbox 234 1155 339 1208; x_wconf 89' lang='lat' dir='ltr'>tamen</span> <span class='ocrx_word' id='word_1_62' title='bbox 363 1146 475 1226; x_wconf 88' lang='lat' dir='ltr'>ilium,</span> <span class='ocrx_word' id='word_1_63' title='bbox 504 1151 561 1232; x_wconf 89' lang='lat' dir='ltr'>qni</span> <span class='ocrx_word' id='word_1_64' title='bbox 588 1149 648 1213; x_wconf 83' lang='lat' dir='ltr'>snb</span> <span class='ocrx_word' id='word_1_65' title='bbox 673 1169 707 1211; x_wconf 90' lang='lat' dir='ltr'>se</span> <span class='ocrx_word' id='word_1_66' title='bbox 729 1149 905 1230; x_wconf 89' lang='lat' dir='ltr'>discipulos</span> <span class='ocrx_word' id='word_1_67' title='bbox 925 1148 1023 1210; x_wconf 87' lang='lat' dir='ltr'>babet</span> <span class='ocrx_word' id='word_1_68' title='bbox 1048 1151 1155 1230; x_wconf 90' lang='lat' dir='ltr'>dnos,</span> <span class='ocrx_word' id='word_1_69' title='bbox 1187 1161 1239 1214; x_wconf 85' lang='lat' dir='ltr'>aut</span> 
     </span>
     <span class='ocr_line' id='line_1_11' title="bbox 111 1229 1239 1316; baseline 0.005 -26"><span class='ocrx_word' id='word_1_70' title='bbox 111 1237 196 1309; x_wconf 85' lang='lat' dir='ltr'>tres,</span> <span class='ocrx_word' id='word_1_71' title='bbox 218 1229 445 1310; x_wconf 84' lang='lat' dir='ltr'>sntsmplius,</span> <span class='ocrx_word' id='word_1_72' title='bbox 476 1243 649 1316; x_wconf 85' lang='lat' dir='ltr'>componet</span> <span class='ocrx_word' id='word_1_73' title='bbox 667 1232 788 1294; x_wconf 89' lang='lat' dir='ltr'>solidos</span> <span class='ocrx_word' id='word_1_74' title='bbox 807 1234 842 1292; x_wconf 88' lang='lat' dir='ltr'>L.</span> <span class='ocrx_word' id='word_1_75' title='bbox 883 1235 931 1294; x_wconf 88' lang='lat' dir='ltr'>De</span> <span class='ocrx_word' id='word_1_76' title='bbox 951 1231 1169 1296; x_wconf 84' lang='lat' dir='ltr'>inferioribus</span> <span class='ocrx_word' id='word_1_77' title='bbox 1188 1257 1239 1296; x_wconf 86' lang='lat' dir='ltr'>an·</span> 
     </span>
     <span class='ocr_line' id='line_1_12' title="bbox 109 1313 1312 1458; baseline 0.008 -84"><span class='ocrx_word' id='word_1_78' title='bbox 109 1322 178 1458; x_wconf 57' lang='grc' dir='ltr'>ἴσω</span> <span class='ocrx_word' id='word_1_79' title='bbox 211 1313 367 1456; x_wconf 66' lang='lat' dir='ltr'>pprcariis</span> <span class='ocrx_word' id='word_1_80' title='bbox 400 1313 428 1377; x_wconf 86' lang='lat' dir='ltr'>si</span> <span class='ocrx_word' id='word_1_81' title='bbox 457 1314 531 1399; x_wconf 90' lang='lat' dir='ltr'>quis</span> <span class='ocrx_word' id='word_1_82' title='bbox 559 1313 741 1395; x_wconf 86' lang='lat' dir='ltr'>occiderit,</span> <span class='ocrx_word' id='word_1_83' title='bbox 773 1326 945 1400; x_wconf 84' lang='lat' dir='ltr'>componat</span> <span class='ocrx_word' id='word_1_84' title='bbox 976 1316 1101 1380; x_wconf 84' lang='lat' dir='ltr'>solidos</span> <span class='ocrx_word' id='word_1_85' title='bbox 1134 1319 1240 1384; x_wconf 87' lang='lat' dir='ltr'>XXV.</span> <span class='ocrx_word' id='word_1_86' title='bbox 1311 1379 1312 1400; x_wconf 71' lang='lat'>,</span> 
     </span>
     <span class='ocr_line' id='line_1_13' title="bbox 130 1414 262 1456; baseline 0 0"><span class='ocrx_word' id='word_1_87' title='bbox 130 1414 211 1456; x_wconf 90' lang='grc' dir='ltr'><strong>.ιι.</strong></span> <span class='ocrx_word' id='word_1_88' title='bbox 255 1439 262 1456; x_wconf 93' lang='grc'><strong>.</strong></span> 
     </span>
    </p>

    <p class='ocr_par' dir='ltr' id='par_1_6' title="bbox 109 1477 1241 1956">
     <span class='ocr_line' id='line_1_14' title="bbox 194 1477 1241 1565; baseline 0.004 -24"><span class='ocrx_word' id='word_1_89' title='bbox 194 1477 365 1541; x_wconf 84' lang='lat' dir='ltr'>CXXXVI.</span> <span class='ocrx_word' id='word_1_90' title='bbox 407 1479 528 1562; x_wconf 87' lang='lat' dir='ltr'>Siquis</span> <span class='ocrx_word' id='word_1_91' title='bbox 542 1480 745 1562; x_wconf 86' lang='lat' dir='ltr'>pecorarium</span> <span class='ocrx_word' id='word_1_92' title='bbox 760 1491 817 1544; x_wconf 89' lang='lat' dir='ltr'>aut</span> <span class='ocrx_word' id='word_1_93' title='bbox 831 1482 1024 1565; x_wconf 78' lang='lat' dir='ltr'>caprarium,</span> <span class='ocrx_word' id='word_1_94' title='bbox 1038 1503 1099 1546; x_wconf 83' lang='lat' dir='ltr'>sen</span> <span class='ocrx_word' id='word_1_95' title='bbox 1109 1505 1241 1545; x_wconf 87' lang='lat' dir='ltr'>armeu-</span> 
     </span>
     <span class='ocr_line' id='line_1_15' title="bbox 111 1562 1238 1648; baseline 0.005 -25"><span class='ocrx_word' id='word_1_96' title='bbox 111 1562 230 1624; x_wconf 86' lang='lat' dir='ltr'>tarium</span> <span class='ocrx_word' id='word_1_97' title='bbox 255 1562 431 1642; x_wconf 88' lang='lat' dir='ltr'>occiderit,</span> <span class='ocrx_word' id='word_1_98' title='bbox 465 1567 650 1648; x_wconf 81' lang='lat' dir='ltr'>magistrum</span> <span class='ocrx_word' id='word_1_99' title='bbox 669 1573 799 1642; x_wconf 86' lang='lat' dir='ltr'>tamen,</span> <span class='ocrx_word' id='word_1_100' title='bbox 827 1575 999 1648; x_wconf 90' lang='lat' dir='ltr'>componat</span> <span class='ocrx_word' id='word_1_101' title='bbox 1023 1566 1151 1628; x_wconf 88' lang='lat' dir='ltr'>solidos</span> <span class='ocrx_word' id='word_1_102' title='bbox 1175 1568 1238 1634; x_wconf 73' lang='lat' dir='ltr'>XX.</span> 
     </span>
     <span class='ocr_line' id='line_1_16' title="bbox 109 1645 1239 1732; baseline 0.001 -24"><span class='ocrx_word' id='word_1_103' title='bbox 109 1645 175 1708; x_wconf 90' lang='lat' dir='ltr'>Pro</span> <span class='ocrx_word' id='word_1_104' title='bbox 193 1645 373 1724; x_wconf 77' lang='lat' dir='ltr'>discipulis,</span> <span class='ocrx_word' id='word_1_105' title='bbox 396 1656 451 1707; x_wconf 87' lang='lat' dir='ltr'>aut</span> <span class='ocrx_word' id='word_1_106' title='bbox 464 1647 520 1732; x_wconf 91' lang='lat' dir='ltr'>qui</span> <span class='ocrx_word' id='word_1_107' title='bbox 536 1655 710 1728; x_wconf 80' lang='lat' dir='ltr'>sequentes</span> <span class='ocrx_word' id='word_1_108' title='bbox 726 1658 813 1726; x_wconf 92' lang='lat' dir='ltr'>suut,</span> <span class='ocrx_word' id='word_1_109' title='bbox 825 1649 852 1710; x_wconf 90' lang='lat' dir='ltr'>si</span> <span class='ocrx_word' id='word_1_110' title='bbox 868 1649 941 1729; x_wconf 89' lang='lat' dir='ltr'>quis</span> <span class='ocrx_word' id='word_1_111' title='bbox 960 1647 1132 1726; x_wconf 86' lang='lat' dir='ltr'>occiderit,</span> <span class='ocrx_word' id='word_1_112' title='bbox 1154 1670 1239 1711; x_wconf 91' lang='lat' dir='ltr'>com·</span> 
     </span>
     <span class='ocr_line' id='line_1_17' title="bbox 109 1727 1238 1870; baseline 0.005 -83"><span class='ocrx_word' id='word_1_113' title='bbox 109 1739 210 1870; x_wconf 88' lang='lat' dir='ltr'>ponat</span> <span class='ocrx_word' id='word_1_114' title='bbox 227 1727 348 1790; x_wconf 87' lang='lat' dir='ltr'>solidos</span> <span class='ocrx_word' id='word_1_115' title='bbox 368 1729 459 1791; x_wconf 90' lang='lat' dir='ltr'>XVI.</span> <span class='ocrx_word' id='word_1_116' title='bbox 509 1733 557 1792; x_wconf 90' lang='lat' dir='ltr'>De</span> <span class='ocrx_word' id='word_1_117' title='bbox 577 1729 643 1792; x_wconf 92' lang='lat' dir='ltr'>illis</span> <span class='ocrx_word' id='word_1_118' title='bbox 663 1751 741 1792; x_wconf 78' lang='lat' dir='ltr'>vero</span> <span class='ocrx_word' id='word_1_119' title='bbox 764 1732 942 1814; x_wconf 69' lang='lat' dir='ltr'>pastoribus</span> <span class='ocrx_word' id='word_1_120' title='bbox 960 1732 1100 1794; x_wconf 82' lang='lat' dir='ltr'>dicimus</span> <span class='ocrx_word' id='word_1_121' title='bbox 1121 1733 1182 1813; x_wconf 90' lang='lat' dir='ltr'>qui</span> <span class='ocrx_word' id='word_1_122' title='bbox 1199 1731 1238 1793; x_wconf 88' lang='lat' dir='ltr'>ad</span> 
     </span>
     <span class='ocr_line' id='line_1_18' title="bbox 109 1809 1238 1956; baseline 0.006 -86"><span class='ocrx_word' id='word_1_123' title='bbox 109 1809 233 1956; x_wconf 85' lang='lat' dir='ltr'>Iiberos</span> <span class='ocrx_word' id='word_1_124' title='bbox 272 1809 422 1906; x_wconf 81' lang='lat' dir='ltr'>homines</span> <span class='ocrx_word' id='word_1_125' title='bbox 459 1813 665 1893; x_wconf 79' lang='lat' dir='ltr'>servierunt,</span> <span class='ocrx_word' id='word_1_126' title='bbox 708 1824 742 1876; x_wconf 92' lang='lat' dir='ltr'>et</span> <span class='ocrx_word' id='word_1_127' title='bbox 768 1815 808 1877; x_wconf 89' lang='lat' dir='ltr'>de</span> <span class='ocrx_word' id='word_1_128' title='bbox 836 1815 902 1877; x_wconf 85' lang='lat' dir='ltr'>sala</span> <span class='ocrx_word' id='word_1_129' title='bbox 931 1816 1064 1900; x_wconf 87' lang='lat' dir='ltr'>propria</span> <span class='ocrx_word' id='word_1_130' title='bbox 1101 1824 1238 1878; x_wconf 80' lang='lat' dir='ltr'>exeunt.</span> 
     </span>
    </p>

    <p class='ocr_par' dir='ltr' id='par_1_7' title="bbox 129 1915 261 1974">
     <span class='ocr_line' id='line_1_19' title="bbox 129 1915 261 1974; baseline 0.045 -20"><span class='ocrx_word' id='word_1_131' title='bbox 129 1944 137 1961; x_wconf 89' lang='lat'>.</span> <span class='ocrx_word' id='word_1_132' title='bbox 163 1915 209 1955; x_wconf 90' lang='grc' dir='ltr'>ιι.</span> <span class='ocrx_word' id='word_1_133' title='bbox 233 1915 261 1974; x_wconf 83' lang='lat'>7.</span> 
     </span>
    </p>

    <p class='ocr_par' dir='ltr' id='par_1_8' title="bbox 39 1970 1240 2315">
     <span class='ocr_line' id='line_1_20' title="bbox 40 1970 1240 2065; baseline 0.002 -23"><span class='ocrx_word' id='word_1_134' title='bbox 40 1970 44 1980; x_wconf 70' lang='grc'><em>’</em></span> <span class='ocrx_word' id='word_1_135' title='bbox 192 1975 396 2043; x_wconf 90' lang='lat' dir='ltr'>CXXXVII.</span> <span class='ocrx_word' id='word_1_136' title='bbox 439 1980 474 2042; x_wconf 92' lang='lat' dir='ltr'>Si</span> <span class='ocrx_word' id='word_1_137' title='bbox 491 1979 565 2062; x_wconf 91' lang='lat' dir='ltr'>quis</span> <span class='ocrx_word' id='word_1_138' title='bbox 580 1979 736 2043; x_wconf 86' lang='lat' dir='ltr'>infantem</span> <span class='ocrx_word' id='word_1_139' title='bbox 754 1982 924 2065; x_wconf 82' lang='lat' dir='ltr'>parvulum</span> <span class='ocrx_word' id='word_1_140' title='bbox 947 1980 986 2042; x_wconf 89' lang='lat' dir='ltr'>de</span> <span class='ocrx_word' id='word_1_141' title='bbox 1006 2001 1106 2042; x_wconf 79' lang='lat' dir='ltr'>servo</span> <span class='ocrx_word' id='word_1_142' title='bbox 1123 2001 1240 2044; x_wconf 82' lang='lat' dir='ltr'>massa·</span> 
     </span>
     <span class='ocr_line' id='line_1_21' title="bbox 39 2060 1238 2143; baseline 0.003 -22"><span class='ocrx_word' id='word_1_143' title='bbox 39 2113 42 2121; x_wconf 86' lang='grc'>,</span> <span class='ocrx_word' id='word_1_144' title='bbox 109 2060 160 2140; x_wconf 76' lang='lat' dir='ltr'>rio</span> <span class='ocrx_word' id='word_1_145' title='bbox 183 2085 260 2126; x_wconf 90' lang='lat' dir='ltr'>casu</span> <span class='ocrx_word' id='word_1_146' title='bbox 284 2062 423 2126; x_wconf 83' lang='lat' dir='ltr'>faciente</span> <span class='ocrx_word' id='word_1_147' title='bbox 452 2064 627 2143; x_wconf 88' lang='lat' dir='ltr'>occiderit,</span> <span class='ocrx_word' id='word_1_148' title='bbox 655 2066 829 2126; x_wconf 76' lang='lat' dir='ltr'>arbitretur</span> <span class='ocrx_word' id='word_1_149' title='bbox 854 2087 871 2124; x_wconf 85' lang='lat' dir='ltr'>a</span> <span class='ocrx_word' id='word_1_150' title='bbox 897 2063 1022 2142; x_wconf 88' lang='lat' dir='ltr'>iudice,</span> <span class='ocrx_word' id='word_1_151' title='bbox 1051 2065 1238 2125; x_wconf 86' lang='lat' dir='ltr'>secundnm</span> 
     </span>
     <span class='ocr_line' id='line_1_22' title="bbox 109 2145 1236 2234; baseline 0.001 -28"><span class='ocrx_word' id='word_1_152' title='bbox 109 2148 239 2228; x_wconf 87' lang='lat' dir='ltr'>qualem</span> <span class='ocrx_word' id='word_1_153' title='bbox 266 2146 417 2208; x_wconf 84' lang='lat' dir='ltr'>babuerit</span> <span class='ocrx_word' id='word_1_154' title='bbox 439 2158 592 2227; x_wconf 86' lang='lat' dir='ltr'>aetatem,</span> <span class='ocrx_word' id='word_1_155' title='bbox 626 2159 682 2211; x_wconf 88' lang='lat' dir='ltr'>aut</span> <span class='ocrx_word' id='word_1_156' title='bbox 698 2149 794 2234; x_wconf 83' lang='lat' dir='ltr'>quale</span> <span class='ocrx_word' id='word_1_157' title='bbox 819 2145 948 2210; x_wconf 77' lang='lat' dir='ltr'>lucrum</span> <span class='ocrx_word' id='word_1_158' title='bbox 965 2148 1073 2210; x_wconf 83' lang='lat' dir='ltr'>facere</span> <span class='ocrx_word' id='word_1_159' title='bbox 1094 2155 1236 2231; x_wconf 85' lang='lat' dir='ltr'>poterat,</span> 
     </span>
     <span class='ocr_line' id='line_1_23' title="bbox 108 2227 670 2315; baseline 0.011 -25"><span class='ocrx_word' id='word_1_160' title='bbox 108 2227 153 2290; x_wconf 87' lang='lat' dir='ltr'>ita</span> <span class='ocrx_word' id='word_1_161' title='bbox 175 2237 356 2315; x_wconf 83' lang='lat' dir='ltr'>componat.</span> <span class='ocrx_word' id='word_1_162' title='bbox 419 2232 444 2299; x_wconf 85' lang='lat'>1.</span> <span class='ocrx_word' id='word_1_163' title='bbox 471 2253 516 2292; x_wconf 92' lang='grc' dir='ltr'>ιι.</span> <span class='ocrx_word' id='word_1_164' title='bbox 538 2232 568 2295; x_wconf 85' lang='lat'>8·</span> <span class='ocrx_word' id='word_1_165' title='bbox 665 2233 670 2250; x_wconf 89' lang='lat'><em>&#39;</em></span> 
     </span>
    </p>
   </div>
   <div class='ocr_carea' id='block_1_3' title="bbox 194 2365 1238 2561">
    <p class='ocr_par' dir='ltr' id='par_1_9' title="bbox 194 2365 1238 2561">
     <span class='ocr_line' id='line_1_24' title="bbox 234 2365 1111 2453; baseline 0.002 -23"><span class='ocrx_word' id='word_1_166' title='bbox 234 2370 283 2430; x_wconf 87' lang='lat' dir='ltr'>De</span> <span class='ocrx_word' id='word_1_167' title='bbox 300 2370 414 2431; x_wconf 85' lang='lat' dir='ltr'>arbore</span> <span class='ocrx_word' id='word_1_168' title='bbox 432 2365 640 2432; x_wconf 85' lang='lat' dir='ltr'>communiter</span> <span class='ocrx_word' id='word_1_169' title='bbox 654 2370 772 2448; x_wconf 77' lang='lat' dir='ltr'>incisa,</span> <span class='ocrx_word' id='word_1_170' title='bbox 792 2370 977 2453; x_wconf 77' lang='lat' dir='ltr'>homineque</span> <span class='ocrx_word' id='word_1_171' title='bbox 992 2370 1111 2437; x_wconf 85' lang='lat' dir='ltr'>occiso.</span> 
     </span>
     <span class='ocr_line' id='line_1_25' title="bbox 194 2483 1238 2561; baseline 0.001 -15"><span class='ocrx_word' id='word_1_172' title='bbox 194 2483 407 2547; x_wconf 88' lang='lat' dir='ltr'>CXXXVIII.</span> <span class='ocrx_word' id='word_1_173' title='bbox 451 2485 486 2545; x_wconf 87' lang='lat' dir='ltr'>si</span> <span class='ocrx_word' id='word_1_174' title='bbox 511 2484 575 2547; x_wconf 91' lang='lat' dir='ltr'>duo</span> <span class='ocrx_word' id='word_1_175' title='bbox 600 2494 654 2545; x_wconf 90' lang='lat' dir='ltr'>aut</span> <span class='ocrx_word' id='word_1_176' title='bbox 680 2495 744 2550; x_wconf 89' lang='lat' dir='ltr'>tres</span> <span class='ocrx_word' id='word_1_177' title='bbox 762 2483 1051 2561; x_wconf 83' lang='lat' dir='ltr'>homines‘libcri‚</span> <span class='ocrx_word' id='word_1_178' title='bbox 1082 2507 1144 2547; x_wconf 87' lang='lat' dir='ltr'>seu</span> <span class='ocrx_word' id='word_1_179' title='bbox 1168 2507 1238 2546; x_wconf 86' lang='lat' dir='ltr'>am·</span> 
     </span>
    </p>
   </div>
   <div class='ocr_carea' id='block_1_4' title="bbox 107 2567 1238 3232">
    <p class='ocr_par' dir='ltr' id='par_1_10' title="bbox 107 2567 1238 3232">
     <span class='ocr_line' id='line_1_26' title="bbox 107 2567 1238 2654; baseline -0.003 -21"><span class='ocrx_word' id='word_1_180' title='bbox 107 2567 215 2654; x_wconf 85' lang='lat' dir='ltr'>plius,</span> <span class='ocrx_word' id='word_1_181' title='bbox 255 2567 402 2630; x_wconf 84' lang='lat' dir='ltr'>arborem</span> <span class='ocrx_word' id='word_1_182' title='bbox 424 2590 522 2628; x_wconf 84' lang='lat' dir='ltr'>unam</span> <span class='ocrx_word' id='word_1_183' title='bbox 552 2568 744 2645; x_wconf 87' lang='lat' dir='ltr'>inciderint,</span> <span class='ocrx_word' id='word_1_184' title='bbox 789 2579 822 2629; x_wconf 90' lang='lat' dir='ltr'>et</span> <span class='ocrx_word' id='word_1_185' title='bbox 848 2567 1148 2640; x_wconf 65' lang='lat' dir='ltr'>ulium,bominem</span> <span class='ocrx_word' id='word_1_186' title='bbox 1182 2593 1238 2632; x_wconf 90' lang='lat' dir='ltr'>su-</span> 
     </span>
     <span class='ocr_line' id='line_1_27' title="bbox 109 2650 1235 2735; baseline -0.001 -21"><span class='ocrx_word' id='word_1_187' title='bbox 109 2650 355 2735; x_wconf 77' lang='lat' dir='ltr'>pervenientem</span> <span class='ocrx_word' id='word_1_188' title='bbox 383 2650 582 2729; x_wconf 89' lang='lat' dir='ltr'>oeciderint,</span> <span class='ocrx_word' id='word_1_189' title='bbox 618 2661 673 2712; x_wconf 88' lang='lat' dir='ltr'>aut</span> <span class='ocrx_word' id='word_1_190' title='bbox 697 2651 868 2732; x_wconf 86' lang='lat' dir='ltr'>quodlibet</span> <span class='ocrx_word' id='word_1_191' title='bbox 891 2651 1043 2712; x_wconf 84' lang='lat' dir='ltr'>damnum</span> <span class='ocrx_word' id='word_1_192' title='bbox 1070 2653 1235 2723; x_wconf 83' lang='lat' dir='ltr'>fecerint;</span> 
     </span>
     <span class='ocr_line' id='line_1_28' title="bbox 108 2733 1237 2818; baseline 0.004 -23"><span class='ocrx_word' id='word_1_193' title='bbox 108 2744 190 2795; x_wconf 89' lang='lat' dir='ltr'>tunc</span> <span class='ocrx_word' id='word_1_194' title='bbox 209 2733 393 2794; x_wconf 85' lang='lat' dir='ltr'>incidentes</span> <span class='ocrx_word' id='word_1_195' title='bbox 413 2733 576 2811; x_wconf 82' lang='lat' dir='ltr'>arborem,</span> <span class='ocrx_word' id='word_1_196' title='bbox 605 2737 849 2816; x_wconf 79' lang='lat' dir='ltr'>quanticunque</span> <span class='ocrx_word' id='word_1_197' title='bbox 868 2734 1009 2808; x_wconf 85' lang='lat' dir='ltr'>fuerint,</span> <span class='ocrx_word' id='word_1_198' title='bbox 1040 2733 1150 2818; x_wconf 89' lang='lat' dir='ltr'>ipsum</span> <span class='ocrx_word' id='word_1_199' title='bbox 1174 2735 1237 2799; x_wconf 89' lang='lat' dir='ltr'>bo·</span> 
     </span>
     <span class='ocr_line' id='line_1_29' title="bbox 108 2816 1237 2899; baseline -0.001 -20"><span class='ocrx_word' id='word_1_200' title='bbox 108 2817 279 2880; x_wconf 80' lang='lat' dir='ltr'>micidiunr</span> <span class='ocrx_word' id='word_1_201' title='bbox 309 2826 364 2876; x_wconf 91' lang='lat' dir='ltr'>aut</span> <span class='ocrx_word' id='word_1_202' title='bbox 391 2817 543 2876; x_wconf 88' lang='lat' dir='ltr'>damnum</span> <span class='ocrx_word' id='word_1_203' title='bbox 569 2817 688 2898; x_wconf 88' lang='lat' dir='ltr'>pariter</span> <span class='ocrx_word' id='word_1_204' title='bbox 714 2827 918 2899; x_wconf 86' lang='lat' dir='ltr'>componant.</span> <span class='ocrx_word' id='word_1_205' title='bbox 965 2816 1051 2877; x_wconf 88' lang='lat' dir='ltr'>Etsi</span> <span class='ocrx_word' id='word_1_206' title='bbox 1080 2838 1160 2880; x_wconf 85' lang='lat' dir='ltr'>casu</span> <span class='ocrx_word' id='word_1_207' title='bbox 1187 2820 1237 2878; x_wconf 88' lang='lat' dir='ltr'>fu-</span> 
     </span>
     <span class='ocr_line' id='line_1_30' title="bbox 111 2898 1235 2983; baseline -0.003 -20"><span class='ocrx_word' id='word_1_208' title='bbox 111 2899 219 2963; x_wconf 89' lang='lat' dir='ltr'>eiente</span> <span class='ocrx_word' id='word_1_209' title='bbox 241 2901 280 2962; x_wconf 87' lang='lat' dir='ltr'>ab</span> <span class='ocrx_word' id='word_1_210' title='bbox 306 2899 374 2979; x_wconf 88' lang='lat' dir='ltr'>ipsa</span> <span class='ocrx_word' id='word_1_211' title='bbox 392 2899 505 2960; x_wconf 88' lang='lat' dir='ltr'>arbore</span> <span class='ocrx_word' id='word_1_212' title='bbox 526 2899 645 2981; x_wconf 86' lang='lat' dir='ltr'>aliquis</span> <span class='ocrx_word' id='word_1_213' title='bbox 668 2923 707 2962; x_wconf 84' lang='lat' dir='ltr'>ex</span> <span class='ocrx_word' id='word_1_214' title='bbox 726 2901 815 2983; x_wconf 88' lang='lat' dir='ltr'>ipsis,</span> <span class='ocrx_word' id='word_1_215' title='bbox 839 2901 897 2981; x_wconf 91' lang='lat' dir='ltr'>qui</span> <span class='ocrx_word' id='word_1_216' title='bbox 921 2898 1121 2978; x_wconf 87' lang='lat' dir='ltr'>inciderint,</span> <span class='ocrx_word' id='word_1_217' title='bbox 1144 2921 1235 2960; x_wconf 87' lang='lat' dir='ltr'>mor-</span> 
     </span>
     <span class='ocr_line' id='line_1_31' title="bbox 109 2981 1236 3066; baseline -0.003 -21"><span class='ocrx_word' id='word_1_218' title='bbox 109 2994 185 3046; x_wconf 88' lang='lat' dir='ltr'>tuns</span> <span class='ocrx_word' id='word_1_219' title='bbox 202 2985 278 3058; x_wconf 67' lang='lat' dir='ltr'>tuin</span> <span class='ocrx_word' id='word_1_220' title='bbox 314 2985 339 3046; x_wconf 90' lang='lat' dir='ltr'>si</span> <span class='ocrx_word' id='word_1_221' title='bbox 356 2984 420 3060; x_wconf 89' lang='lat' dir='ltr'>duo</span> <span class='ocrx_word' id='word_1_222' title='bbox 435 2983 558 3044; x_wconf 84' lang='lat' dir='ltr'>fuerint</span> <span class='ocrx_word' id='word_1_223' title='bbox 576 2983 737 3066; x_wconf 84' lang='lat' dir='ltr'>collegae,</span> <span class='ocrx_word' id='word_1_224' title='bbox 768 2983 922 3044; x_wconf 78' lang='lat' dir='ltr'>medietas</span> <span class='ocrx_word' id='word_1_225' title='bbox 942 2981 1037 3062; x_wconf 91' lang='lat' dir='ltr'>pretii</span> <span class='ocrx_word' id='word_1_226' title='bbox 1058 2994 1236 3065; x_wconf 85' lang='lat' dir='ltr'>reputetur</span> 
     </span>
     <span class='ocr_line' id='line_1_32' title="bbox 109 3063 1235 3150; baseline -0.004 -20"><span class='ocrx_word' id='word_1_227' title='bbox 109 3068 158 3132; x_wconf 89' lang='lat' dir='ltr'>illi</span> <span class='ocrx_word' id='word_1_228' title='bbox 183 3079 329 3143; x_wconf 90' lang='lat' dir='ltr'>mortuo,</span> <span class='ocrx_word' id='word_1_229' title='bbox 360 3078 392 3128; x_wconf 87' lang='lat' dir='ltr'>et</span> <span class='ocrx_word' id='word_1_230' title='bbox 413 3065 567 3128; x_wconf 87' lang='lat' dir='ltr'>medietas</span> <span class='ocrx_word' id='word_1_231' title='bbox 589 3067 732 3150; x_wconf 78' lang='lat' dir='ltr'>collegae</span> <span class='ocrx_word' id='word_1_232' title='bbox 755 3066 864 3148; x_wconf 91' lang='lat' dir='ltr'>ipsius.</span> <span class='ocrx_word' id='word_1_233' title='bbox 907 3065 950 3126; x_wconf 88' lang='lat' dir='ltr'>Et</span> <span class='ocrx_word' id='word_1_234' title='bbox 973 3063 999 3125; x_wconf 89' lang='lat' dir='ltr'>si</span> <span class='ocrx_word' id='word_1_235' title='bbox 1020 3064 1132 3147; x_wconf 87' lang='lat' dir='ltr'>plures</span> <span class='ocrx_word' id='word_1_236' title='bbox 1156 3068 1235 3127; x_wconf 82' lang='lat' dir='ltr'>fue-</span> 
     </span>
     <span class='ocr_line' id='line_1_33' title="bbox 108 3147 1237 3232; baseline -0.004 -17"><span class='ocrx_word' id='word_1_237' title='bbox 108 3152 192 3230; x_wconf 87' lang='lat' dir='ltr'>rint,</span> <span class='ocrx_word' id='word_1_238' title='bbox 229 3153 345 3214; x_wconf 86' lang='lat' dir='ltr'>eodem</span> <span class='ocrx_word' id='word_1_239' title='bbox 373 3147 470 3212; x_wconf 81' lang='lat' dir='ltr'>modo</span> <span class='ocrx_word' id='word_1_240' title='bbox 508 3149 613 3232; x_wconf 80' lang='lat' dir='ltr'>portio</span> <span class='ocrx_word' id='word_1_241' title='bbox 643 3171 709 3209; x_wconf 90' lang='lat' dir='ltr'>una</span> <span class='ocrx_word' id='word_1_242' title='bbox 737 3159 908 3232; x_wconf 89' lang='lat' dir='ltr'>reputetur</span> <span class='ocrx_word' id='word_1_243' title='bbox 936 3147 987 3207; x_wconf 91' lang='lat' dir='ltr'>illi</span> <span class='ocrx_word' id='word_1_244' title='bbox 1016 3156 1165 3228; x_wconf 90' lang='lat' dir='ltr'>mortno,</span> <span class='ocrx_word' id='word_1_245' title='bbox 1204 3157 1237 3210; x_wconf 88' lang='lat' dir='ltr'>et</span> 
     </span>
    </p>
   </div>
   <div class='ocr_carea' id='block_1_5' title="bbox 11 3232 1236 3317">
    <p class='ocr_par' dir='ltr' id='par_1_11' title="bbox 11 3232 1236 3317">
     <span class='ocr_line' id='line_1_34' title="bbox 11 3232 1236 3317; baseline -0.003 -20"><span class='ocrx_word' id='word_1_246' title='bbox 11 3233 13 3238; x_wconf 70' lang='grc'><strong>’</strong></span> <span class='ocrx_word' id='word_1_247' title='bbox 109 3235 358 3317; x_wconf 84' lang='lat' dir='ltr'>quanticunque</span> <span class='ocrx_word' id='word_1_248' title='bbox 382 3233 505 3294; x_wconf 90' lang='lat' dir='ltr'>luerint</span> <span class='ocrx_word' id='word_1_249' title='bbox 527 3232 613 3309; x_wconf 80' lang='lat' dir='ltr'>vivi,</span> <span class='ocrx_word' id='word_1_250' title='bbox 647 3232 797 3294; x_wconf 89' lang='lat' dir='ltr'>similiter</span> <span class='ocrx_word' id='word_1_251' title='bbox 821 3232 1136 3292; x_wconf 84' lang='lat' dir='ltr'>reddautsummum</span> <span class='ocrx_word' id='word_1_252' title='bbox 1155 3253 1236 3316; x_wconf 87' lang='lat' dir='ltr'>pre·-</span> 
     </span>
    </p>
   </div>
   <div class='ocr_carea' id='block_1_6' title="bbox 99 3313 1269 3986">
    <p class='ocr_par' dir='ltr' id='par_1_12' title="bbox 108 3313 1131 3398">
     <span class='ocr_line' id='line_1_35' title="bbox 108 3313 1131 3398; baseline -0.001 -19"><span class='ocrx_word' id='word_1_253' title='bbox 108 3320 158 3398; x_wconf 93' lang='lat' dir='ltr'>tii,</span> <span class='ocrx_word' id='word_1_254' title='bbox 181 3329 325 3379; x_wconf 84' lang='lat' dir='ltr'>cessante</span> <span class='ocrx_word' id='word_1_255' title='bbox 351 3318 448 3394; x_wconf 81' lang='lat' dir='ltr'>faida,</span> <span class='ocrx_word' id='word_1_256' title='bbox 471 3338 510 3396; x_wconf 83' lang='lat' dir='ltr'>eo</span> <span class='ocrx_word' id='word_1_257' title='bbox 531 3315 607 3397; x_wconf 85' lang='lat' dir='ltr'>quia</span> <span class='ocrx_word' id='word_1_258' title='bbox 627 3316 769 3377; x_wconf 90' lang='lat' dir='ltr'>nolendo</span> <span class='ocrx_word' id='word_1_259' title='bbox 789 3316 938 3378; x_wconf 85' lang='lat' dir='ltr'>fecerint.</span> <span class='ocrx_word' id='word_1_260' title='bbox 1001 3313 1027 3378; x_wconf 91' lang='lat' dir='ltr'>l.</span> <span class='ocrx_word' id='word_1_261' title='bbox 1049 3335 1078 3395; x_wconf 87' lang='lat'>9.</span> <span class='ocrx_word' id='word_1_262' title='bbox 1100 3315 1131 3378; x_wconf 85' lang='lat'>5.</span> 
     </span>
    </p>

    <p class='ocr_par' dir='ltr' id='par_1_13' title="bbox 99 3395 1269 3719">
     <span class='ocr_line' id='line_1_36' title="bbox 193 3395 1235 3481; baseline -0.006 -18"><span class='ocrx_word' id='word_1_263' title='bbox 193 3401 369 3463; x_wconf 90' lang='lat' dir='ltr'>CXXXIX.</span> <span class='ocrx_word' id='word_1_264' title='bbox 415 3401 449 3461; x_wconf 87' lang='lat' dir='ltr'>si</span> <span class='ocrx_word' id='word_1_265' title='bbox 480 3399 552 3481; x_wconf 90' lang='lat' dir='ltr'>quis</span> <span class='ocrx_word' id='word_1_266' title='bbox 581 3398 663 3460; x_wconf 90' lang='lat' dir='ltr'>liber</span> <span class='ocrx_word' id='word_1_267' title='bbox 688 3398 804 3477; x_wconf 87' lang='lat' dir='ltr'>homo,</span> <span class='ocrx_word' id='word_1_268' title='bbox 836 3408 890 3458; x_wconf 86' lang='lat' dir='ltr'>ant</span> <span class='ocrx_word' id='word_1_269' title='bbox 919 3395 1037 3457; x_wconf 87' lang='lat' dir='ltr'>mulier</span> <span class='ocrx_word' id='word_1_270' title='bbox 1063 3417 1235 3459; x_wconf 82' lang='lat' dir='ltr'>venenum</span> 
     </span>
     <span class='ocr_line' id='line_1_37' title="bbox 107 3478 1269 3568; baseline -0.004 -22"><span class='ocrx_word' id='word_1_271' title='bbox 107 3484 347 3568; x_wconf 79' lang='lat' dir='ltr'>temperaverit,</span> <span class='ocrx_word' id='word_1_272' title='bbox 375 3484 481 3544; x_wconf 90' lang='lat' dir='ltr'>etalii</span> <span class='ocrx_word' id='word_1_273' title='bbox 506 3481 745 3544; x_wconf 87' lang='lat' dir='ltr'>adhibendum</span> <span class='ocrx_word' id='word_1_274' title='bbox 767 3483 842 3543; x_wconf 88' lang='lat' dir='ltr'>dare</span> <span class='ocrx_word' id='word_1_275' title='bbox 865 3478 1026 3556; x_wconf 84' lang='lat' dir='ltr'>voluerit,</span> <span class='ocrx_word' id='word_1_276' title='bbox 1056 3491 1237 3564; x_wconf 89' lang='lat' dir='ltr'>componat</span> <span class='ocrx_word' id='word_1_277' title='bbox 1266 3516 1269 3524; x_wconf 95' lang='lat'><em>·</em></span> 
     </span>
     <span class='ocr_line' id='line_1_38' title="bbox 99 3560 1236 3648; baseline -0.007 -16"><span class='ocrx_word' id='word_1_278' title='bbox 99 3569 229 3640; x_wconf 68' lang='lat' dir='ltr'>‚solidos</span> <span class='ocrx_word' id='word_1_279' title='bbox 244 3565 320 3634; x_wconf 87' lang='lat' dir='ltr'>XX.</span> <span class='ocrx_word' id='word_1_280' title='bbox 342 3566 426 3648; x_wconf 90' lang='lat' dir='ltr'>sicut</span> <span class='ocrx_word' id='word_1_281' title='bbox 446 3567 514 3644; x_wconf 90' lang='lat' dir='ltr'>ille,</span> <span class='ocrx_word' id='word_1_282' title='bbox 536 3566 649 3648; x_wconf 92' lang='lat' dir='ltr'>quiin</span> <span class='ocrx_word' id='word_1_283' title='bbox 671 3576 774 3628; x_wconf 91' lang='lat' dir='ltr'>morte</span> <span class='ocrx_word' id='word_1_284' title='bbox 796 3565 929 3626; x_wconf 84' lang='lat' dir='ltr'>alteriue</span> <span class='ocrx_word' id='word_1_285' title='bbox 951 3560 1143 3626; x_wconf 88' lang='lat' dir='ltr'>consiliatus</span> <span class='ocrx_word' id='word_1_286' title='bbox 1163 3565 1236 3624; x_wconf 89' lang='lat' dir='ltr'>fue·</span> 
     </span>
     <span class='ocr_line' id='line_1_39' title="bbox 107 3652 354 3719; baseline -0.016 -5"><span class='ocrx_word' id='word_1_287' title='bbox 107 3653 161 3719; x_wconf 69' lang='lat' dir='ltr'>rib.</span> <span class='ocrx_word' id='word_1_288' title='bbox 224 3657 251 3714; x_wconf 83' lang='lat' dir='ltr'>I·</span> <span class='ocrx_word' id='word_1_289' title='bbox 274 3652 302 3712; x_wconf 70' lang='grc'>5.</span> <span class='ocrx_word' id='word_1_290' title='bbox 347 3693 354 3710; x_wconf 68' lang='grc' dir='ltr'><strong>ι</strong></span> 
     </span>
    </p>

    <p class='ocr_par' dir='ltr' id='par_1_14' title="bbox 108 3653 1236 3986">
     <span class='ocr_line' id='line_1_40' title="bbox 193 3653 1236 3797; baseline -0.008 0"><span class='ocrx_word' id='word_1_291' title='bbox 193 3737 287 3797; x_wconf 88' lang='lat' dir='ltr'>CXL.</span> <span class='ocrx_word' id='word_1_292' title='bbox 324 3653 362 3794; x_wconf 66' lang='lat' dir='ltr'>ii</span> <span class='ocrx_word' id='word_1_293' title='bbox 390 3733 475 3795; x_wconf 90' lang='lat' dir='ltr'>liber</span> <span class='ocrx_word' id='word_1_294' title='bbox 502 3740 558 3792; x_wconf 88' lang='lat' dir='ltr'>aut</span> <span class='ocrx_word' id='word_1_295' title='bbox 584 3732 685 3793; x_wconf 87' lang='lat' dir='ltr'>libere</span> <span class='ocrx_word' id='word_1_296' title='bbox 711 3753 875 3794; x_wconf 75' lang='lat' dir='ltr'>venenum</span> <span class='ocrx_word' id='word_1_297' title='bbox 904 3727 959 3788; x_wconf 86' lang='lat' dir='ltr'>alii</span> <span class='ocrx_word' id='word_1_298' title='bbox 989 3727 1029 3790; x_wconf 85' lang='lat' dir='ltr'>sd</span> <span class='ocrx_word' id='word_1_299' title='bbox 1049 3727 1236 3789; x_wconf 88' lang='lat' dir='ltr'>bibendum</span> 
     </span>
     <span class='ocr_line' id='line_1_41' title="bbox 109 3811 1236 3899; baseline -0.008 -18"><span class='ocrx_word' id='word_1_300' title='bbox 109 3819 248 3895; x_wconf 86' lang='lat' dir='ltr'>dederit,</span> <span class='ocrx_word' id='word_1_301' title='bbox 271 3817 380 3899; x_wconf 90' lang='lat' dir='ltr'>etqui</span> <span class='ocrx_word' id='word_1_302' title='bbox 403 3816 536 3898; x_wconf 88' lang='lat' dir='ltr'>accepit,</span> <span class='ocrx_word' id='word_1_303' title='bbox 559 3837 599 3876; x_wconf 86' lang='lat' dir='ltr'>ex</span> <span class='ocrx_word' id='word_1_304' title='bbox 622 3816 692 3895; x_wconf 91' lang='lat' dir='ltr'>ipso</span> <span class='ocrx_word' id='word_1_305' title='bbox 714 3836 843 3877; x_wconf 86' lang='lat' dir='ltr'>veneno</span> <span class='ocrx_word' id='word_1_306' title='bbox 865 3821 1010 3872; x_wconf 90' lang='lat' dir='ltr'>mortuus</span> <span class='ocrx_word' id='word_1_307' title='bbox 1033 3832 1099 3870; x_wconf 92' lang='lat' dir='ltr'>non</span> <span class='ocrx_word' id='word_1_308' title='bbox 1117 3811 1236 3890; x_wconf 87' lang='lat' dir='ltr'>fuerit,</span> 
     </span>
     <span class='ocr_line' id='line_1_42' title="bbox 108 3893 1236 3986; baseline -0.006 -22"><span class='ocrx_word' id='word_1_309' title='bbox 108 3912 283 3986; x_wconf 86' lang='lat' dir='ltr'>componat</span> <span class='ocrx_word' id='word_1_310' title='bbox 311 3900 368 3983; x_wconf 91' lang='lat' dir='ltr'>qui</span> <span class='ocrx_word' id='word_1_311' title='bbox 401 3919 565 3962; x_wconf 84' lang='lat' dir='ltr'>venenum</span> <span class='ocrx_word' id='word_1_312' title='bbox 588 3899 732 3978; x_wconf 87' lang='lat' dir='ltr'>dederit,</span> <span class='ocrx_word' id='word_1_313' title='bbox 766 3898 970 3960; x_wconf 84' lang='lat' dir='ltr'>medietatem</span> <span class='ocrx_word' id='word_1_314' title='bbox 991 3893 1089 3978; x_wconf 90' lang='lat' dir='ltr'>pretii</span> <span class='ocrx_word' id='word_1_315' title='bbox 1112 3893 1236 3980; x_wconf 88' lang='lat' dir='ltr'>ipsius,</span> 
     </span>
    </p>
   </div>
   <div class='ocr_carea' id='block_1_7' title="bbox 111 3981 675 4062">
    <p class='ocr_par' dir='ltr' id='par_1_15' title="bbox 111 3981 675 4062">
     <span class='ocr_line' id='line_1_43' title="bbox 111 3981 675 4062; baseline -0.011 -10"><span class='ocrx_word' id='word_1_316' title='bbox 111 3988 194 4062; x_wconf 72' lang='lat' dir='ltr'>acsi</span> <span class='ocrx_word' id='word_1_317' title='bbox 216 4005 291 4047; x_wconf 87' lang='lat' dir='ltr'>eum</span> <span class='ocrx_word' id='word_1_318' title='bbox 313 3983 494 4050; x_wconf 87' lang='lat' dir='ltr'>occidisset.</span> <span class='ocrx_word' id='word_1_319' title='bbox 557 3985 582 4047; x_wconf 91' lang='lat'>1.</span> <span class='ocrx_word' id='word_1_320' title='bbox 605 3983 634 4047; x_wconf 75' lang='lat'>5.</span> <span class='ocrx_word' id='word_1_321' title='bbox 656 3981 675 4046; x_wconf 84' lang='lat'><em>5</em></span> 
     </span>
    </p>
   </div>
   <div class='ocr_carea' id='block_1_8' title="bbox 172 4219 997 4294">
    <p class='ocr_par' dir='ltr' id='par_1_16' title="bbox 103 4219 997 4294">
     <span class='ocr_line' id='line_1_44' title="bbox 172 4219 997 4294; baseline -0.011 -12.772"><span class='ocrx_word' id='word_1_322' title='bbox 172 4219 718 4294; x_wconf 45' lang='lat' dir='ltr'>peteuda-sotira,-satm.</span> <span class='ocrx_word' id='word_1_323' title='bbox 761 4269 764 4276; x_wconf 83' lang='grc'>,</span> <span class='ocrx_word' id='word_1_324' title='bbox 819 4225 823 4254; x_wconf 88' lang='lat'>&#39;·</span> <span class='ocrx_word' id='word_1_325' title='bbox 942 4255 944 4260; x_wconf 89' lang='lat'>-</span> <span class='ocrx_word' id='word_1_326' title='bbox 993 4251 997 4258; x_wconf 87' lang='lat'><strong>·</strong></span> 
     </span>
    </p>
   </div>
   <div class='ocr_carea' id='block_1_9' title="bbox 0 0 1324 4838">
    <p class='ocr_par' dir='ltr' id='par_1_17' title="bbox 0 0 1324 4838">
     <span class='ocr_line' id='line_1_45' title="bbox 0 0 1324 4838; baseline 0 1"><span class='ocrx_word' id='word_1_327' title='bbox 0 0 1324 4838; x_wconf 95' lang='lat' dir='ltr'> </span> 
     </span>
    </p>
   </div>
  </div>
 </body>
</html>
