2632 4822
123 239 198 320 798
395 253 613 313 crumilum
648 253 774 312 raons
809 257 873 314 ur.
891 259 937 316 vr.

122 401 221 480 emit,
257 396 368 461 dolose
389 415 461 458 eam
480 394 699 476 libertaverit,
740 406 774 460 et
806 419 914 471 seruus
944 401 1016 486 ipse
1051 401 1088 463 in
1122 403 1255 468 servitio

117 480 343 574 permanserit,
365 479 488 542 amittat
508 479 576 562 ipsa
597 476 780 542 libertatem
801 504 908 556 suam,
923 489 964 547 'et
985 485 1030 546 sit
1052 487 1186 548 ancilla
1198 491 1255 551 Re·

120 567 185 652 gi„
219 573 253 629 et
280 565 349 648 ipse
378 561 435 645 qui
468 584 538 625 eum
568 563 728 625 libertavit
761 578 934 664 componat
961 568 997 630 in
1035 577 1133 631 curte
1157 573 1255 656 Regia

117 651 214 713 aliam
246 648 361 725 talem,
398 655 453 706 ant
482 645 621 742 pretium
651 658 808 730 quantum
837 672 907 733 1psa
934 650 1081 714 valuerit
1104 676 1171 736 pro
1207 678 1255 734 eo,

116 734 207 818 quod
231 730 411 793 colludium
428 731 516 791 lecit.
560 731 678 792 Servus
699 752 775 793 vero
797 732 863 814 ipse
887 733 926 795 sit
948 735 983 795 in
1006 745 1179 817 potestate
1204 740 1254 800 do·

115 817 196 878 mini
218 815 286 893 sui,
308 823 341 875 et
361 813 515 873 ancillam
536 810 637 896 ipsam
657 813 754 875 faciut
776 815 925 878 dominus
948 819 1038 882 servi
1062 841 1162 881 suam
1184 843 1253 884 cnm

117 899 241 984 pretio,
264 903 318 958 aut
340 896 479 977 qualiter
499 917 517 955 a
538 897 624 980 Rege
648 890 792 960 obtinere
815 902 966 982 potuerit.
1034 901 1084 964 ll.
1116 926 1166 965 ια.
1187 905 1217 967 6.

185 998 266 1036 roan.
309 979 390 1034 Petre
415 987 444 1032 te
468 980 591 1050 appellat
616 981 767 1043 Martinus,
804 983 879 1053 quod
898 1003 970 1038 unus
991 1003 1064 1038 snus
1088 1005 1189 1041 servus
1206 988 1251 1040 hr-

116 1053 204 1108 behat
232 1049 347 1104 Mariam
372 1059 449 1102 tuam
473 1049 605 1102 ancillam
633 1050 669 1103 ad
692 1051 853 1120 mulierem,
885 1063 914 1106 et
937 1064 969 1109 tu
995 1056 1150 1111 libertasti
1175 1076 1248 1127 eam;

115 1125 163 1179 rel
184 1131 217 1177 tu
234 1119 382 1175 vendidisti
405 1137 465 1173 eam
485 1128 597 1191 propter
618 1119 761 1188 fraudem,
790 1123 865 1197 qnod
885 1127 996 1180 voluisti
1020 1127 1101 1179 illud
1126 1145 1249 1198 seperare

115 1191 283 1258 coniugium.
320 1188 395 1244 Etsi
424 1193 579 1262 appellatus
611 1207 640 1244 se
663 1192 790 1245 exdicere
809 1211 890 1248 ausus
915 1214 972 1248 uon
997 1195 1105 1262 firerit,
1147 1199 1184 1251 sit
1206 1218 1249 1252 ar-

116 1265 182 1319 cilla
199 1262 294 1328 Regis,
319 1271 347 1315 et
370 1270 516 1330 componat
533 1260 614 1312 aliam
638 1262 721 1314 talem
743 1263 774 1314 in
796 1273 899 1317 cortem
915 1267 1015 1334 Regis,
1051 1277 1107 1321 aut
1124 1270 1248 1340 precium

61 1349 63 1354 '
115 1333 192 1408 quod
210 1329 346 1394 valuerit,
372 1330 437 1383 ideo
455 1330 521 1404 qnia
540 1331 692 1384 colludium
710 1332 786 1387 fecit.
924 1331 927 1340 ⁴

187 1403 268 1458 Pctre
285 1411 315 1454 te
335 1401 456 1470 appellat
474 1403 626 1464 Martinus,
654 1402 730 1472 quod
757 1403 934 1456 Marcoardus
954 1412 1023 1458 tuus
1042 1422 1145 1460 servus
1165 1409 1247 1464 habe·

113 1475 163 1529 bat
181 1475 311 1526 ancillam
328 1473 406 1524 Pauli
432 1472 467 1525 cd
492 1489 620 1533 uxorem,
649 1481 677 1524 et
698 1482 730 1525 tu
754 1475 912 1544 comparasti
936 1491 1017 1538 eam,
1052 1487 1084 1529 et
1112 1478 1245 1534 libertasti

134 1563 163 1599 ro
183 1543 296 1602 fraude.
316 1542 392 1612 quod
415 1543 526 1597 voluisti
548 1557 671 1611 separare
687 1543 760 1594 illud
782 1545 946 1612 coniugium.
983 1546 1138 1616 Approbet
1156 1552 1245 1620 appel·
1307 1563 1308 1582 ³

112 1565 191 1670 lator.
229 1614 258 1668 Si
280 1629 338 1666 non
359 1615 499 1685 potuerit,
534 1611 646 1667 exdicat
668 1630 697 1665 se
723 1616 892 1685 appellatus,
931 1613 978 1672 vel
1002 1619 1147 1674 emendet
1177 1623 1244 1674 sicut

112 1687 160 1742 lex
185 1693 234 1744 est
827 1736 829 1740 .

198 1777 352 1844 xcv111.
395 1778 522 1857 (XLV.)
571 1779 621 1840 De
653 1801 772 1862 puero,
813 1780 870 1878 qui
901 1781 984 1840 infra
1019 1791 1168 1843 aetatem
1189 1793 1242 1862 est,
1306 1801 1308 1856 ἶ

115 1863 259 1928 decrevit
280 1862 454 1924 clementia
476 1869 600 1940 nostru,
631 1884 706 1924 cum
732 1873 849 1926 uostris
871 1863 1052 1943 iudicibus,
1085 1867 1145 1926 vel
1168 1867 1241 1928 reli·
1306 1927 1308 1930 .

116 1948 191 2032 quis
218 1944 459 2028 Langobardis,
494 1953 530 2004 ut
557 1944 640 2006 sicut
668 1947 702 2006 in
733 1947 797 2008 alio
818 1947 949 2008 homine
973 1949 1014 2008 de
1037 1949 1144 2010 rebus
1167 1951 1239 2026 suis,
1306 1931 1308 2008 l

119 2034 198 2097 dum
220 2029 304 2090 infra
326 2037 462 2089 aetatem
492 2035 556 2102 est,
591 2028 711 2091 donare
742 2050 808 2090 non
838 2040 960 2113 potest;
997 2029 1043 2090 ita
1075 2053 1144 2092 nec
1163 2033 1238 2116 Regi
1306 2011 1308 2046 l

7 2129 32 2188 Ἰ·
115 2117 237 2180 donare
267 2112 384 2196 possit,
416 2121 590 2194 antequam
620 2113 653 2172 in
676 2111 851 2195 legitimam
872 2124 1010 2176 aetatem
1032 2117 1237 2198 pervenerit:
1306 2129 1308 2156 s

115 2199 193 2284 quia
215 2197 254 2258 de
279 2217 389 2257 caussa
410 2194 469 2256 ista
491 2196 610 2256 multae
634 2197 861 2258 contentiones
882 2199 1027 2262 suerunt.
1085 2199 1237 2278 11.29.5.
1306 2253 1308 2264 ,,

183 2297 262 2334 ronst.
299 2281 378 2331 Petre
395 2288 424 2332 te
440 2278 562 2349 appellat
578 2276 726 2342 Martinus,
760 2281 835 2350 quod
858 2298 918 2349 pars
935 2279 1065 2349 publica,
1099 2267 1178 2334 unde
1208 2289 1237 2333 tu

113 2369 143 2405 es
161 2353 329 2412 advocatus,
354 2357 434 2402 tenet
450 2348 502 2400 sibi
520 2351 594 2401 malo
611 2350 706 2402 ordine
724 2358 821 2402 terram
839 2350 868 2401 in
886 2351 936 2402 tali
955 2351 1028 2403 loco.
1065 2352 1182 2422 Propria
1200 2360 1239 2404 est

112 2424 148 2475 de
165 2430 242 2494 parte
259 2419 381 2488 publica.
419 2420 492 2491 Quid
520 2421 640 2488 pertinet
663 2419 732 2490 parti
756 2420 910 2491 publicae?
946 2421 1020 2474 Ecce
1050 2432 1132 2476 carta
1159 2439 1238 2494 quarn
1306 2419 1308 2422 ’

113 2493 150 2547 sd
166 2500 271 2563 partem
290 2489 429 2560 publicam
447 2489 544 2542 fecisti.
587 2493 649 2562 lpsa
672 2499 746 2542 carta
771 2500 866 2545 contra
890 2493 980 2558 legem
1006 2499 1065 2554 est,
1095 2495 1165 2563 quia
1192 2509 1238 2558 ego

114 2579 187 2616 eram
205 2560 274 2612 infra
293 2568 420 2613 aetatem.
456 2559 595 2632 Approbet
613 2561 765 2632 appellator
782 2562 821 2615 sic
840 2579 914 2626 esse,
942 2570 988 2624 et,
1018 2562 1041 2614 εἰ
1059 2581 1123 2616 non
1140 2573 1238 2635 potue-

113 2634 164 2699 rit,
191 2639 337 2702 componat
356 2631 477 2700 duplum.

196 2723 320 2788 XCIX.
364 2723 508 2800 (XLVI.)
548 2720 638 2781 Nulli
669 2721 710 2783 sit
739 2721 870 2784 licentia
901 2722 1085 2805 quamlibet
1117 2725 1239 2786 mulie-

113 2831 201 2887 rem,
225 2804 511 2874 etiamnundium
533 2804 602 2864 eius
624 2803 756 2867 habenti
779 2806 811 2864 in
833 2813 987 2888 potestate
997 2822 1012 2884 ,'
1039 2819 1117 2890 post
1150 2830 1238 2870 mor-

112 2903 180 2958 tem
200 2889 305 2952 mariti
326 2886 375 2949 sui
396 2896 469 2946 unte
491 2887 568 2946 anni
590 2888 728 2969 spatium
749 2885 871 2967 ielare,
895 2898 949 2949 aut
969 2892 1155 2952 monastico
1178 2891 1236 2952 ha-

112 2977 183 3042 bitu
211 2974 357 3036 induere.
397 2970 440 3056 Et
468 2968 494 3028 si
526 2969 594 3052 ipsa
623 2992 679 3032 sua
708 2973 875 3034 voluntate
896 2983 970 3034 ante
993 2974 1071 3034 anni
1096 2976 1235 3058 spatium

112 3062 177 3122 hoc
198 3059 304 3119 fucere
335 3051 543 3138 disposuerit,
577 3053 686 3118 veniat
713 3055 781 3138 ipsu
803 3055 843 3115 ad
870 3055 1027 3137 palatium
1049 3059 1174 3142 Regis,
1205 3066 1236 3118 et

38 3149 42 3154 '
114 3144 200 3207 dicat
221 3139 411 3203 clementiae
435 3135 504 3196 eius
525 3135 724 3198 voluntatem
754 3159 862 3216 suam,
897 3147 929 3200 et
956 3140 1158 3224 interrogata
1182 3140 1235 3202 vel

113 3226 269 3310 inquisita
290 3221 465 3305 diligenter
486 3241 504 3278 a
523 3220 630 3302 Rege,
660 3221 817 3304 permissu
846 3219 915 3283 eius
937 3223 1075 3308 accipiat
1098 3224 1236 3308 religio-

113 3312 164 3372 nis
185 3309 345 3372 velamen.
388 3305 421 3366 Si
441 3324 518 3365 vero
540 3311 613 3363 ante
642 3303 720 3364 anni
747 3303 886 3388 spatium
916 3305 986 3376 sine
1016 3309 1234 3401 permissione

111 3393 208 3478 Regis
236 3393 301 3453 hoc
327 3390 435 3450 fucere
465 3387 709 3470 praesumserit,
749 3397 921 3471 componat
938 3385 1031 3470 'Regr
1064 3389 1235 3474 widrigild

112 3499 223 3540 suum:
254 3472 426 3534 mundium
455 3491 533 3532 vero
563 3469 723 3548 mulieris,
754 3471 807 3532 vel
828 3491 881 3532 res
900 3473 1050 3554 propriae
1074 3473 1147 3534 eius
1169 3474 1235 3534 sint

110 3559 147 3621 in
168 3567 324 3643 potestate
345 3553 473 3640 palatii,
504 3552 580 3634 quia
601 3553 657 3635 qui
679 3553 742 3614 hoc
764 3564 837 3616 ante
861 3554 939 3613 anni
961 3555 1100 3637 spatium
1122 3560 1233 3618 facere

111 3643 254 3727 quaerit,
275 3662 333 3724 pro
355 3640 447 3698 lucro
467 3637 637 3720 pecuniae,
659 3637 712 3697 vel
733 3637 835 3698 seculi
851 3635 949 3698 huius
971 3639 1150 3721 cupiditate
1166 3641 1233 3701 hoc

109 3731 217 3792 facere
246 3722 389 3808 quaerit,
423 3729 456 3782 et
483 3741 550 3780 non
580 3721 621 3781 oh
643 3742 783 3781 amorem
804 3719 887 3798 Dei,
918 3731 972 3782 aut
992 3722 1138 3782 animam
1160 3723 1233 3784 eius

110 3810 311 3875 salvandam:
344 3805 421 3888 quia
441 3812 514 3888 post
534 3812 670 3866 mortem
690 3803 750 3865 viri
772 3803 840 3880 sui,
879 3804 957 3876 dnm
984 3806 1080 3865 dolor
1112 3828 1233 3867 recens

110 3905 178 3974 est,
200 3893 235 3953 in
258 3890 387 3973 qualem
408 3896 532 3972 purtem
550 3885 710 3964 noluerit,
733 3886 871 3946 animam
893 3887 961 3948 eins
983 3887 1146 3950 inclinare
1169 3911 1234 3974 po-

108 3988 180 4042 test.
222 3977 302 4039 Nam
324 3995 399 4034 cum
420 3971 455 4031 in
478 3993 510 4033 se
532 3970 712 4047 revertitur,
736 3978 768 4031 et
789 3969 893 4032 carnis
916 3970 1089 4032 delectatio
1113 3972 1147 4034 ei
1171 3975 1234 4034 ob-

107 4060 250 4137 venerit,
272 4057 362 4141 quod
382 4055 474 4140 peius
496 4062 562 4132 est,
584 4053 618 4112 in
640 4053 835 4120 adulterium
857 4054 955 4132 cadit,
978 4075 1039 4126 nec
1065 4057 1235 4120 monacha

108 4141 382 4218 esseinvenitur,
411 4159 473 4205 nec
495 4135 576 4198 laica
597 4157 665 4198 esse
686 4136 814 4219 poterit.
855 4139 897 4200 Et
918 4138 944 4200 si
966 4138 1047 4200 alter
1072 4139 1235 4220 quicum·
1275 4188 1277 4198 .

105 4249 172 4317 que
194 4227 313 4308 homo,
335 4223 370 4287 in
392 4221 485 4286 euius
506 4220 640 4286 mundio
662 4241 730 4282 uon
752 4229 816 4302 est,
844 4220 908 4284 hoc
928 4223 1035 4284 lacere
1056 4243 1235 4310 praesum-
