2684 4868
259 272 363 330 necis
382 270 672 334 wrsraomoann
692 273 758 333 us.
776 273 824 330 u.
841 271 913 330 rar.
931 275 980 334 rs.
1116 252 1188 339 stt

521 413 576 480 lv.
617 435 765 490 narseus.

274 530 313 591 Si
335 531 485 610 ingenuus
511 527 644 591 ancillae
666 540 792 612 partum
815 527 975 612 effuderit.

159 615 195 677 si
218 613 378 696 ingenuus
399 610 552 672 ancillam
573 632 721 673 avorsum
740 612 855 675 fecerit
873 609 951 698 pati,
972 611 1043 676 XX.
1066 613 1188 682 solidos

73 701 215 766 domiuo
236 693 376 758 ancillae
399 701 530 780 cogatur
555 693 686 756 inferre.

488 809 544 872 .V.
606 827 753 883 enricus.

291 921 330 983 Si
349 939 457 984 servus
477 924 628 1002 ingenuae
646 935 774 1007 partum
794 924 978 986 excusserit.

162 1001 198 1068 Si
219 1021 328 1068 servus
349 1005 507 1088 ingenuae
528 1013 653 1087 partum
674 1005 868 1085 excusserit,
889 1007 1039 1072 ducentis
1053 1009 1188 1098 flagellis

74 1091 212 1180 publice
232 1088 437 1164 verberetur,
466 1094 502 1151 et
519 1087 663 1150 tradatur
682 1086 842 1172 ingenuae
862 1090 1045 1156 serviturus.

505 1203 563 1268 Vl.
625 1223 773 1281 annique.

267 1319 305 1395 Si
324 1339 436 1382 servus
456 1317 590 1380 ancillae
615 1314 842 1398 penitudinem
863 1319 1001 1389 laeserit.

162 1405 198 1468 Si
218 1402 372 1466 ancillam
392 1422 502 1464 servus
523 1407 667 1461 avortere
687 1401 820 1478 iecerit,
851 1403 964 1465 decem
984 1402 1106 1468 solidos
1128 1409 1206 1470 do·-

76 1491 190 1553 minus
211 1487 314 1564 servi,
336 1485 474 1546 ancillae
497 1483 628 1544 domino
657 1482 732 1546 dare
754 1492 902 1567 cogitem
929 1495 964 1549 et
990 1487 1058 1571 ipse
1080 1510 1189 1556 semus

79 1574 225 1636 ducenta
245 1571 380 1654 insuper
399 1566 526 1650 flagella
546 1565 707 1650 suscipiat.

422 1680 496 1747 Vll.
557 1700 620 1745 res.
662 1701 749 1746 cans.
788 1697 859 1748 nex.

121 1804 172 1866 De
195 1801 244 1862 his
264 1801 320 1886 qui
329 1797 426 1884 filios
447 1815 542 1875 suos,
574 1809 628 1857 aut
647 1809 738 1858 netes
748 1839 762 1869 ‚
789 1796 897 1880 autin
917 1813 1006 1868 utero
1027 1811 1150 1866 necant.

164 1884 257 1947 Nihil
277 1893 325 1944 est
353 1900 465 1942 eorum
493 1877 647 1962 pravitate
682 1879 845 1958 deterius,
878 1882 933 1964 qui
963 1885 1092 1967 pietatis
1126 1885 1190 1948 im.

82 1986 274 2046 memores,
323 1964 467 2026 filiorum
505 1981 636 2024 suorum
675 1970 843 2024 necatores
883 1966 1035 2030 existunt.
1098 1969 1190 2045 Quo-

80 2073 153 2114 rum
175 2051 251 2132 quia
270 2047 385 2110 vitium
405 2064 464 2128 per
482 2043 665 2128 provincias
692 2044 784 2126 regni
812 2045 911 2108 nostri
940 2048 987 2110 sic
1016 2049 1190 2112 inolevisse

83 2143 251 2209 narratur,
282 2138 402 2192 uttam
421 2125 481 2189 viri
503 2147 599 2208 quam
626 2127 787 2188 foeminae
808 2129 941 2191 sceleris
960 2130 1058 2192 huius
1078 2140 1191 2195 aucto-

82 2239 135 2280 res
157 2236 227 2277 esse
248 2211 459 2297 reperiantur.
512 2209 590 2271 ldeo
610 2208 696 2268 hanc
718 2207 883 2274 licentiam
902 2214 1109 2297 prohibentes
1130 2215 1189 2276 de-

83 2299 265 2361 cernimus:
292 2305 328 2358 ut
347 2291 526 2356 seu-libera
546 2313 604 2354 seu
628 2290 749 2353 ancilla
776 2301 886 2356 natum
915 2295 1019 2358 filium
1050 2297 1189 2358 filiamve

82 2381 265 2458 necaverit,
293 2379 359 2442 sive
391 2374 497 2458 adhuc
519 2373 553 2435 in
582 2382 673 2436 utero
693 2374 836 2453 hahens,
864 2384 920 2440 aut
950 2379 1117 2461 potionem
1149 2379 1190 2440 ael

84 2485 232 2528 avorsum
253 2458 429 2545 acceperit,
457 2465 513 2518 eut
533 2457 643 2540 aliquo
665 2478 861 2541 quocunque
882 2461 979 2526 modo
1001 2463 1190 2546 extinguere
1271 2467 1272 2474 ’

79 2558 208 2630 partum
238 2568 333 2608 suum
363 2541 626 2625 praesumpserit,
664 2562 741 2601 mox
772 2543 958 2624 provinciae
988 2545 1105 2622 iudex,
1137 2553 1192 2608 aut

79 2627 258 2707 territorii,
285 2626 406 2688 attale
427 2622 549 2685 factum
571 2622 734 2706 repperit,
765 2644 831 2684 non
854 2626 959 2690 solum
980 2628 1190 2712 operatricem

80 2709 228 2774 criminis
247 2710 345 2770 huius
364 2705 493 2791 publica
515 2715 616 2768 morte
645 2706 856 2768 condemnet:
886 2719 941 2771 aut
971 2712 998 2773 si
1025 2713 1107 2774 vitae
1136 2733 1190 2772 re-

80 2813 210 2856 servare
228 2791 386 2866 voluerit,
409 2787 715 2852 omnemvisionem
734 2789 906 2853 oculorum
927 2794 998 2856 eius
1027 2816 1093 2855 non
1118 2815 1190 2854 mo-

77 2885 170 2939 retur
190 2876 397 2958 extinguere:
439 2872 496 2933 sed
518 2867 614 2932 etiam
641 2871 669 2934 si
689 2871 839 2934 maritum
865 2875 934 2938 eius
960 2877 1039 2939 talia
1059 2875 1189 2938 iussisse

76 2959 130 3022 vel
150 2959 333 3041 permisisse
355 2953 503 3038 patuerit,
524 2953 666 3019 eundem
687 2951 782 3017 etiam
810 2955 970 3022 vindictae
997 2957 1096 3022 simili
1116 2960 1190 3021 sub-

80 3043 156 3104 ‹lere
180 3061 246 3101 non
267 3045 401 3104 recuset.

82 3207 172 3283 Tm.
203 3205 270 3282 IV,
320 3169 378 3277 De
412 3203 649 3375 centurpelia,
690 3205 842 3278 vulnere
869 3217 908 3278 et
940 3207 1188 3282 debilitatione

558 3326 729 3375 ominum.
1033 3326 1037 3342 ·

435 3433 462 3494 Ι.
524 3451 586 3496 ms.
629 3451 713 3492 cans.
754 3449 823 3494 aar.

333 3550 383 3609 De
405 3545 552 3610 caedibus
584 3548 712 3627 ingenui
731 3559 822 3630 utque
841 3549 937 3609 servi.

162 3629 197 3694 si
220 3629 381 3716 ingenuus
409 3631 588 3714 ingenuum
609 3629 755 3712 quolibet
783 3628 851 3689 ictu
872 3630 906 3689 in
931 3631 1033 3716 capite
1056 3653 1187 3716 percus-

79 3715 178 3792 serit,
201 3736 259 3796 pro
288 3714 387 3775 livore
409 3713 464 3774 det
484 3712 604 3774 solidos
625 3713 665 3774 V.
694 3735 753 3794 pro
782 3721 854 3772 cute
882 3721 975 3795 rupta
1005 3715 1125 3781 solidos
1153 3723 1190 3781 X.

78 3821 138 3882 pro
158 3796 253 3880 plaga
274 3817 374 3878 usque
396 3796 438 3856 ad
458 3816 565 3882 ossum
587 3792 706 3856 solidos
728 3795 791 3854 XX.
811 3815 870 3877 pro
892 3815 963 3858 osso
983 3798 1086 3868 fracto
1102 3802 1190 3880 ,soli-

80 3883 138 3943 dos
161 3883 197 3940 C.
239 3879 336 3958 Quod
356 3877 384 3938 si
406 3878 567 3960 ingenuus
587 3876 651 3937 hoe
673 3877 707 3936 in
736 3897 826 3938 servo
847 3877 953 3940 alieno
975 3883 1189 3963 commiserit,
1254 3923 1255 3928 κ

79 3963 285 4025 medietatem
307 3960 478 4042 superioris
500 3959 739 4042 compositionis
761 3961 912 4023 exsolvat.
962 3962 997 4023 si
1023 3986 1099 4026 vero
1122 3989 1190 4028 ser-

79 4068 137 4108 vus
160 4046 196 4106 in
218 4064 309 4106 servo
331 4042 395 4104 hoo
414 4043 540 4121 fecerit,
560 4042 686 4104 tertiam
706 4053 827 4126 partem
855 4042 1007 4106 eiusdem
1028 4051 1190 4132 composi-

79 4129 177 4191 tionis
201 4127 396 4209 adimpleat,
418 4135 451 4187 et
470 4127 505 4186 L.
526 4124 655 4208 flagella
674 4125 833 4208 suscipiat.
885 4127 919 4187 si
947 4135 1055 4191 autem
1081 4127 1190 4194 servus

80 4212 262 4298 ingenuum
282 4206 515 4287 vulneraverit,
537 4208 580 4269 ita
602 4217 772 4292 componat
784 4255 794 4288 ,
824 4209 907 4272 sicut
927 4231 1001 4276 cum
1023 4214 1187 4299 ingenuus

869 4325 917 4397 35
