2640 4838
117 197 196 287 titt
289 213 396 272 rests
423 211 719 276 n1sreornonnn
742 213 808 274 us.
834 215 898 274 ru.
925 215 996 274 nr.
1024 216 1077 274 111.

118 359 292 452 nicationis
311 355 508 456 senteutiam
527 355 682 454 perferat,
705 365 739 420 et
757 377 857 456 uuam
880 358 997 424 libram
1017 360 1089 426 anri
1110 361 1152 427 de
1174 364 1246 430 suis

116 442 215 514 rebus
236 465 377 532 prpprns
398 437 475 523 lisca
497 439 683 502 sociandam
704 449 835 509 amittat
877 444 977 524 Quod
997 445 1024 509 si
1046 467 1111 508 non
1133 447 1246 518 habu·

116 530 181 615 erit
200 517 276 620 ggii
311 534 494 610 componat,
516 545 574 587 sex
595 521 759 586 mensibus
780 527 839 587 snb
861 525 959 612 digna
977 533 1246 597 excommunica-

114 592 262 708 tiop'ip,p'
300 603 564 696 suragpersistam
588 615 627 679 et,
642 605 777 695 insuper
796 609 838 672 ad
858 609 1061 698 tepiditatem
1082 611 1173 678 illius
1191 639 1244 680 so·

114 671 493 868 cdgsspqss’qprrigcndam
519 691 561 754 sit
589 684 725 753 cuilibet
754 693 915 780 episcopo·
935 690 1086 778 licitum,
1115 698 1245 787 inquo

113 804 152 868 2¹}
189 813 215 867 ¹t

260 799 296 863 es,
314 772 414 866 luerit
437 774 607 854 excitatus,
628 773 700 837 vice
722 772 812 839 illius
832 777 986 864 Episcopi
1008 778 1123 842 talium
1143 783 1243 871 perfl-

110 868 238 943 'dorum
254 851 359 928 err'a‘ta
381 857 554 942 corrigere,
570 869 611 920 *et
636 855 716 920 haec
738 881 821 944 quae
844 861 1034 948 neglexerat
1055 865 1243 936 emendare.

113 945 214 1044 Quppi
232 930 262 1023 si
284 943 440 1006 alternata
461 941 668 1004 simulatione
688 943 740 1004 vel
762 943 891 1007 incuria
911 945 1167 1032 Episcopomm,
1189 951 1245 1013 al·

112 1043 163 1130 app
180 1051 218 1114 pp
241 1027 373 1106 alterins
395 1025 599 1088 correctione
618 1025 689 1086 zelo
707 1024 886 1090 haesitante
909 1029 1067 1093 divinitus
1089 1051 1155 1093 nou
1168 1031 1245 1096 fue·

111 1126 164 1196 rit¹
178 1109 353 1196 spoliatus:
385 1120 465 1171 tunc
492 1107 656 1192 Principis
677 1111 906 1194 praeceptione
928 1121 962 1175 et
983 1135 1098 1176 eorum
1117 1135 1242 1198 argue·

110 1191 352 1278 tnr‚so³,c,ordia,
382 1202 415 1256 et
442 1191 641 1276 perfidorum
669 1192 870 1256 ulciscentur
891 1206 1004 1258 errata.
1047 1197 1109 1259 Hic
1138 1199 1242 1261 etiam

111 1281 193 1351 ordo
215 1266 332 1345 eodem
353 1273 449 1336 modo
472 1285 506 1338 et
522 1276 670 1355 ordine,
701 1276 797 1340 sicuti
824 1279 973 1360 superius
994 1280 1035 1342 de
1063 1279 1240 1366 Episcopis

111 1363 326 1433 coustitutum
347 1367 411 1437 cst,
439 1357 473 1420 iu
504 1358 621 1421 ceteris
650 1380 782 1444 quoque
804 1360 965 1446 religiosis
993 1372 1042 1425 est
1063 1364 1241 1426 observan-

111 1450 190 1519 dus:
209 1445 255 1519 ‚id
283 1453 331 1517 est
362 1442 395 1504 in
424 1441 639 1526 presbyteris,
674 1443 865 1505 diaconibus
893 1446 947 1508 vel
977 1445 1072 1510 etiam
1093 1447 1240 1528 clericis,

109 1529 229 1616 quibus
249 1524 367 1593 horum
383 1523 567 1590 infidelium
588 1523 627 1586 ab
641 1525 803 1612 Episcopo
820 1548 880 1590 suo
896 1551 974 1592 cura
987 1532 1156 1594 commissa
1177 1541 1240 1599 est.

110 1614 241 1685 ludices
261 1622 381 1688 tamen,
406 1609 464 1706 gui
488 1606 668 1673 eorundem
688 1609 886 1674 ludaeorum
908 1613 1045 1675 crimina
1068 1627 1239 1698 comperta

69 1689 73 1700 ’
109 1697 165 1778 rel
185 1695 333 1765 nuntiata
361 1691 448 1772 sibr,
481 1691 580 1778 legali
607 1713 674 1753 non
702 1693 949 1779 dampnaverint
981 1696 1124 1760 ultione:
1153 1707 1238 1762 tunc

109 1781 195 1855 sicut
221 1779 261 1843 de
289 1775 458 1860 Episcopis
480 1776 692 1838 coustitutum
714 1787 774 1852 est,
803 1800 902 1841 unam
930 1779 1045 1842 libram
1064 1781 1134 1843 auri
1156 1781 1239 1845 fisco

109 1859 331 1946 compellendi
352 1869 427 1920 sunt
448 1857 586 1926 soluere.
629 1861 724 1922 Tunc
747 1869 853 1924 tamen
869 1872 902 1924 ct
921 1863 1114 1943 secerdotes,
1136 1865 1239 1929 etiu-

109 1947 211 2025 diees,
233 1944 288 2015 rel
313 1941 490 2026 supradicti
512 1964 635 2022 omues,
648 1943 766 2026 quihus
785 1945 922 2028 regendi
942 1947 1023 2008 haec
1044 1969 1123 2009 cura
1143 1969 1239 2012 com-

107 2031 204 2097 missa
224 2037 296 2106 est,
320 2027 362 2088 sb
386 2026 437 2090 his
459 2026 606 2109 dampnis
629 2037 727 2088 erunt
754 2028 883 2111 penitus
913 2027 1039 2107 alieni,
1067 2052 1141 2092 curn
1171 2032 1237 2093 im-

105 2115 234 2198 peditos
255 2133 290 2176 sc
311 2110 423 2190 fuisse,
446 2131 506 2195 pro
528 2109 644 2172 talium
661 2110 865 2174 districtione
885 2131 991 2198 agere,
1012 2114 1236 2196 probaverint.

108 2221 205 2289 XXVg
238 2221 299 2284 =Ne
317 2219 438 2280 indices
457 2217 630 2302 quidquam
653 2217 693 2279 de
708 2220 912 2304 perfidorum
932 2232 1115 2293 excessibus
1138 2245 1236 2298 extra

140 2312 155 2334 “·
182 2324 197 2341 ··
227 2302 436 2364 secerdotum
462 2303 700 2363 conniventium
722 2303 866 2366 indicere
891 2327 1107 2390 praesumant.

194 2387 324 2447 ludices
345 2387 456 2446 omnes
481 2384 565 2444 nihil
591 2383 631 2445 de
653 2385 852 2468 perfidorum
873 2393 1055 2458 excessibus
1078 2397 1159 2460 citra
1181 2421 1236 2461 sa·

53 2533 59 2540 ,
108 2468 278 2533 cerdotum
297 2465 544 2530 conniventiam
565 2465 768 2548 iudicabunt,
792 2491 834 2532 ne
856 2473 1018 2557 cupiditas
1037 2482 1236 2545 secularium

106 2543 371 2616 mmmmm
391 2550 534 2611 maculet
554 2551 743 2633 acceptione
765 2575 948 2618 munerum.
990 2562 1034 2622 Et
1060 2571 1165 2626 tamen
1193 2566 1235 2644 si,

106 2647 145 2700 ut
173 2634 322 2712 tulsnle't,
356 2632 540 2715 praesentia
572 2633 714 2696 defuerit
738 2637 962 2719 sacerdotum,
983 2646 1052 2706 sola
1073 2633 1233 2729 potestate

105 2719 253 2783 iudieutn
274 2716 494 2799 distringendi
515 2723 604 2777 sunt.
639 2717 724 2780 Sane
746 2720 773 2782 si
794 2721 992 2806 Episcopum
1013 2729 1053 2790 de
1075 2729 1151 2791 sede
1173 2752 1234 2792 sua

105 2801 292 2885 contigerit,
312 2800 420 2860 autin
446 2798 568 2877 ricino,
590 2809 646 2860 aut
666 2799 764 2884 longe
782 2805 919 2867 forsitan
939 2810 1107 2892 progredi:
1131 2813 1234 2876 talem

105 2901 147 2951 ex
167 2884 390 2948 stctadctilsus
408 2904 467 2966 pro
488 2882 538 2946 sui
563 2883 633 2944 vice
654 2884 831 2967 relinquat,
860 2889 919 2971 qui
942 2913 1098 2954 unacum
1119 2892 1231 2959 iudice

105 2969 265 3035 terrltnrii
281 2967 363 3030 haec
384 2967 531 3029 instituta
555 2966 627 3030 sine
649 2969 795 3031 muneris
820 2974 1009 3056 acceptioue
1030 2975 1187 3060 perficiat.

344 3073 472 3144 XXVI.
514 3097 576 3144 rus.
620 3099 686 3141 ors.
727 3101 874 3143 euvrcms
917 3105 989 3152 usn.

108 3186 321 3275 Ucrssptroopi
341 3197 414 3246 tune
435 3185 589 3244 immunes
611 3184 786 3246 habeantur
807 3210 826 3248 a
852 3185 1011 3272 dampnis,
1032 3213 1233 3257 cumeorum

120 3270 315 3363 presbyteri,
337 3289 375 3330 eu
400 3287 479 3351 qnae
504 3268 572 3350 ipse
595 3287 660 3327 non
678 3283 900 3351 correrernnt,
930 3271 976 3332 od
995 3294 1049 3336 eos
1074 3296 1139 3338 non
1161 3297 1211 3338 re·

489 3349 634 3410 miserint
654 3351 853 3430 corrigenda.

184 3434 381 3522 Presbyteri,
396 3432 560 3510 diacones,
575 3455 634 3495 seu
654 3441 761 3495 cetera
778 3436 971 3519 religiositas
995 3440 1157 3520 universa,
1174 3443 1230 3505 rel

102 3526 229 3590 iudices
260 3541 320 3605 per
344 3518 499 3581 universa
526 3516 600 3578 loca
632 3516 685 3579 vel
717 3517 881 3582 territoria
911 3523 1103 3584 constituti:
1130 3533 1230 3608 prout

103 3606 331 3692 unusquisque
352 3609 554 3664 conventum
578 3599 772 3662 ludaeorum
798 3602 839 3665 ad
863 3625 896 3666 se
917 3606 1084 3688 pertinere
1103 3628 1228 3692 cogno-

101 3694 197 3771 verit,
216 3685 399 3753 secuudum
418 3684 517 3750 totius
536 3680 760 3746 instructionis
778 3694 906 3749 nostrae
923 3687 1065 3769 decreta,
1082 3712 1135 3752 eos
1150 3712 1226 3751 con·

102 3777 263 3873 stringere
281 3779 315 3834 et
332 3769 495 3851 corrigere
514 3787 579 3827 nou
604 3766 764 3833 differant.
805 3769 853 3832 Ea
879 3791 958 3832 vero
982 3794 1066 3856 quae
1088 3774 1126 3834 ab
1148 3771 1226 3856 ipsis

104 3855 317 3943 rraqmnerint
340 3851 474 3934 corrigi,
495 3849 535 3910 ad
564 3849 764 3932 agnitionem
786 3851 949 3936 Principis
970 3865 1067 3940 atque
1087 3855 1227 3918 Pontifi-

101 3937 397 4007 cuunsemendanda
407 3935 551 3998 redeant.
574 3933 694 4014 Sisque
706 3931 762 3995 fiet
775 3944 811 3995 ut
821 3936 996 4000 constituta
1011 3939 1148 4024 dampna
1157 3960 1227 4002 nou

102 4030 196 4106 ferat,
209 4025 236 4086 si
254 4021 321 4084 suis
338 4016 563 4100 uuusquisque
579 4014 792 4080 Pontificibus
806 4017 886 4083 haec
902 4021 1109 4088 innotescat,
1135 4023 1229 4107 Epis·

102 4111 178 4194 copi
194 4124 328 4202 quoque
349 4102 411 4185 ipsi
433 4111 513 4166 tunc
530 4099 742 4162 coustitutum
759 4123 825 4164 uon
839 4103 1023 4186 percipient
1038 4106 1226 4188 dampnum,

102 4193 236 4282 quando
250 4210 303 4256 ets
320 4186 447 4256 crimen
460 4181 574 4246 talium
591 4203 658 4244 nou
677 4183 779 4261 luerit
789 4187 1010 4273 perlsubditos
1028 4191 1226 4256 nuntiatum.
