2684 4868
260 283 368 340 rucis
393 281 682 339 wrsroornonun
708 282 775 337 tm.
795 263 1034 340 v111.r1r.1nss
1155 265 1226 341 581

114 415 190 485 cum
206 413 344 500 crescit,
373 422 549 506 extinguat.
591 420 691 502 Quod
714 423 740 484 si
757 443 790 483 se
811 419 940 504 longius
966 420 1093 485 flamma
1118 435 1230 488 exten-

114 507 219 584 derit,
249 505 434 583 etlmessis,
457 515 512 564 aut
531 509 622 581 area,
644 505 697 566 vel
711 505 826 583 vinea,
849 515 903 565 aut
920 506 1051 584 domus,
1066 504 1069 512 Α
1083 507 1151 569 aive
1168 529 1227 590 po·
1316 544 1319 550 ·

112 588 250 650 marium
285 587 440 649 incendio
470 594 711 664 concremetur,
752 597 877 647 tantum
907 599 1065 670 quantum
1103 589 1228 652 flamma

112 670 331 754 consumpsit,
353 671 492 731 reddere
518 669 570 732 vel
593 691 786 753 componere
816 670 1051 756 compellatum*
1069 673 1155 755 ¹qnia
1177 672 1228 757 ig-

112 775 189 815 nem
210 775 309 836 quem
331 754 472 832 fecerat,
493 751 638 836 neglexit
659 753 861 836 extinguere.
890 757 891 762 ’

112 924 203 998 TIT.
234 923 303 994 ΙΙΙ.
355 923 414 992 Dc
448 921 589 992 demnis
618 920 814 1009 arborum,
849 921 1110 994 hortorum'ct
1136 920 1227 994 'fru-

457 1045 543 1114 gum
565 1042 876 1114 quarumcunque.

562 1181 587 1243 l.
629 1201 769 1259 rariora

328 1301 378 1362 De
398 1299 621 1383 compositione
642 1299 792 1362 arborum
812 1297 993 1362 incisurum.
1089 1353 1092 1363 .

195 1407 318 1492 Siquis
341 1407 444 1471 inscio
457 1406 598 1469 Domino
613 1407 754 1468 alienam
773 1407 919 1470 arborem
939 1406 1109 1470 inciderit:
1128 1410 1226 1489 sipo-

110 1493 226 1569 mifera
247 1501 306 1564 est,
330 1491 385 1554 det
402 1491 521 1554 solidos
538 1491 611 1561 IlI.;
635 1489 662 1551 si
678 1490 786 1569 oliva,
798 1490 853 1551 det
868 1491 988 1553 solidos
1002 1492 1063 1560 V.;
1083 1490 1114 1550 si
1134 1491 1229 1572 glan-

111 1577 215 1652 difera
233 1575 335 1634 maior
354 1582 416 1652 cst,
440 1573 494 1634 det
516 1571 636 1635 solidos
653 1572 713 1646 Il.;
736 1573 771 1634 si'
785 1575 894 1633 minor
917 1582 985 1652 est,
1007 1572 1064 1632 det
1083 1573 1225 1634 coli-dum

110 1679 223 1722 unum.
265 1651 300 1720 si
321 1678 397 1719 vero
419 1655 552 1717 alterius
573 1663 650 1716 sunt
670 1656 797 1739 generis
819 1665 852 1716 et
871 1655 1009 1716 maiores
1031 1665 1133 1736 atque:
1149 1675 1223 1737 pro-

109 1741 261 1818 lixiores,
282 1741 376 1801 binos
397 1738 516 1800 solidos
537 1736 766 1820 reddat,'quia
788 1739 865 1800 licet
885 1759 951 1799 non
973 1737 1112 1800 habeant
1133 1739 1223 1804 fruc-

109 1833 200 1899 tum,
229 1822 269 1881 ad
289 1823 389 1882 multa
412 1831 518 1882 tamen
541 1821 708 1881 commoda
729 1821 876 1882 utilitatis
907 1830 1100 1903 praeparant
1121 1838 1224 1884 utum.

107 1907 150 1968 Et
170 1904 250 1965 haec
271 1906 404 1986 quidem
426 1902 615 1986 compositio
632 1903 705 1981 erit,
727 1905 754 1966 si
775 1905 965 1965 tantundem
982 1903 1137 1966 abscissae
1151 1897 1223 1968 tna
1248 1946 1259 1963 a

108 1988 185 2050 rint.
227 1987 307 2048 Nam
327 1988 353 2048 si
371 1986 606 2069 praesumptive
627 1985 748 2049 incisae
769 1985 888 2047 alicubi
909 1987 1074 2047 feruntura
1100 1994 1157 2045 aaa
1177 1983 1222 2048 si·-

95 2070 201 2131 ‘miles
224 2070 353 2132 arbores
375 2091 448 2130 cum
478 2070 544 2132 illis
577 2067 696 2132 incisis·
716 2068 899 2148 dabuntur,
940 2077 996 2129 aut
1020 2067 1222 2154 praedictum

108 2153 256 2238 precium
277 2153 377 2238 duplo
399 2153 555 2218 solvetur.

559 2265 603 2332 ll.
642 2285 791 2342 armore.

345 2385 383 2446 Si
402 2386 533 2446 tortum
547 2384 618 2468 quir
638 2383 812 2445 vastaverit
831 2381 978 2444 alienum.
1055 2426 1068 2447 ·.
1087 2441 1088 2448 ,
1107 2411 1111 2424 ·

32 2524 36 2532 ,
188 2466 222 2528 Si
246 2468 319 2549 quis
338 2467 481 2528 alienum
500 2466 630 2529 hortum
646 2465 838 2546 vastaverit,
869 2465 976 2528 statim
991 2464 1218 2543 ttmtardamni

107 2548 363 2612 aestimationem
383 2573 401 2610 a
422 2549 530 2611 indice
553 2560 680 2611 coactus
704 2548 834 2610 domiuo
855 2547 941 2610 horti
963 2560 1097 2631 cogetur
1114 2552 1218 2646 emal«

106 2655 195 2698 vere.
249 2635 298 2693 lta
326 2642 362 2693 ut
391 2633 418 2694 si
440 2654 552 2694 servus
573 2632 635 2694 hoc
662 2631 797 2708 fecerit,
831 2653 928 2713 super
949 2632 1217 2716 compositionem

57 2766 61 2775 .
106 2715 206 2800 ipsius
228 2714 358 2794 damni,
378 2716 416 2780 L.
436 2716 569 2799 flagella
590 2723 740 2777 extensus
762 2713 906 2799 accipiat.

532 2831 591 2892 lli.
633 2851 784 2905 sarrona-

107 2949 145 3012 δί
165 2946 206 3008 de
226 2948 344 3012 incisae
369 2947 491 3010 arboris
520 2947 613 3007 ruina
634 2944 811 3008 debilitatio
832 2943 887 3006 vel
912 2945 1117 3013 tantinum
1137 2969 1214 3032 per·
1238 2996 1243 3001 .

572 3040 724 3112 petretur.

187 3135 315 3218 Siquis
336 3137 482 3200 arborem
502 3136 671 3215 inciderit,
700 3135 752 3197 vel
782 3134 911 3218 aliquid.
930 3134 1061 3216 dampni
1084 3135 1212 3216 feeerit,

104 3226 160 3280 aut
180 3220 206 3279 si
231 3220 307 3280 dum
326 3221 410 3282 cadit
428 3221 522 3298 arbor
541 3219 683 3301 aliquem
701 3218 874 3293 occiderit,
898 3219 1213 3300 dampnum-quinin-

103 3301 200 3380 cidit,
220 3304 390 3384 persolvat.
433 3303 575 3380 Quodsi
602 3303 636 3362 in
665 3301 805 3362 circuitu
823 3301 946 3363 arboris
966 3299 1114 3361 homines
1137 3303 1213 3362 fne-

101 3386 180 3459 rint,
201 3384 389 3467 priusquam
411 3389 502 3447 cadat
523 3385 629 3462 arbor,
652 3385 831 3448 admoneat.
872 3384 961 3446 Etsi
982 3384 1023 3444 dc
1042 3385 1138 3446 ramis
1158 3407 1213 3446 ar-

101 3467 189 3527 boris
211 3469 413 3545 corruentis,
446 3477 674 3551 posteaquam
696 3465 949 3544 commonuerit,
980 3465 1102 3545 aliquis*
1117 3467 1213 3532 debi-

102 3549 212 3610 litatus
233 3560 288 3610 ant
309 3561 453 3612 mortuus
473 3550 584 3620 fuerit,
611 3550 734 3610 nnllam
756 3549 814 3608 ille
837 3549 894 3630 qni
916 3549 1062 3611 arborem
1085 3548 1213 3628 incidit,

102 3631 293 3693 calumniam
310 3635 521 3715 pertimescat.
565 3631 662 3694 Certe
681 3632 709 3692 si
731 3640 786 3691 aut
807 3631 962 3709 debilem,
983 3641 1038 3690 aut
1052 3629 1215 3696 dormien-

101 3724 184 3792 tem,
212 3724 266 3775 aut
286 3738 414 3794 senem,
437 3725 492 3776 aut
513 3715 570 3797 qui
590 3715 650 3777 sibi
673 3735 785 3776 cavere
808 3735 873 3774 non
896 3715 1016 3797 potnit,
1039 3723 1093 3774 ant
1114 3737 1212 3794 pecu-

101 3798 176 3858 dem
197 3797 331 3859 fortasse
348 3799 442 3860 ruina
463 3799 560 3860 huius
583 3799 706 3859 arboris
728 3795 948 3858 debilitaverit
968 3796 1021 3857 vel
1044 3796 1212 3874 occiderit,

99 3902 159 3962 pro
181 3881 390 3964 quadrupede
421 3905 505 3959 uno,
539 3881 796 3942 domino·alium
824 3879 970 3941 eiusdem
996 3878 1104 3939 meriti
1137 3903 1212 3940 mox

99 3965 273 4040 reformet,
309 3975 341 4024 et
369 3987 428 4045 pro
461 3966 567 4026 occiso
587 3962 719 4024 homine
743 3972 894 4044 tanquam
916 3957 1078 4022 homicida
1099 3967 1213 4024 tenea-

99 4055 168 4106 tur:
208 4067 270 4126 pro,
297 4047 464 4109 debilitato
494 4069 572 4109 vero
603 4047 693 4108 iuxta
725 4046 860 4106 formam
878 4045 999 4128 ‚legum
1030 4045 1215 4106 satisfacere

99 4128 323 4210 compellatur.
365 4131 411 4193 Et
443 4131 471 4192 si
505 4129 622 4212 aliquis
653 4129 793 4191 alienam
813 4129 959 4190 arborem
982 4127 1134 4192 inciderit
1152 4131 1215 4210 'per'

100 4211 308 4292 violentiam,-
331 4235 524 4302 componere
547 4235 614 4277 non
634 4223 786 4280 moretur.
828 4210 973 4294 Quodsi
993 4207 1214 4274 tantumn«
