2632 4822
107 237 184 334 7ύοΙ
385 246 601 308 uurrnmnr
636 248 762 310 uacuo
796 249 860 310 ur.
878 251 943 310 u·

144 413 224 454 ross.
242 391 328 450 Maris
344 405 406 448 curu
422 389 531 444 Donato
547 396 597 444 tuo
614 394 705 446 tutore
716 389 813 447 Petrus
823 400 853 447 te
865 391 997 468 appellnt,
1009 387 1090 466 quod
1101 395 1134 446 tu
1146 395 1227 449 unes

108 468 160 520 sibi
178 467 249 518 malo
266 463 359 516 ordine
375 467 474 516 terram
487 459 516 514 in
530 459 581 514 uti
595 461 667 512 loco.
685 461 748 534 Ipsa
762 471 834 516 terra
848 481 908 520 mea
920 464 1030 536 propria
1045 470 1088 514 est
1099 479 1152 530 per
1170 479 1227 515 can·

109 548 183 601 tum,
205 545 232 590 et
255 549 321 588 ecce
347 537 431 585 carta.
469 529 497 581 Si
520 537 596 584 erun
613 530 698 585 dicit:
723 531 787 584 Tibi
811 534 914 587 Mariae
932 531 1041 597 coniugi
1060 548 1154 584 meae:
1179 533 1226 586 fiat

109 623 206 661 vacus.
243 604 270 656 Si
299 600 410 654 dixer-its
438 597 502 652 Tibi
523 601 627 652 Mariae
653 599 756 656 amicae
781 617 874 655 meae:
907 611 956 656 aut
977 603 1080 674 probet
1103 601 1153 671 qni
1179 619 1226 672 ap-

108 679 206 748 pellat,
233 674 308 745 quod
329 680 406 742 peter
421 687 486 722 suus
503 669 645 723 habuisset
660 672 745 742 ipsam
764 672 892 726 sensnum
909 669 1052 744 acceptant
1071 671 1108 722 ad
1126 671 1226 724 coniu-

110 749 193 811 gium,
213 744 324 816 quando
343 740 487 809 secitipsa
511 749 601 806 carta,
629 751 678 794 snt
693 742 822 796 emendet
838 758 962 813 poenm.
1008 742 1037 794 Si
1064 750 1143 794 corta
1169 759 1226 792 ma-

109 817 239 878 nifestet,
258 813 334 884 quod
353 809 465 864 meritus
483 809 579 864 fuisset
604 811 756 878 Romnum
782 813 879 882 probet
901 813 950 885 qui
976 811 1119 882 appellet,
1149 811 1227 880 quod

109 887 202 940 fnisset
222 877 419 948 Longobardus.
457 879 485 932 Si
503 879 605 934 femina
621 883 741 936 ostendit
757 882 930 954 morgincap5
958 883 1017 954 ipse
1034 881 1085 953 qui
1103 883 1226 952 appellnt

110 959 185 1014 dicut
204 953 311 1018 fulsum,
338 961 386 1005 aut
408 957 509 1006 taceat.
547 950 582 1002 Et
600 949 654 1005 hoc
679 962 790 1020 tamen,
812 954 965 1007 secundum
982 951 1101 1023 aliquos.

192 1042 284 1108 v111.
328 1041 422 1119 (li.)
463 1041 499 1104 si
520 1042 757 1126 qualiscunque
779 1066 888 1110 caussa
908 1045 994 1108 inter
1013 1045 1226 1124 conlibertos,
1258 1065 1262 1076 ·

109 1139 166 1196 aut
185 1137 332 1214 parentes
354 1124 564 1204 convenerit,
593 1136 649 1188 out
674 1135 744 1190 actu
766 1127 883 1206 fuerit,
896 1175 900 1186 .
915 1137 948 1190 et
967 1126 1119 1190 homines
1148 1129 1225 1190 boni

108 1224 173 1276 tres
195 1220 250 1272 aut
278 1218 418 1294 quatuor
445 1205 671 1289 interfuerint,
702 1231 768 1270 uon
794 1210 987 1294 reprobetur
1040 1219 1131 1272 ostes
1160 1212 1226 1294 ipsa

110 1291 317 1374 cunssa‚,oisi
338 1311 456 1372 eorum,
471 1290 656 1354 testimonio
685 1291 794 1356 ambae
824 1303 930 1376 partes
957 1233 1111 1372 credant,
1141 1315 1225 1391 quae

109 1374 328 1440 interfuerint.
356 1375 422 1436 Pro
445 1373 538 1436 cuius
558 1384 664 1436 eutem
685 1395 794 1439 caussa
813 1384 909 1438 testes
930 1376 982 1440 iili
1001 1374 1227 1438 testimonium

108 1459 245 1524 reddere
267 1456 436 1532 debenti)
469 1454 538 1538 ipse
558 1455 655 1520 bomo
677 1457 850 1520 euussntori
877 1480 936 1521 suo
960 1479 1020 1541 per
1039 1479 1225 1522 sacramen-

109 1553 178 1605 tnm
198 1539 379 1605 satisfaciat.
421 1539 533 1600 Testes
560 1561 637 1602 vero
659 1540 721 1624 ipsi
741 1541 821 1603 tales
841 1540 925 1619 sint,
946 1561 1089 1624 quorum
1111 1541 1226 1625 opinio

109 1627 144 1688 in
165 1623 261 1686 bouis
280 1620 458 1705 praecellat
477 1621 639 1705 operibus,
655 1633 689 1686 et
709 1643 849 1704 quornm
868 1623 947 1688 fides
961 1623 1156 1702 admittitur,
1174 1625 1228 1686 vel

110 1707 228 1791 quibus
251 1705 418 1788 Princeps,
440 1712 496 1766 sut
522 1704 621 1767 iudex
649 1707 783 1768 credere
811 1706 922 1789 possit.
961 1707 1005 1768 Et
1032 1707 1060 1768 si
1087 1707 1226 1769 forsitan

109 1787 307 1852 remunerati
329 1795 424 1849 testes
444 1786 613 1850 veritntem
633 1788 733 1871 ipsam
746 1788 852 1850 celere
867 1788 1041 1868 voluerint,
1065 1798 1147 1852 tunc
1167 1811 1228 1886 per
1287 1847 1289 1853 ,

109 1877 343 1936 sacramentum
363 1868 558 1940 satisfaciunt
577 1870 735 1956 Principi,
757 1877 813 1931 aut
826 1871 924 1932 Misso
946 1869 1029 1949 eius,
1047 1880 1086 1932 ut
1105 1881 1227 1935 veritas

111 1977 176 2016 non
199 1954 398 2016 obscuretur.
431 1951 466 2014 si
504 1949 614 2014 uidem
631 1975 691 2036 per
711 1953 848 2016 wadiam
867 1952 1023 2038 obligatio
1047 1955 1226 2018 iecta'fue·

108 2037 163 2118 rit,
186 2047 219 2101 et
241 2034 382 2097 intentio
408 1971 553 2118 proboc
572 2035 674 2098 suerit
702 2035 857 2114 excitata,
885 2035 919 2096 in
941 2057 982 2098 eo
1002 2035 1127 2099 iudicio
1156 2059 1228 2098 ma·

111 2131 209 2198 neat,
236 2117 321 2184 sicut
341 2114 376 2178 in
398 2117 553 2186 auteriori
573 2118 691 2182 Edicto
711 2119 842 2202 iegitur,
863 2119 953 2202 quod
974 2119 1227 2202 gloriosissimus

109 2203 179 2268 Rex
198 2200 346 2266 Rotharis
367 2197 516 2268 instituit
558 2200 600 2262 li.
623 2203 673 2266 55.
699 2203 746 2264 15.
823 2239 825 2248 x
1067 2230 1071 2238 ¹

111 2353 116 2365 Ι
180 2301 262 2338 sonu.
293 2285 377 2366 'tetre
394 2292 423 2337 te
444 2282 566 2405 appellat
583 2285 726 2366 tdarunus,
744 2283 821 2367 quod
838 2290 870 2338 tu
898 2285 1069 2340 conuentasti
1088 2285 1141 2339 sibi
1160 2287 1227 2342 dare

109 2371 139 2406 rn
164 2353 226 2406 Kal.
245 2354 312 2406 Mau
336 2351 385 2406 sol.
412 2353 441 2404 C.
504 2372 539 2406 on
558 2354 621 2408 secr.
656 2355 756 2410 Probet
774 2373 823 2426 qur
848 2353 978 2425 appellat.

180 2425 258 2476 Petre
275 2431 303 2476 te
323 2421 445 2492 appellnt
469 2423 621 2486 Martinus,
646 2425 722 2495 quod
737 2434 769 2478 tu
792 2433 870 2478 tenes
890 2424 943 2476 sibi
963 2425 1037 2478 malo
1056 2425 1152 2480 ordine
1170 2435 1226 2488 teu,

110 2509 166 2544 rum
184 2491 213 2544 in
231 2493 281 2546 tati
300 2491 370 2545 lo'co.
407 2493 450 2549 Tu
470 2493 537 2547 mihi
558 2493 716 2560 vendidisti,
735 2503 784 2550 aut
797 2493 921 2550 refutasti
937 2493 1025 2564 ipsum
1042 2504 1150 2550 terram.
1168 2499 1226 2554 Aut

109 2559 218 2633 probet,
237 2572 285 2615 aut
301 2563 421 2634 perdat,

193 2631 254 2697 lX.
295 2635 405 2706 (nl.)
453 2631 488 2693 Si
523 2632 598 2715 quis
625 2654 755 2695 servum
781 2653 894 2714 suum,
922 2643 978 2695 aut
1006 2634 1159 2696 snciilum
1188 2636 1225 2698 in

111 2734 210 2774 manu
229 2713 325 2794 Regis
346 2715 483 2791 dederit,
505 2717 625 2798 etipse
646 2716 800 2799 Princeps
821 2737 874 2779 eos
898 2737 959 2800 per
976 2736 1087 2778 manus
1108 2719 1226 2780 Sacer·

112 2795 194 2858 dotis
217 2796 302 2858 circa
322 2817 448 2858 sacrum
469 2797 568 2858 uitare
590 2798 709 2860 liberos
730 2797 906 2878 dimiserit,
935 2799 982 2861 sic
1010 2810 1226 2880 permaneant

111 2877 218 2954 liberi,
239 2877 322 2938 sicut
342 2879 405 2955 itti,
425 2878 483 2960 qui
504 2878 631 2941 fulireal
655 2880 792 2963 thinguti
812 2891 897 2943 sunt.
938 2883 978 2944 Et
1000 2880 1056 2962 qui
1083 2875 1231 2942 mundi-¹

112 2983 167 3022 um
187 2961 227 3022 de
250 2960 318 3042 ipse
338 2960 473 3022 muliere
495 2961 596 3023 libera
619 2985 636 3022 a
655 2963 808 3046 Principe
828 2965 977 3048 accepit,
997 2963 1042 3024 sie
1063 2983 1138 3024 eum
1158 2964 1226 3026 ha-

112 3045 198 3121 beat,
220 3043 305 3104 sicut
327 3042 367 3103 de
384 3043 514 3105 iuiireal
536 3044 681 3107 muliere.
701 3047 780 3106 Nam
797 3048 933 3131 amplius
948 3046 979 3108 ei
999 3045 1124 3106 nuliam
1145 3069 1228 3108 con-

113 3127 270 3188 ditionem
290 3126 417 3207 debeat,
438 3145 544 3208 neque
566 3127 633 3209 ipsa
655 3149 761 3211 neque
782 3127 849 3190 filiu
880 3129 961 3191 eius.
1001 3129 1043 3192 Et
1066 3129 1131 3198 hoc
1157 3139 1234 3198 stu·,

113 3209 233 3270 tuimus
253 3216 288 3268 ut
309 3207 456 3286 masculi,
476 3209 534 3291 qni
555 3209 594 3272 de
621 3209 689 3294 ipsa
709 3210 847 3274 muliere
877 3210 946 3272 nati
979 3219 1073 3288 sunt,
1101 3212 1228 3294 absque

68 3321 76 3336 ·
111 3291 246 3353 mundio
272 3291 349 3369 siut,
370 3289 509 3353 feminee
530 3301 638 3353 autem
657 3293 795 3355 habeant
814 3293 997 3376 mundium,
1017 3294 1101 3356 sieut
1122 3304 1228 3356 mater

114 3395 234 3519 pppum.
257 3374 448 3533 Ipt3i4psrpm
466 3375 637 3438 mundium
658 3397 723 3439 nou
750 3376 793 3439 sit
819 3376 956 3460 amplius
977 3397 1075 3460 quam
1101 3375 1227 3441 solidos

185 3553 264 3592 sonu.
299 3539 378 3591 Petre
397 3548 426 3591 te
448 3537 569 3608 appellnt
592 3538 744 3602 Martinus,
770 3541 845 3612 quod
865 3547 896 3593 tu
923 3557 951 3594 er
969 3557 1033 3594 suus
1055 3555 1167 3604 servus,
1198 3549 1229 3596 et

114 3609 186 3660 rnulo
210 3608 304 3659 ordine
325 3608 462 3662 subtrahis
480 3615 509 3660 te
534 3609 569 3660 de
585 3628 634 3677 suo
652 3609 773 3663 servicio.
810 3613 869 3664 Hoc
886 3610 948 3665 dic'o
962 3628 1021 3678 ego,
1041 3613 1116 3684 quod
1134 3612 1229 3681 lmpe·

114 3690 186 3730 sutor
205 3677 308 3730 dimisit
318 3695 362 3730 me
380 3679 496 3731 liberum
521 3695 570 3748 per
586 3695 695 3732 manum
716 3681 866 3734 Sacerdotis
894 3683 964 3735 circa
986 3698 1092 3734 sacrum
1120 3682 1226 3748 altare,

115 3759 143 3801 et
160 3759 190 3802 tu
210 3747 308 3802 dedisti
328 3750 419 3802 mein
438 3765 546 3800 manum
566 3749 744 3820 Imperatoris.
787 3751 842 3804 Aut
866 3751 972 3823 probet,
992 3759 1040 3803 urst
1058 3751 1105 3803 fiat
1122 3767 1226 3805 servus.

195 3818 237 3879 X.
265 3839 272 3886 r
294 3818 351 3880 IV.
367 3828 381 3889 )
402 3819 437 3880 Si
451 3819 523 3900 quis
538 3841 664 3882 servum
678 3841 771 3880 suurn
785 3831 839 3881 unt
852 3823 1002 3882 ancillam
1017 3820 1156 3882 liberunt
1172 3823 1239 3883 vei
1264 3817 1266 3822 ’

114 3903 248 3962 liberum
259 3901 427 3979 dimiserit,
441 3911 474 3962 et
484 3903 624 3982 posuerit
643 3904 672 3963 ei
688 3903 868 3976 mundium,
892 3915 947 3965 aut
959 3923 1060 3964 unum
1071 3903 1228 3982 solidum,

114 3995 168 4045 out
178 3983 268 4068 diros,
286 3993 340 4043 uut
353 3994 427 4061 tres,
443 3993 498 4044 aut
513 4005 586 4047 sex:
608 3995 730 4048 tantum
743 3984 859 4049 habeut
873 3987 1051 4064 mundium,
1065 3996 1230 4070 quantum

121 4129 467 4144 ww

184 4209 338 4280 &diesteh
358 4205 538 4276 reddiderint.
