2648 4874
160 289 237 369 tue
334 391 336 398 Ι
371 305 475 362 nnsrs
494 303 784 368 wrsreurnoaun
803 299 1071 368 srn.111.r1r.1.

159 463 225 517 tem
247 471 265 512 a
284 445 496 536 promissione
518 444 681 528 coniugali
702 449 894 524 removerit,
916 454 950 508 et
969 453 1105 530 poenam
1127 446 1268 531 quaein

159 535 278 622 placito
300 529 486 593 continetur
506 527 696 609 adimpleat,
729 538 761 589 et
782 530 870 611 qnod
891 529 1060 590 definitum
1082 539 1130 591 est
1150 533 1270 592 immu-

158 629 228 684 tare
259 635 324 676 non
356 613 462 674 liceat.
516 611 687 671 Mulierem
718 621 843 689 antem,
880 631 977 692 quam
1008 614 1189 674 constiterit
1213 622 1270 674 aut

161 722 264 761 unum
285 708 341 760 aut
360 695 469 790 plures
491 690 639 753 habuisse
660 692 809 770 maritos,
831 704 903 775 post
924 696 1101 757 eorundem
1124 695 1269 755 virorum

160 783 305 858 obitum,
328 777 383 838 alri
404 774 494 852 viro,
516 775 555 834 ab
576 775 811 836 adulescentiae
833 775 1035 856 simeonis,
1057 799 1114 837 seu
1137 777 1188 838 illi
1210 777 1268 859 qui

161 866 301 926 necdum
322 879 457 922 uxorem
476 855 605 934 habuit,
640 858 708 918 sire
735 858 766 918 ei
797 875 894 939 quem
915 858 1011 919 unius
1032 860 1086 922 vel
1108 859 1268 942 plurima.

159 970 232 1010 rum
252 941 441 1026 coniugium
461 939 527 1000 vita
549 939 709 1018 destituit,
743 939 879 1002 honeste
909 961 945 1001 ac
974 939 1122 1026 legaliter
1143 941 1267 1004 nubere

160 1029 346 1091 nullatenus
367 1021 529 1086 inlicitum
551 1030 607 1084 est.

517 1135 560 1202 V.
599 1159 662 1200 sss.
705 1159 792 1204 crus.
833 1159 900 1201 anx.

336 1255 386 1316 De
406 1254 578 1338 quantitate
601 1272 705 1314 rerum
726 1251 971 1318 conscribendae
992 1251 1087 1318 dotis.

242 1339 325 1400 Cum
345 1339 385 1400 de
408 1337 537 1398 dotibus
565 1335 691 1398 diversa
720 1357 814 1419 saepe
843 1338 930 1398 inter
957 1339 1116 1400 nubentes
1145 1337 1269 1402 oriatur

159 1421 316 1498 intentio,
337 1419 553 1502 plurimorum
574 1419 614 1479 sit
637 1417 770 1478 utilitati
792 1420 985 1497 consultum,
1007 1422 1034 1482 si
1056 1421 1189 1483 evidens
1210 1422 1269 1481 hu·

158 1506 210 1567 ins
231 1503 279 1564 rei
300 1502 460 1565 institutio
483 1499 565 1561 nihil
589 1501 673 1560 ultra
693 1499 857 1583 relinquat
877 1502 1071 1584 ambignum.
1112 1501 1269 1565 Decerni-

159 1609 229 1648 mus
245 1585 355 1668 igitur,
377 1605 413 1645 ac
435 1583 514 1666 legis
535 1582 633 1644 huius
654 1581 812 1666 perpetim
832 1594 993 1645 servatura
1010 1585 1268 1646 sanctionecen·

160 1691 282 1734 semus:
315 1677 352 1728 ut
377 1665 500 1746 quicnn
526 1685 567 1725 ue
589 1686 630 1726 ex
651 1663 759 1748 palatii
781 1666 881 1726 nostri
903 1667 1112 1748 primatibus,
1142 1668 1269 1729 velse-

159 1751 307 1814 nioribus
329 1748 433 1832 gentis
452 1749 514 1809 Got
541 1766 650 1825 orum,
672 1745 769 1806 liliam
789 1748 921 1809 alterius
942 1749 996 1810 vel
1019 1750 1195 1828 cuiuslibet
1213 1769 1269 1810 re-

159 1835 290 1910 lictam,
322 1851 381 1892 sen
402 1828 469 1892 sibi·
484 1850 542 1890 seo
563 1828 630 1890 filio
651 1850 709 1890 suu
731 1829 914 1911 poposcerit
933 1831 967 1890 in
989 1831 1142 1914 coningio
1165 1853 1268 1914 copu-

158 1916 305 1992 landam,
338 1933 395 1974 seu
417 1910 565 1994 quisquis
586 1933 626 1973 ex
647 1911 885 1994 praedictorum
911 1911 1026 1974 ordine
1047 1935 1184 1974 uxorem
1204 1911 1268 1975 sibi

158 1998 296 2080 elegerit
327 1994 558 2078 expetendam,
591 2013 656 2054 non
678 1993 816 2074 amplius
837 1994 1059 2078 unusquisque
1079 1995 1115 2055 in
1135 1995 1267 2079 puellae

158 2083 212 2144 vel
234 2076 379 2140 mulieris
409 2077 540 2138 nomine
569 2075 652 2137 dotis
685 2074 781 2136 titulo
812 2079 958 2138 conferat
986 2077 1042 2140 vel
1071 2076 1266 2155 conscribat,

160 2183 256 2246 quam
278 2159 365 2244 quod
387 2157 542 2220 decimam
563 2166 685 2240 partem
705 2177 814 2218 rerum
834 2180 963 2220 suorum
987 2179 1054 2221 esse
1076 2159 1267 2224 eonstiterit.

162 2244 259 2322 Quod
283 2242 309 2304 si
336 2239 525 2323 contigerit,
557 2249 594 2300 ut
626 2239 814 2322 quicunque
834 2251 1005 2324 parentum
1024 2263 1084 2324 pro
1105 2242 1175 2302 filio
1195 2264 1267 2317 suo,

160 2327 196 2387 in
220 2344 320 2384 nurus
341 2341 417 2384 suae
440 2322 587 2397 nomine,
622 2323 728 2382 dotem
758 2323 961 2384 conscribere
990 2323 1122 2388 debeat:
1152 2325 1266 2386 eodem

162 2406 258 2468 modo
281 2406 321 2466 de
343 2425 403 2479 eo,
435 2404 523 2484 quod
551 2402 658 2464 eidem
679 2401 746 2465 filiu
767 2411 839 2488 post
858 2405 979 2466 obitum
1000 2416 1170 2488 parentum
1190 2428 1267 2466 suo-

161 2509 234 2552 rum
264 2487 298 2546 in
327 2483 475 2570 portione
507 2484 636 2546 evenire
669 2496 809 2568 poterat,
854 2487 1009 2549 decimam
1042 2488 1162 2552 exinde
1193 2510 1268 2570 par-

161 2581 227 2634 tem
255 2589 314 2665 per
342 2563 425 2628 dotis
453 2566 584 2627 titulum
612 2571 774 2645 conferat,
810 2570 899 2652 quod
927 2571 1046 2634 mulier
1074 2570 1128 2633 rel
1159 2572 1269 2654 puella

164 2651 288 2735 nuptiis
306 2649 461 2718 traditura
482 2650 634 2716 obtineat.
686 2651 790 2732 Atque
819 2653 953 2734 insuper
987 2653 1100 2718 decem
1131 2675 1268 2735 pueros,

165 2737 342 2814 decemque
376 2731 517 2813 puellas,
555 2742 588 2794 et
615 2731 753 2794 caballos
783 2731 909 2811 XXX.‚
938 2755 995 2796 seu
1016 2736 1048 2796 in
1073 2736 1270 2797 ornamentis

164 2825 323 2900 qnantum
352 2813 441 2874 mille
474 2812 652 2876 solidorum
678 2813 787 2876 valere
814 2838 968 2877 summam
996 2818 1197 2896 constiterit,
1232 2819 1273 2880 sit

167 2901 218 2974 illi
239 2895 466 2961 conscribendi
488 2896 649 2980 dandique
671 2919 821 2958 concessa
849 2899 979 2960 libertas
1008 2907 1054 2976 n).
1098 2900 1148 2962 Ita
1172 2902 1271 2966 atde

165 2982 217 3044 his
236 2979 394 3043 'omnibus
422 2979 518 3052 nehus
550 2978 584 3038 in
614 2979 767 3062 coniugio
797 2982 1114 3066 mulierassumpta,
1149 2982 1176 3045 si
1204 3004 1271 3046 nou

166 3062 339 3146 reliquerit
368 3059 469 3139 filios,
500 3063 606 3125 facere
633 3063 721 3158 qnod
748 3063 888 3125 voluerit
915 3063 1048 3126 liberam
1077 3086 1111 3126 se
1142 3066 1273 3126 noverit

165 3147 285 3208 habere
306 3142 489 3207 licentiam:
519 3153 574 3204 ant
594 3143 620 3204 si
642 3153 787 3205 intestata
808 3145 1005 3224 discesserit,
1038 3147 1079 3208 ad
1110 3146 1272 3226 maritum,

167 3239 223 3290 aut
244 3229 285 3288 ad
306 3226 506 3310 propinquos
527 3225 633 3286 mariti
653 3225 811 3305 heredes,
846 3228 958 3291 eadem
987 3228 1119 3290 donatio
1150 3229 1272 3298 redeat.

166 3313 234 3374 Nec
255 3310 317 3371 erit
337 3311 423 3368 ultra
443 3308 568 3370 licitum
586 3308 713 3391 puellae
736 3311 937 3390 parentibus,
959 3332 1014 3372 sen
1033 3312 1272 3394 etiampuellae

167 3393 221 3455 rel
242 3392 388 3468 mulieri,
420 3389 459 3451 ab
475 3412 592 3472 sponso
615 3391 667 3452 vel
689 3389 729 3450 ab
747 3391 855 3473 sponsi
872 3393 1058 3475 parentibus
1081 3393 1154 3475 plus
1174 3395 1272 3474 quid-

166 3497 264 3558 quam
295 3483 423 3556 petere,
459 3473 512 3534 vel
538 3473 572 3533 iu
603 3493 661 3535 sao
690 3474 821 3535 nomine
850 3475 1120 3536 conscribendum
1150 3487 1273 3558 optare,

168 3559 230 3620 nisi
253 3565 409 3638 quantum
431 3575 520 3617 nnnc
541 3555 621 3638 legis
648 3554 746 3616 huius
774 3556 934 3619 institutio
961 3557 1115 3624 continet.
1154 3558 1223 3620 Ant
1247 3559 1274 3620 si

166 3641 269 3714 forte,
295 3638 384 3698 iuxta
409 3639 497 3719 quod
522 3647 554 3698 et
577 3637 702 3720 legibus
729 3637 878 3702 Romanis
901 3641 1072 3701 recolimus
1094 3639 1193 3702 fuisse
1217 3641 1274 3702 de-

168 3733 312 3798 cretum,
346 3729 470 3780 tantum
498 3717 609 3802 puella
636 3719 689 3779 rel
718 3719 836 3782 mulier
865 3721 905 3784 de
935 3719 999 3784 suis
1028 3722 1124 3784 rebus
1157 3743 1274 3805 sponso

169 3805 245 3864 dare
269 3803 423 3885 elegerit,
444 3812 602 3884 quantum
623 3800 683 3862 sibi
705 3801 771 3884 ipsa
793 3803 861 3863 dari
884 3805 1074 3887 poposcerit.
1129 3805 1227 3882 Quod
1249 3805 1275 3868 si

166 3885 300 3947 forsitan
323 3893 515 3966 praeventus
548 3905 681 3966 sponsus
712 3884 887 3966 scripturae
920 3887 1057 3948 alicuius
1084 3886 1139 3948 rel
1168 3909 1275 3949 sacru-

169 3967 271 4034 menti
300 3967 432 4030 vinculo
463 3965 649 4048 nuptiarum
680 3975 822 4047 tempure
859 3969 1029 4052 alligetur,
1047 4023 1049 4030 Α
1070 3969 1274 4052 ωηρΙὶιιειεε

168 4069 302 4134 sponsae
323 4049 489 4138 daturum,
512 4069 608 4130 quam
628 4049 716 4132 quod
737 4049 797 4112 hac
817 4050 889 4135 lege
910 4060 1035 4116 constat
1054 4073 1123 4116 esse
1142 4052 1275 4138 permis·

139 4306 142 4310 ,
236 4247 267 4318 n)
285 4246 326 4302 lt
344 4264 407 4304 mss.
425 4244 599 4308 comiteris,
618 4241 686 4302 dart
705 4243 818 4304 debebit.
