2684 4868
294 306 406 366 sacas
420 291 711 373 memoriosum
730 301 796 359 sss.
813 292 984 360 visatur.
997 290 1035 359 t:
1146 282 1222 364 575

553 447 593 513 V.
634 462 784 518 ssrrons.
1016 521 1020 528 ι

212 565 254 630 Ut
272 585 401 630 acreum
421 559 558 624 solidum
574 561 692 642 integri
705 555 859 646 ponderis
879 581 970 626 nemo
990 572 1121 630 recuset
1199 578 1201 582 ’

191 674 341 738 Solidnm
360 692 493 734 aureum
510 659 629 752 integri
653 668 827 752 ponderis,
862 669 1086 752 cuiuscunque
1106 691 1223 735 mone·-

107 769 160 822 tne
183 759 240 836 sit,
261 758 289 820 si
310 755 512 819 adulterinus
535 775 600 814 non
616 752 735 828 fuerit,
758 753 869 816 nullus
886 776 983 818 susus
1001 754 1222 836 sitammam,

109 863 172 905 nec
185 864 244 924 pro
263 839 332 902 eius
349 835 600 900 commutatione
615 833 740 916 aliquid
755 845 902 900 monetae
920 835 1107 920 requirere,'
1128 860 1224 921 prep-

108 937 162 988 ter
179 925 240 986 hoc
266 920 480 1005 quodminus
501 921 585 982 forte
601 918 797 1002 pensaverit.
841 919 908 997 Qui
933 928 1045 986 contra
1062 917 1224 987 hocsem.

109 1007 170 1085 rit,
193 1018 226 1070 et
237 1005 376 1068 solidum
393 1023 527 1064 aureum
546 1002 616 1063 sine
639 997 709 1062 nlla
728 999 841 1063 fraude
861 1012 1051 1084 pensantem
1074 1003 1223 1087 accipere

110 1090 273 1168 noluerit,
295 1096 351 1148 aut
367 1083 497 1170 petierit
512 1106 571 1169 pro
595 1075 663 1144 eius
684 1085 935 1148 commutatione
951 1085 1154 1165 mercedem,
1177 1087 1225 1150 di-

109 1173 241 1236 strictus
256 1194 274 1232 a
289 1169 414 1246 iudice,
437 1169 467 1230 ei
489 1169 542 1232 cui
563 1165 705 1228 solidum
721 1167 935 1246 recusaverit,
957 1178 1022 1232 tres
1036 1169 1159 1240 solidos
1172 1191 1224 1243 cc·

109 1266 206 1340 gatus
222 1253 399 1320 exsolvere.
448 1251 499 1319 lta
510 1270 650 1336 ¹quoque
670 1249 761 1314 etde
778 1249 923 1315 tremisse
937 1252 1142 1330 servandum·
1238 1327 1245 1336 „

139 1443 221 1513 LIB.
242 1443 334 1509 VIII.
374 1443 433 1510 DE
454 1439 623 1506 lNLATIS
644 1437 896 1506 VlOLENTIlS
914 1441 973 1505 Es
992 1441 1195 1508 DAMPNIS.

107 1603 111 1680 j
221 1595 313 1674 Tse.
338 1595 368 1667 Ι.
416 1595 475 1668 De
499 1595 748 1670 invasionibus
773 1604 813 1664 et
836 1594 1115 1692 direptionibus,

410 1782 412 1790 .
439 1725 467 1790 1.
509 1747 572 1789 aas.
606 1745 677 1792 cns..
703 1746 790 1791 acus.
823 1707 910 1787 aas(

111 1834 160 1907 'Ut
180 1843 265 1908 solus
280 1854 434 1925 patronus
449 1837 510 1924 ¹nel
528 1840 677 1905 dominns
697 1841 870 1928 culpabiles
892 1836 1086 1923 habeantur,
1111 1845 1143 1906 si
1160 1845 1225 1908 eis-

189 1926 263 1986 dem
277 1925 455 1994 iubentibus
473 1927 622 2007 ingenuus
638 1926 694 1987 vel
711 1943 821 1988 servus
837 1924 960 1986 inlicito
974 1939 1154 2010 operentur.

195 2034 265 2096 Hoc
281 2033 506 2118 principaliter
521 2033 664 2116 generali
677 2033 844 2096 sanctione
862 2053 1049 2112 censemus,
1071 2043 1107 2094 nt
1121 2035 1225 2099 omnis

111 2116 297 2198 Ingenuus,
327 2126 426 2199 atque
450 2116 546 2178 ctiam
570 2116 705 2179 libertus
729 2124 785 2178 aut
806 2135 936 2192 servus,
957 2115 985 2177 si
1005 2117 1226 2201 qaodcunque

111 2199 279 2262 inlicitam
306 2198 437 2263 iubente
459 2209 595 2282 patrono
614 2200 668 2262 vel
686 2198 820 2262 domino
841 2219 900 2259 suo
920 2197 1035 2260 fecisse
1057 2203 1227 2283 cognosci·

111 2291 185 2360 tur,
208 2281 248 2342 ad
262 2303 391 2344 omnem
406 2282 655 2345 satisfactionem
672 2290 705 2344 et
718 2281 983 2364 compositionem
994 2291 1155 2378 'patronus
1171 2284 1227 2350 vet

111 2363 263 2426 dominus
284 2364 417 2426 obnoxii
438 2374 621 2432 teneantur.
663 2367 743 2428 Nam
762 2365 819 2448 qui
841 2363 912 2426 eius
933 2363 1130 2428 iussionibus
1151 2367 1228 2428 alne«-

113 2445 275 2509 dientiam
291 2448 498 2525 detulerunt,
520 2447 700 2545 culpabiles
719 2445 832 2508 haberi
854 2465 920 2507 nou
942 2455 1117 2546 poterupt,
1150 2451 1228 2532 quis

111 2549 182 2680 ἔζη
209 2549 267 2592 suo
289 2549 441 2610 excessu,
469 2529 527 2594 sed
554 2553 685 2594 maioris
710 2529 846 2616 imperio
868 2529 905 2593 id
929 2550 1125 2596 commissam
1151 2554 1227 2620 pro·-

156 2620 243 2674 ntur.
957 2639 959 2650 ·
1160 2640 1163 2652 ·

550 2716 594 2785 ΙΙ.
635 2703 784 2796 anninus.

200 2833 201 2836 ’
314 2828 353 2895 Si
368 2851 533 2920 possessor
549 2856 610 2922 per
635 2836 815 2898 violentiam
836 2834 1026 2922 expellatur.
1051 2827 1054 2835 ¹

198 2927 398 3022 QuIcunque
416 2938 579 3003 violenter
594 2941 757 3024 expulerit
777 2943 1018 3026 possidentem,
1038 2943 1229 3030 prinsquam

114 3043 175 3104 pro
208 3023 277 3105 ipso
306 3021 422 3084 iudicis
447 3022 607 3086 sententia
630 3025 804 3108 procedat,
838 3023 865 3088 si
893 3047 1035 3088 caussam
1059 3028 1229 3092 meliorem

114 3105 282 3183 habuerit,
303 3106 405 3190 ipsam
423 3126 565 3167 caussam
585 3107 625 3168 dc
638 3127 702 3188 qua
716 3108 822 3190 agitur
835 3109 957 3191 perdat.
999 3108 1061 3170 Ille
1078 3103 1228 3194 veronus

115 3188 305 3250 violentiam
327 3189 478 3270 pertulit,
509 3188 660 3250 universa
687 3189 722 3250 iu
751 3199 921 3275 statuque
945 3191 1230 3276 fuerantrecipiat

114 3289 200 3352 quas
219 3271 370 3352 possedit,
393 3281 425 3333 et
441 3291 572 3334 securus
581 3281 700 3338 teneat.
742 3273 778 3335 Si
796 3290 874 3337 vero
888 3274 973 3336 illud
984 3273 1118 3354 invasit,
1130 3277 1229 3360 ‘quod

114 3373 175 3435 per
202 3350 360 3414 iudicium
382 3353 528 3416 obtinere
556 3376 621 3416 nou
648 3356 773 3438 potuit,
807 3367 840 3418 et
862 3375 1005 3419 caussam
1028 3358 1169 3442 amittat,
1197 3369 1230 3424 et

115 3433 208 3496 aliud
228 3443 375 3516 tantum,
395 3446 552 3522 quantum
572 3438 710 3518 invasit,
731 3438 845 3502 reddat
865 3440 1011 3526 expulso.
1160 3449 1164 3458 '

562 3554 621 3642 111.
663 3574 812 3629 anricus·

282 3667 321 3730 Si
335 3668 381 3731 od
391 3667 577 3751 faciendam
594 3668 723 3732 caedem
740 3669 833 3736 turba
848 3669 1054 3750 coadunetcr.

116 3747 121 3757 ⁴
199 3750 267 3830 Qui
284 3753 324 3815 ad
343 3753 524 3814 faciendum
540 3753 672 3817 caedem
685 3753 1076 3838 turbascongregaverit,
1098 3765 1154 3818 ant
1170 3760 1230 3842 qui

116 3832 308 3897 seditionem
322 3836 433 3913 alteri,
455 3834 541 3896 unde
559 3836 789 3897 coutumeliam
805 3837 949 3918 corporis
963 3841 1090 3918 sentiat,
1112 3841 1232 3911 iecerit

116 3915 170 3977 vel
202 3916 383 3980 faciendam
410 3918 611 3998 incitaverit,
646 3929 702 3978 aut
727 3920 927 4002 praeceperit
937 3943 946 3991 ;
976 3943 1052 3984 mox
1070 3917 1231 3993 ut'iudex

117 3999 239 4060 crimen
251 4001 439 4084 agnoverit,
461 4005 536 4064 enm
554 4001 828 4084 comprehendere
846 4022 911 4063 nou
928 3997 1081 4068 meretur.
1123 4003 1176 4068 Ita
1193 4004 1231 4072 ut

116 4092 227 4166 captus
247 4083 345 4146 huius
365 4085 497 4147 sceleris
517 4084 650 4145 infamia
671 4091 816 4165 notatus,
848 4095 1000 4171 extensus
1020 4086 1151 4172 publice
1173 4113 1232 4154 co-

116 4186 185 4227 ram
207 4165 316 4230 iudice
340 4166 508 4252 sexaginta
526 4167 653 4253 flagella
677 4168 847 4256 suscipiat,
882 4179 916 4233 et
937 4174 1127 4258 omnesqui
1154 4196 1231 4238 cum

115 4247 158 4312 ‘oo
181 4249 350 4334 venerint,
369 4251 423 4318 vel
444 4249 502 4336 qui
523 4249 558 4316 id
578 4249 739 4332 iecerint,
762 4251 930 4320 nominare
952 4265 1096 4342 cogatur.
1137 4257 1182 4322 Ut
1201 4259 1231 4325 si
