2684 4868
269 248 373 334 neers
392 275 682 351 wrsrcoraonun
702 278 766 334 trs.
788 277 819 335 x.
838 277 910 334 rrr.
931 280 970 334 11.
1124 259 1198 334 out

84 420 157 484 tatis
178 417 421 502 contropatione
436 417 587 480 noverint
613 416 833 479 dividendum.
873 418 972 495 Quod
990 417 1018 481 si
1038 435 1137 503 super
1149 437 1204 486 au·

85 523 165 566 num
192 512 318 585 tempus
353 501 546 580 excesserit,
584 509 619 562 et
646 500 709 562 hoc
741 523 826 562 unus
854 500 1003 566 domiuus
1032 504 1202 565 relambo

87 585 280 648 nescierint:
313 583 643 664 quodeunqnenasci
673 585 834 665 potuerit,
877 584 1027 646 similiter
1051 586 1087 646 in
1109 587 1203 651 rdini-

82 669 185 732 sionis
217 666 345 749 aequali
366 665 514 750 portione
536 666 686 730 manebit.
1166 699 1170 710 ·

390 780 512 848 XVIII.
550 804 612 844 rrs.
635 804 700 848 cns.
723 803 810 844 acus.
833 803 901 846 arx.

93 901 136 964 Ut
152 899 311 986 peculiam
332 911 363 960 et
381 899 541 982 peculiare
569 898 614 958 ad
646 920 738 960 unam
769 899 1009 978 intelligentiam
1038 899 1202 973 habeatur.

172 983 273 1063 Saepe
296 981 514 1044 contentionis
536 981 604 1041 acie
619 981 793 1063 'improbos
816 981 955 1043 vidimus
976 983 1135 1044 sinceram
1157 976 1207 1040 iri-

88 1067 302 1148 telligentiam
331 1065 495 1134 desecare3
537 1084 620 1144 quae
659 1074 695 1125 ut
733 1064 842 1125 refelli
874 1065 975 1146 possit
1013 1063 1207 1146 compendio

88 1149 256 1210 brevitatis
277 1147 324 1208 uti
346 1147 392 1207 sic
414 1145 578 1207 convenit.
629 1146 743 1208 Omnis
764 1168 841 1228 ergo
868 1168 939 1224 res,
970 1167 1053 1228 quae
1074 1145 1205 1210 mobilis

90 1229 328 1312 immobilisque
341 1229 501 1306 consistit,
524 1227 748 1310 cuiuscunque
770 1228 871 1289 fuerit
891 1229 1036 1372 pencris,
1059 1228 1127 1290 sive
1142 1228 1206 1288 lor-

87 1337 176 1390 mae,
214 1335 252 1371 an
277 1311 414 1394 peculii,
465 1333 504 1370 an
541 1312 713 1393 peculiaris
744 1332 862 1372 nomen
919 1311 1062 1388 abuerit,
1106 1311 1204 1382 nnius

88 1397 325 1477 intelligentiae
347 1395 414 1455 vim
444 1393 705 1475 evidentiamque
728 1394 887 1472 obtineat,
920 1402 955 1453 ut
987 1416 1027 1455 ex
1049 1393 1111 1455 hoc
1138 1414 1204 1453 om·

89 1480 140 1542 nis
159 1481 198 1541 de
220 1476 394 1538 mobilibus
416 1475 698 1560 immobilibusque
712 1477 807 1538 rebus
828 1476 967 1538 intentio
989 1475 1207 1558 eonquIescat.

379 1587 474 1656 XIX.
517 1612 578 1653 res.
609 1613 673 1652 css.
708 1613 794 1658 scos.
825 1613 894 1653 arx.

220 1705 258 1765 Si
281 1725 342 1802 pro
372 1706 509 1786 acceptis
530 1705 622 1767 rebus
645 1703 814 1791 promissio
845 1727 908 1766 non
938 1703 1087 1770 solvatur.
1190 1744 1193 1750 ·
1260 1775 1264 1784 θ

173 1789 207 1850 Si
235 1810 307 1871 qu1s
326 1797 459 1864 terram,
495 1787 641 1867 vineam,
682 1796 737 1847 aut
763 1789 904 1868 aliquam
936 1809 1003 1849 rem
1027 1788 1121 1846 atiam
1143 1807 1204 1873 pro

88 1871 240 1949 decimis,
270 1869 323 1932 vei
343 1869 542 1952 quibuslibet
563 1871 738 1932 commodis
764 1870 1097 1954 praestationibnsque
1127 1869 1205 1930 red-

89 1956 225 2034 dendis,
259 1974 318 2036 per
345 1954 535 2036 scripturam
556 1963 611 2013 aut
632 1974 859 2035 quamcunque
882 1952 1127 2030 definitionem,
1160 1951 1205 2012 itt

89 2039 129 2098 ab
154 2038 218 2098 alio
248 2036 410 2118 acceperit
440 2035 685 2117 possidendam:
730 2045 767 2096 ut
797 2035 856 2114 ille
882 2035 939 2118 qui
967 2036 1040 2108 dat,
1070 2033 1116 2097 sic
1143 2033 1203 2096 sub

89 2120 227 2182 alieuius
251 2119 463 2180 exsolutionis
492 2117 600 2179 debito
622 2119 696 2195 det,
730 2139 772 2179 ne
797 2118 947 2180 videatur
972 2117 1022 2178 ius
1051 2117 1101 2178 rei
1126 2139 1203 2198 suae

90 2204 237 2264 amittere
271 2201 428 2263 voluisse:
478 2200 639 2283 quidquid
682 2201 796 2278 debet,
848 2200 906 2284 qui
948 2221 1019 2260 rem
1059 2199 1202 2287 aceepit,

92 2285 188 2347 etiam
227 2283 297 2345 sine
345 2281 565 2345 sollieitudine
607 2283 730 2344 domiui
779 2289 847 2365 ipse
900 2281 1038 2346 soIIIeite
1080 2281 1204 2349 reddat.

89 2369 169 2430 Nam
190 2366 335 2451 quamvis
357 2365 557 2427 consuetudo
587 2366 639 2429 vel
666 2365 835 2449 promissio
863 2366 1009 2427 exsoluta
1036 2386 1102 2424 non
1134 2365 1204 2429 Iue-

89 2451 151 2528 rit,
202 2451 242 2511 de
279 2449 375 2510 rebus
412 2447 477 2508 suis
518 2468 591 2542 pers
629 2447 752 2508 domini
794 2448 926 2512 excludi
960 2469 1025 2507 non
1073 2445 1203 2530 poterit.
1263 2491 1266 2500 ,

88 2533 174 2610 Quia
197 2553 263 2593 non
288 2531 455 2591 voluntate
478 2529 569 2590 istius
595 2531 652 2613 qui
680 2531 786 2608 dedit,
816 2531 873 2592 sed
895 2531 1008 2591 fraude
1039 2527 1128 2590 illins
1146 2530 1205 2612 qui

88 2637 159 2676 rem
193 2615 334 2696 accepit,
373 2612 503 2672 videtur
535 2613 700 2674 contentio
734 2613 782 2674 rei
824 2613 955 2674 domino
994 2610 1203 2686 commoreris.

89 2696 123 2756 si
147 2717 223 2758 vero
247 2697 305 2758 ille
335 2695 484 2778 quirem
516 2694 658 2777 accepit,
695 2696 965 2757 consuetudinem
987 2705 1043 2755 aut
1067 2695 1204 2778 promis„-

89 2779 214 2840 sionem
251 2779 378 2840 differat
404 2777 597 2861 adimpleret
630 2779 849 2860 quodcunque
882 2778 922 2840 de
957 2777 1114 2861 promisso
1150 2771 1203 2840 vel

86 2875 240 2923 consueto
281 2861 398 2936 debet,
437 2859 486 2920 rei
526 2859 656 2920 domiuo
685 2861 719 2920 in
750 2860 884 2943 duplum
909 2863 1063 2926 exsolvat.
1121 2859 1202 2921 Nam

86 2944 112 3006 si
139 2944 183 3004 ita
200 2944 337 3006 reddere
354 2943 545 3025 promissum
565 2952 619 3003 aut
637 2951 827 3005 consuetum
849 2943 1029 3004 dissimulet
1046 2941 1202 3020 debitum,

87 3036 124 3087 ut
154 3027 319 3088 dominum
349 3026 397 3087 rei
425 3027 533 3107 legum
554 3035 679 3110 tempus
702 3025 872 3104 excludet,
908 3047 1010 3108 usque
1036 3025 1076 3084 ad
1108 3026 1204 3106 quin-

88 3110 243 3192 quaginta
271 3129 372 3169 annos
405 3129 475 3170 rem
507 3129 596 3168 suam
629 3129 703 3170 eum
731 3116 903 3190 augmento
933 3107 1033 3172 solius
1062 3105 1202 3186 laboris,

88 3193 177 3274 quod
199 3191 269 3252 illie
296 3191 376 3253 fecit
386 3235 396 3270 ,
411 3189 552 3257 amittat.

178 3371 343 3452 T1r011.
394 3375 453 3454 De
491 3372 789 3468 quinquagenarii
826 3373 880 3446 eti
907 3373 1118 3446 tricennalis

437 3475 612 3567 temporis
645 3476 855 3544 intentione.

156 3598 184 3667 I.
226 3599 274 3660 Ne
298 3589 372 3684 post
401 3601 626 3683 quinquaginta
654 3622 753 3661 annos
778 3613 879 3662 sortes
910 3600 1061 3662 Gothicae
1087 3601 1135 3662 vel

382 3683 538 3743 Romanae
560 3683 695 3767 amplias
719 3696 910 3767 repetantur.

173 3767 282 3829 Sortes
305 3765 460 3827 Gothicae
487 3774 519 3824 et
540 3766 721 3838 Romanae,
748 3786 831 3846 quae
858 3765 941 3828 intra
966 3766 1203 3851 quinquaginta

91 3867 214 3925 annos,
251 3869 317 3908 non
342 3849 467 3909 fuerint
496 3857 681 3926 revocatae,
708 3848 921 3909 nullomodo
952 3859 1151 3932 repetantur.
1191 3923 1194 3928 1

142 3965 183 4030 11.
225 3965 273 4024 Ne
305 3965 462 4048 mancipia
482 3961 625 4044 fugitiva
647 3977 720 4048 post
738 3966 964 4047 quinquaginta
987 3987 1086 4030 annos
1109 3965 1156 4028 acl
1188 4022 1191 4032 ,

254 4109 258 4119 ἡ
451 4049 615 4106 servitiam
646 4060 838 4112 revocentur.
1167 4093 1194 4128 -2,

87 4165 91 4170 -
174 4127 336 4212 Manoipia
358 4127 512 4210 fugitiva,
546 4150 628 4210 quae
652 4130 737 4190 intra
765 4131 1000 4214 qninquaginta
1023 4131 1203 4199 anausim

93 4217 189 4274 venta
220 4232 287 4275 non
308 4212 450 4290 fuerint,
479 4232 546 4272 non
569 4211 667 4276 liceat
693 4213 734 4276 ad
759 4214 939 4280 servitium·
957 4237 1194 4302 respuere-mnf
