2648 4874
260 296 367 370 Laors
386 293 684 351 ursroornoaun·
703 291 770 351 tn.
791 292 843 351 ιιι.
861 295 935 354 aar.
955 295 1018 348 ru.
1120 281 1197 354 472

88 438 121 500 tis
141 435 273 497 indiciis
300 434 411 497 talium
439 432 600 495 scelerum
628 431 776 495 mandata
804 431 986 497 deferentes
1014 435 1195 515 patuerint,

86 519 222 580 cumeis
245 516 341 578 etiam
363 540 380 576 a
402 511 520 600 quibus¹
536 512 622 575 missi
643 515 776 592 fuerint,
798 512 913 575 iudicis
936 513 1085 578 instantia
1107 540 1196 580 com-

103 598 258 677 rehensi,
283 598 407 660 ineius
429 605 584 680 potestate
606 597 790 678 tradantur,
813 594 903 655 cuins
925 615 1058 658 uxorem
1081 603 1133 664 vel
1156 603 1195 660 fi.
1270 639 1273 646 .

81 626 166 762 iiam,
179 683 234 745 vel
256 702 405 764 sponsam
427 673 613 742 sollicitasse
635 698 669 738 re
683 679 858 737 veriuntur:
881 683 915 738 ut
937 678 986 738 illi
1003 701 1131 766 quoque
1155 683 1195 743 de

81 767 129 830 his
151 765 242 848 quod
263 763 402 825 voluerit
423 763 463 824 sit
483 758 648 822 iudicandi
671 702 811 836 iilsertas,
829 781 925 840 quem
948 761 1126 846 coniugalis
1148 785 1197 825 or·

82 850 133 926 do,
156 850 210 910 vel
233 845 407 928 parentalis
435 841 673 928 propinquitas,
694 840 791 902 huius
811 841 951 903 ultorem
980 845 1124 908 criminis
1150 845 1196 908 le·

82 931 197 1015 galiter
219 948 288 990 esse
311 929 515 1004 demonstrat.
548 926 608 986 llle
631 946 760 1006 quoque
783 923 838 1005 qui
858 925 1002 1020 puellam
1023 926 1196 1012 ingenuam

81 1016 132 1075 vel
153 1013 283 1074 viduam
303 1009 421 1091 absque
440 1007 526 1091 regia
548 1003 688 1067 iussione
704 1006 815 1068 marito
835 1007 993 1070 violenter
1008 1031 1196 1094 praesump-

80 1096 182 1159 serint
201 1093 341 1169 tradere,
362 1092 506 1174 quinque
529 1088 625 1150 libras
646 1088 715 1148 auri
740 1087 781 1164 ei,
805 1088 856 1149 cui
876 1089 940 1151 vim
959 1092 1116 1169 fecerint,
1138 1116 1196 1154 eo-

81 1189 202 1262 guntur
231 1174 413 1240 exsolveret
448 1181 481 1236 et
506 1170 690 1232 huiusmodi
712 1171 916 1254 coniugium,
941 1173 967 1235 si
988 1173 1108 1240 mulier
1129 1175 1195 1238 dis-

84 1260 206 1323 sentire
227 1256 389 1342 probatur,
410 1253 535 1325 irritum
557 1251 767 1316 nihilominus
788 1253 953 1317 habeatur.

358 1370 432 1437 xlt.
492 1391 554 1432 ane.
595 1387 662 1432 ees.
701 1391 788 1432 aens.
830 1392 902 1436 aar.

80 1488 131 1549 De
152 1485 295 1566 ingenuis
318 1495 410 1564 utque
435 1483 545 1559 servis,
573 1502 651 1564 qrsos
671 1485 705 1542 in
727 1495 819 1565 raptu
836 1483 987 1544 interesse
1011 1490 1196 1550 eonstiterit.

164 1568 230 1647 Qui
257 1567 291 1628 in
317 1586 351 1626 ra
375 1574 412 1626 tu
432 1563 615 1630 interfuisse
640 1565 862 1646 cognoscitur,
892 1565 920 1626 si
945 1565 1028 1626 liber
1048 1580 1116 1648 est,
1139 1593 1197 1632 sex

83 1649 152 1713 auri
174 1648 287 1710 uncias
308 1589 431 1724 reddat,
455 1655 487 1708 et
507 1646 741 1730 quinquaginta
763 1646 843 1708 ictus
865 1645 1067 1730 flagellorum
1110 1652 1198 1713 uhlis

83 1757 120 1798 ee
144 1743 295 1794 extensus
315 1729 460 1812 accipiat.
500 1729 581 1790 Nam
603 1727 629 1790 si
651 1750 760 1791 servus
780 1729 895 1811 fuerit,
927 1739 959 1791 et
981 1730 1049 1792 sine
1095 1733 1195 1794 omini

82 1817 246 1880 voluntate
270 1813 335 1872 hoe
356 1810 487 1887 fecerit,
518 1811 554 1873 C.
582 1810 711 1896 publice
743 1811 870 1894 flagella
896 1811 1056 1896 suscipiat.
1100 1817 1196 1894 Quod

84 1900 109 1960 si
130 1917 240 1960 servus
262 1895 295 1954 in
316 1903 410 1976 raptu
432 1893 614 1955 interfuerit
644 1915 716 1954 cum
739 1892 862 1954 domini
882 1893 1067 1975 voluntate,
1091 1897 1196 1959 domi-

84 2003 144 2042 nus
166 1979 210 2040 ita
229 1997 288 2064 pro
311 1998 350 2040 eo
373 1985 563 2061 componat,
594 1973 677 2040 sicut
705 1984 738 2037 et
767 1976 808 2038 de
834 1977 983 2060 ingenuis
1005 1987 1053 2041 est
1074 1981 1196 2043 consti·

83 2074 197 2128 tutum.

372 2175 464 2249 Tt‘r.
489 2172 558 2252 lv.
606 2173 664 2246 De
690 2173 889 2272 adulteriis.

523 2297 549 2366 1.
589 2321 740 2378 surrent.

9 2477 11 2484 ,
88 2421 125 2484 Si
141 2420 342 2493 connivente,
369 2428 424 2481 ant
446 2435 510 2482 non
534 2417 846 2578 poeninenpenxore
866 2434 938 2480 cum
965 2421 1029 2485 alio
1051 2401 1119 2485 iiro
1137 2417 1198 2485 ad.
1231 2415 1234 2426 ’

521 2511 669 2562 uterium
706 2512 760 2559 nat.

188 2584 225 2646 si
256 2583 330 2668 quis
365 2576 460 2644 uxori
490 2581 615 2643 alienae
651 2579 845 2641 adulterium
884 2581 1032 2648 intulerit
1069 2583 1198 2650 violen.

86 2679 146 2748 ter,
168 2667 195 2729 si
223 2665 290 2749 ipse
312 2666 439 2729 adulter
459 2664 543 2725 filios
563 2663 686 2724 habens
708 2662 868 2745 legitimos
889 2665 964 2727 talia
990 2681 1197 2752 perpetrave-

86 2752 149 2828 rit,
171 2750 242 2833 ipse,
261 2748 349 2812 solus
377 2748 498 2829 absque
520 2746 614 2806 rebus
642 2745 809 2807 addicatur
831 2747 943 2810 marito
968 2752 1120 2815 mulieris.
1163 2754 1198 2816 Si

88 2843 193 2910 autem
215 2832 299 2892 lilios
320 2829 480 2912 legitimos
502 2848 568 2888 non
590 2827 746 2905 hahuerit,
768 2829 883 2910 quibus
904 2831 1039 2896 facultas
1060 2857 1116 2896 sua
1138 2837 1198 2900 dc·-

88 2915 156 2977 beri
170 2914 321 2996 ‚legitime
342 2911 458 2995 possit,
482 2931 557 2972 cnm
578 2910 725 2970 omnibus
746 2911 843 2971 rebus
864 2911 930 2974 suis
951 2914 985 2974 in
1007 2927 1197 2999 potestatem

89 2998 193 3058 mariti
213 2994 358 3056 mulieris
381 2991 548 3070 deveniat,
575 2991 664 3056 utin
688 2991 755 3054 eius
776 3002 931 3075 potestate
953 2997 1103 3061 vindicta¹
1117 3023 1198 3062 con-

91 3081 186 3142 sistat.
229 3077 325 3156 Quod
349 3075 376 3138 si
404 3074 548 3137 mulieris
574 3073 683 3136 fuerit.
700 3075 831 3136 fortasse
860 3097 1052 3162 consensus,
1081 3084 1195 3147 marino

90 3159 201 3225 similis
223 3161 264 3224 sit
284 3167 423 3243 potestas
451 3158 491 3221 de
511 3156 563 3219 his
582 3155 724 3218 faciendi
745 3157 834 3240 quod
852 3160 969 3243 placet·

529 3272 572 3335 H.
614 3291 763 3346 sarrana,

143 3393 183 3456 Si
197 3389 308 3488 puella
329 3387 384 3451 nel
401 3385 514 3449 mulier
535 3383 719 3470 disponsata
740 3384 935 3449 adulterasse
956 3393 1143 3475 reperietur.

171 3476 207 3536 Sl
231 3473 317 3534 inter
345 3491 497 3554 sponsum
523 3478 556 3530 et
583 3487 716 3550 sponsae
748 3479 915 3563 parentes,
945 3483 1096 3536 anteum
1127 3479 1197 3558 ipsa

89 3556 223 3620 forsitan
245 3555 403 3631 muliere,
425 3571 507 3634 quae
538 3549 572 3610 in
595 3572 653 3612 suo
676 3551 821 3612 consistit
842 3552 993 3631 arbitrio,
1016 3555 1091 3618 dato
1119 3555 1196 3641 pre.

91 3640 159 3718 cio,
194 3647 227 3700 et
253 3638 339 3699 sieut
374 3634 574 3698 consuetudo
599 3642 676 3710 est,
716 3641 790 3692 ante
828 3640 925 3696 testes
955 3638 1040 3698 facto
1076 3640 1196 3723 placito

92 3724 263 3784 defuturo
286 3716 453 3812 coniugio,
482 3725 537 3776 aut
567 3736 642 3778 eum
667 3713 854 3796 parentibus
881 3715 970 3791 eius,
1002 3719 1116 3800 quibus
1143 3725 1198 3786 131

89 3813 280 3888 potestatem
302 3801 431 3877 tribuit,
465 3799 548 3858 facta
576 3795 676 3858 fuerit
704 3793 869 3869 definitio,
901 3805 933 3857 et
956 3811 1066 3880 postea
1087 3808 1198 3888 puella

92 3887 143 3950 vel
163 3885 282 3947 mulier
302 3879 496 3946 adulterium
518 3879 711 3946 commisisse
735 3877 909 3959 detegatur,
926 3891 980 3940 aut
995 3885 1128 3957 fortasse
1147 3891 1198 3950 al.

90 3967 150 4032 teri
172 3968 241 4030 viro
264 3987 296 4029 se
319 3963 540 4046 disperdisse,
561 3961 614 4022 xel
644 3959 677 4018 in
701 3957 850 4041 coniugio
875 3961 1011 4024 sociasse
1033 3967 1195 4050 probatur,

87 4071 250 4123 ‚unacum
277 4047 424 4109 adultero
446 4044 510 4105 sive
540 4041 658 4104 iniusto
682 4041 816 4117 marito,
846 4043 898 4102 vel
921 4066 1038 4127 sponso
1062 4050 1196 4132 illicito,
1295 4036 1303 4052 „

91 4153 188 4216 quem
213 4130 274 4195 sibi
296 4139 407 4192 contra
426 4125 567 4209 priorem
589 4123 812 4220 definitionem
833 4124 954 4187 sociare
975 4133 1197 4219 praesumpsit,

94 4215 126 4276 in
146 4223 301 4300 potestate
322 4208 440 4296 prioris
459 4208 625 4274 tradantur
645 4226 765 4292 sponsi,
787 4225 862 4269 eum
886 4210 982 4272 rebus
1005 4214 1069 4276 suis
1091 4217 1198 4305 omn}-
