2640 4838
98 243 175 322 700
248 285 251 294 ·
472 259 641 316 eurcrmr
668 260 848 318 nominis

93 411 138 461 rte
150 401 271 472 indisso
291 399 394 454 mittite
407 399 552 468 judicium.
589 403 671 456 iuxta
687 410 803 472 vestram
817 401 1027 472 professionem,
1049 413 1079 460 et
1095 405 1229 460 rumifer-

93 475 239 536 tationem,
259 471 394 526 Martiuus
413 481 570 543 permaneat
586 474 705 536 tacitus,
733 483 761 526 et
777 483 941 538 contentus,
961 477 1102 528 strenus
1119 493 1230 546 perma-

92 556 160 604 neat
173 561 293 606 imerus,
317 543 434 607 solutus,
454 551 483 595 et
496 544 639 596 indemnis.
677 544 773 597 Senior
786 545 894 609 Comes,
914 545 1012 612 rogatis
1029 547 1122 599 facere
1142 566 1227 601 unam
1254 539 1256 550 '

93 617 236 672 noticiam.
275 617 357 678 Rogo.
1134 643 1140 652 -

165 685 284 740 Martiae
301 693 329 736 te
344 681 467 750 appellat
484 683 596 746 Petrus,
623 685 700 754 quod
716 684 774 754 ipse
796 682 935 738 interfecit
953 693 1059 756 patrem
1073 693 1175 750 tuum,
1198 696 1227 740 et

93 756 229 813 ferentini
246 752 489 823 compositionem,
515 754 586 804 etei
608 756 698 807 fecisti
718 753 968 824 perdonationem,
996 765 1024 808 et
1046 757 1162 824 jurasti;
1198 769 1229 812 et

92 827 289 880 revendicandi
306 841 388 876 casrsa
406 822 569 875 interfecisti
588 824 695 877 fratrem
714 843 801 878 suum.
845 830 917 889 Aut,
947 845 995 896 pro
1017 829 1116 896 plaga,
1142 846 1227 898 quam

93 900 162 952 feeit
178 897 231 951 tibi
247 897 276 948 in
288 894 389 963 capitu,
413 894 486 946 uude
502 903 533 946 tu
550 895 638 948 fecisti
655 897 737 948 fruens
753 897 797 960 ei,
825 897 1014 958 revindicandi
1031 916 1117 952 causa
1133 899 1225 952 fecisti

91 971 201 1041 plagam
216 985 298 1018 uuam
314 965 344 1016 in
359 980 409 1017 suo
427 964 526 1035 capite.
563 967 605 1018 De
622 975 704 1019 torto.

178 1063 323 1127 cxliv.
367 1061 402 1121 Si
430 1061 583 1158 Magister
605 1063 799 1126 Comacinus
821 1087 895 1127 cum
914 1061 1049 1146 collegis
1072 1063 1141 1125 suis
1164 1064 1225 1125 do·

93 1169 183 1210 mum
213 1145 254 1208 ad
291 1144 534 1206 restaurandam
564 1146 615 1206 vel
653 1146 872 1209 fabricandam
904 1168 1002 1230 super
1030 1167 1066 1208 sc
1099 1147 1227 1231 placito

93 1231 187 1292 finito
202 1228 241 1291 de
257 1227 404 1288 mercede
415 1229 604 1310 susceperit,
628 1238 660 1289 et
681 1231 855 1312 contigerit
876 1231 1017 1312 aliquem
1038 1251 1098 1312 per
1122 1231 1225 1314 ipsam

94 1315 247 1388 domum,
261 1319 316 1372 aut
331 1311 512 1387 materiam,
535 1321 590 1372 aut
611 1312 748 1392 lapidem
767 1314 912 1396 elapsum
928 1312 1027 1388 mori,
1044 1324 1101 1375 aut
1116 1314 1223 1396 quod·

92 1397 175 1460 libat
195 1396 351 1458 damnum
373 1393 462 1469 fieri,
487 1415 551 1454 non
574 1395 761 1475 requiratur
778 1420 796 1458 a
815 1399 967 1466 domino,
990 1395 1083 1457 ouius
1105 1398 1227 1460 domus

92 1479 210 1543 fuerit:
236 1475 472 1558 nisismagister
494 1477 684 1539 Comacinus
707 1501 782 1540 cum
802 1479 1004 1542 consortibus
1025 1479 1091 1540 suis
1114 1480 1242 1563 ipsum'

93 1561 308 1626 homicidium
338 1569 394 1623 sut
422 1559 576 1620 damnum
606 1571 785 1643 componat.
828 1562 893 1642 Qui
917 1571 1087 1642 postquam
1108 1564 1222 1624 fabula

95 1646 220 1711 firmata
243 1644 283 1704 de
305 1643 455 1704 mercede
476 1665 536 1725 pro
558 1665 616 1704 suo
638 1645 731 1706 lucro
753 1645 942 1731 susceperit,
965 1665 1031 1706 non
1054 1645 1221 1708 immerito

95 1729 255 1794 sustineat
276 1723 438 1786 domuum.
504 1727 528 1785 l.
548 1747 578 1807 9.
601 1748 630 1807 9.

100 1859 104 1864 .
177 1807 305 1872 CXLV.
350 1809 385 1868 Si
407 1807 480 1890 quis
503 1809 690 1890 Magistrum
712 1809 923 1874 Comacinum
943 1827 1046 1872 unum
1065 1819 1122 1873 aut
1150 1811 1224 1895 plu·

93 1913 152 1960 res
170 1892 344 1976 rogaverit,
366 1903 422 1954 aut
437 1891 631 1954 conduxerit
650 1896 691 1956 ad
714 1917 843 1978 operam
866 1895 1065 1973 dictandum,
1088 1904 1146 1956 aut
1166 1918 1220 1956 so-

94 1979 214 2043 lutum
229 1975 385 2038 diurnum
404 1975 632 2059 praestandum
655 1977 741 2039 inter
763 1999 837 2040 suos
860 1999 989 2054 servos,
1020 1979 1058 2038 ad
1085 1978 1223 2040 domum

94 2072 152 2126 aut
170 2081 274 2130 eneam
296 2060 356 2125 sibi
372 2059 565 2133 faciendam,
588 2067 620 2118 et
641 2061 813 2144 contigerit
833 2082 891 2143 por
912 2062 1012 2144 ipsam
1029 2083 1134 2122 casam
1157 2061 1219 2122 ali·

93 2167 192 2227 quem
210 2166 250 2205 ex
268 2143 345 2224 ipsis
359 2142 542 2202 Comacinis
560 2143 653 2219 mori,
677 2166 740 2204 non
761 2145 948 2226 requiratur
963 2143 1002 2204 ab
1018 2145 1099 2224 ipsu,
1122 2145 1224 2220 cuiue

94 2249 167 2290 casa
187 2237 248 2293 ests
286 2227 367 2286 Num
384 2227 411 2286 si
430 2225 549 2286 cadens
567 2225 678 2303 arbor,
701 2237 756 2286 aut
774 2228 855 2304 lapis
875 2249 915 2288 ex
933 2228 998 2309 ipsa
1019 2226 1143 2287 fabrica
1161 2249 1222 2287 oc·-

92 2311 211 2373 ciderit
238 2310 380 2390 aliquem
403 2319 608 2385 extraneum,
639 2321 694 2371 aut
719 2310 888 2391 quodlibet
912 2311 1063 2371 damnum
1087 2309 1224 2386 fecerit„

91 2411 159 2454 non
179 2401 350 2474 reputetur
366 2392 462 2473 culpa
479 2391 645 2472 Magistr03
669 2393 725 2454 sed
744 2393 813 2472 ille,
836 2391 893 2476 qui
912 2393 1087 2472 conduxit,
1109 2393 1222 2477 ipsum

94 2475 248 2538 damnum
269 2473 436 2534 sustineat.
499 2477 526 2538 Ι.
548 2496 577 2555 9.
605 2495 649 2540 ιο.

180 2555 325 2620 CXLVI.
371 2557 405 2616 Si
431 2555 504 2637 quis
529 2578 631 2618 casam
658 2558 796 2620 alienam
817 2568 885 2620 asto
908 2559 1032 2633 animo,
1059 2559 1151 2638 quod
1172 2567 1220 2620 est

86 2639 279 2706 uoluntarie
301 2638 503 2716 incenderit,
534 2639 569 2698 in
595 2641 694 2716 triplo
722 2663 809 2721 earn,
847 2642 936 2722 quod
962 2652 1010 2704 est
1032 2643 1092 2702 sub
1119 2641 1224 2702 tertia

91 2722 315 2786 aestimatione
338 2720 433 2803 pretii
456 2744 530 2782 cum
547 2723 713 2799 omnibus,
745 2747 827 2806 quae
850 2725 894 2786 ibi
920 2734 1059 2785 cremata
1080 2725 1222 2804 fuerint,

20 2857 24 2864 ,
91 2806 274 2871 secundum
303 2805 392 2884 quod
417 2804 519 2864 vicini
547 2803 694 2868 homines
722 2806 826 2867 bonae
855 2808 929 2868 fidei
949 2808 1223 2889 appretiaverint,

93 2897 265 2968 restauret⁸¹
304 2887 345 2948 Et
368 2886 394 2948 si
420 2888 528 2968 aliqua
550 2888 589 2948 de
611 2887 691 2966 hoc,
721 2889 808 2971 quod
826 2891 1020 2952 intrinsecus
1039 2901 1221 2952 crematum
1264 2937 1268 2948 ,

94 2982 153 3052 est,
176 2982 245 3033 orta
264 2971 365 3032 fuerit
386 2970 536 3046 intentio,
557 2982 637 3032 tunc
657 2971 713 3032 ille
736 2972 793 3053 qui
814 2974 966 3032 damnum
985 2973 1136 3056 pertulit,
1170 2975 1220 3043 iu-

92 3065 181 3118 ratus
201 3055 297 3130 dicat,
320 3061 479 3136 quantum
499 3053 531 3112 in
555 3054 667 3114 eadem
684 3077 753 3114 casa
776 3057 972 3134 perdiderit,
1005 3065 1036 3114 et
1054 3057 1165 3116 omnia
1183 3066 1221 3117 ut

94 3141 299 3214 dictumest,
334 3139 367 3197 in
389 3137 487 3218 triplo
515 3139 731 3209 restituentur
753 3137 792 3198 ab
817 3139 894 3218 illo,
925 3138 982 3221 qui
1005 3139 1069 3198 hoc
1093 3142 1223 3201 malum

92 3222 277 3287 voluntarie
299 3220 543 3302 perpetraverit.
607 3221 633 3281 l.
659 3243 754 3301 19..1.
802 3287 803 3294 ,

163 3323 245 3359 sonu.
281 3305 359 3356 Petro
377 3313 406 3355 tc
424 3305 546 3372 appellat
565 3304 709 3366 Martinus,
731 3303 805 3374 quod
823 3305 880 3374 ipse
900 3305 984 3358 habet
1002 3311 1103 3357 certam
1123 3321 1228 3374 suspe«

90 3375 212 3438 'cioncm,
234 3375 309 3444 quod
322 3375 476 3427 voluntarie
491 3373 637 3427 incendisti
655 3393 735 3426 unam
752 3391 827 3426 suam
844 3393 943 3438 cusam,
963 3393 1035 3446 quac
1049 3374 1164 3427 valebat
1185 3376 1222 3425 li-

92 3447 155 3499 bras
176 3449 208 3500 C.
229 3464 291 3498 cum
310 3455 388 3497 tanto
410 3445 520 3505 mobili,
551 3445 754 3514 quodvalebat
772 3446 800 3495 L.
843 3446 981 3498 Dutorto.
1025 3445 1073 3498 vis
1091 3446 1116 3495 ei
1139 3446 1222 3496 adur-

92 3516 176 3570 diss?
204 3517 283 3567 Volo.
320 3517 448 3567 Wadiate
466 3533 592 3584 pugnam.
636 3516 670 3567 Et
689 3516 711 3566 si
730 3514 844 3566 dixerit:
867 3517 980 3572 incendi
997 3531 1045 3581 ego
1068 3516 1156 3584 ipsum
1174 3533 1224 3572 ca.-

93 3607 161 3650 sam,
187 3588 309 3640 sednon
324 3587 435 3638 valebat
454 3596 580 3653 tantum;
608 3593 675 3638 tunc
690 3586 803 3636 veniant
822 3586 905 3638 vicini
930 3597 957 3640 et
981 3585 1135 3638 aestiment.
1185 3590 1222 3640 lit

92 3658 114 3713 si
131 3659 243 3720 dixerit,
263 3658 339 3726 quod
353 3657 464 3710 mobilia
482 3675 537 3708 non
554 3657 655 3710 fuerint
667 3665 744 3707 tanta
762 3657 888 3723 incense-5
918 3659 939 3710 si
960 3657 1112 3730 appellator
1127 3657 1224 3712 fecere

92 3747 211 3799 pugnam
229 3731 307 3788 vult,
333 3729 426 3795 faciat.
469 3727 502 3778 Et
519 3727 539 3780 si
556 3727 672 3779 dixerit:
699 3723 754 3778 oon
779 3726 832 3778 feci
854 3745 902 3798 per
922 3746 1010 3784 meam
1028 3728 1220 3794 voluntatem3

93 3802 167 3867 joret
186 3811 249 3852 curn
271 3799 325 3850 suis
341 3797 600 3860 sacramentalibus,
627 3798 778 3852 secundum
799 3799 941 3867 quosdam.
983 3799 1051 3853 Nam
1074 3799 1149 3851 solus
1178 3817 1225 3852 se.

95 3869 219 3924 cundum
241 3869 365 3925 ualentes
385 3872 475 3938 jurare
495 3867 588 3920 dehet.

179 3962 338 4029 CXLVII.
372 3963 415 4025 Si
436 3963 509 4045 quis
538 3963 648 4028 focum
674 3984 772 4046 super
797 3985 915 4024 novem
948 3962 1048 4046 pedes
1076 3983 1097 4021 a
1123 3962 1225 4024 focu-

93 4046 157 4112 lari
191 4044 387 4128 portavcrit,
431 4057 464 4108 et
496 4046 649 4107 damnum
673 4068 714 4107 ex
741 4047 811 4129 ipso
838 4047 913 4108 foco
942 4045 1004 4108 sihi
1037 4055 1091 4105 aut
1122 4045 1225 4108 alteri

94 4137 215 4203 tactum
251 4129 370 4206 fuerit,
407 4129 474 4210 ipse
501 4128 559 4207 qni
582 4129 693 4190 focum
725 4129 820 4205 fecit,
853 4131 1005 4192 damnum
1045 4127 1224 4209 ferquido,

96 4205 206 4278 ἰιΓεεὶ
227 4212 332 4276 simile
361 4219 551 4296 componatp
573 4211 649 4276 ide‘u
667 4213 756 4299 quod
779 4215 926 4290 nolendo
944 4213 1039 4283 fecit;
1071 4209 1228 4294 etsiin·
