2684 4868
150 267 225 342 5⁵0
344 279 446 334 uncis
466 275 754 336 wrsroornonnu
772 279 837 331 urst
856 275 1083 354 r1.r1r.1u.3·

484 417 556 481 VH.
599 438 660 478 rus.
707 437 812 479 nonus.
852 439 923 480 arx.

347 531 385 592 Si
405 551 514 592 semus
533 532 667 612 ingenuo
679 530 800 614 fecerit
818 534 1044 600 contumeliam.

232 615 385 698 Quamvis
405 615 542 675 idoneus
563 635 671 675 servus
690 636 845 696 personae
868 615 970 677 nobili
990 627 1021 678 et
1041 616 1157 678 illustri
1180 620 1253 680 nni·

150 703 276 766 letenna
311 697 452 758 indebite
492 697 745 759 contumeliosus
776 708 830 760 aut
870 700 1038 762 seditiosus
1070 711 1251 781 praesumat

151 787 297 850 existere.
345 781 442 858 Quod
470 779 498 842 si
526 781 661 858 feeerit,
690 782 902 864 quadragiutn
930 782 1116 844 verberibus
1143 805 1251 845 coram

150 868 258 930 iudice
278 862 475 926 subiacebit:
511 883 623 926 servus
650 873 756 924 autem
777 863 875 926 vilior
894 865 933 930 L.
954 864 1153 946 flagellorum
1179 867 1251 927 icti-

149 951 209 1012 bus
229 947 403 1009 addicetur.
454 942 550 1018 Certe
572 945 597 1007 si
616 946 726 1007 eadem
746 967 905 1028 persona,
927 956 964 1008 nt
984 947 1047 1008 sibi
1065 947 1157 1008 fieret
1177 969 1253 1009 con·

150 1030 301 1106 tumelia‚
331 1048 460 1092 servum
487 1029 576 1112 prius
596 1028 782 1090 excitaverit
802 1030 965 1106 alienum,
987 1051 1063 1090 suae
1085 1030 1256 1112 negligen-

148 1115 212 1175 tiae
233 1112 386 1194 imputet,
406 1109 810 1194 quodoblitnshouestatis
823 1122 856 1176 et
870 1112 1064 1198 patientiae,
1084 1113 1173 1196 quod
1193 1134 1258 1177 me·

149 1197 298 1274 rebatur,
322 1216 339 1254 u
359 1214 455 1259 servo
477 1194 614 1279 excepit.

556 1341 644 1407 VIII.
692 1361 839 1416 snrrona.

411 1457 448 1520 Si
468 1460 618 1539 ingenuus
646 1458 813 1536 ingenuum
829 1457 995 1542 percutiat.

230 1543 265 1606 si
287 1543 360 1626 quis
381 1540 541 1624 ingenuus
562 1540 705 1622 ingenuo
724 1539 841 1602 vuinus
862 1537 1035 1619 inflixerit,
1057 1540 1101 1601 ita
1122 1548 1159 1601 ut
1180 1561 1255 1602 con-

150 1624 242 1688 tinuo
264 1626 321 1708 qui
342 1609 538 1708 vulneratnss
557 1623 677 1700 fuerit,
706 1622 879 1700 moriatur,
912 1643 1080 1704 percussor
1108 1646 1167 1706 pro
1194 1622 1256 1684 ho·

150 1708 282 1770 micidio
311 1716 475 1770 teneatur:
501 1715 534 1768 et
561 1705 589 1768 si
620 1705 678 1788 qui
703 1724 872 1787 percussus
892 1705 1019 1784 iuerat,
1048 1707 1155 1768 stetim
1189 1727 1253 1766 nou

150 1791 375 1872 extinguatur,
397 1809 566 1870 percussor
586 1787 759 1871 deputetur
778 1786 813 1847 in
836 1808 982 1865 carcere,
1011 1798 1066 1850 aut
1087 1798 1174 1850 certe
1196 1788 1256 1848 snb

150 1873 336 1934 fideiussore
371 1870 540 1932 habeatur:
583 1879 614 1930 et
642 1870 669 1932 si
697 1869 834 1933 evaserit
860 1872 1068 1948 vnlneratus,
1101 1891 1161 1952 pro
1189 1872 1258 1932 solu

150 1954 408 2038 praesumptione
430 1953 484 2015 det
506 1953 538 2016 ei
557 1953 676 2016 solidos
697 1952 773 2019 XX.
803 1953 919 2014 Antei
939 1973 1006 2013 non
1027 1952 1177 2022 habuerit
1198 1974 1258 2014 un·

151 2039 191 2099 de
220 2044 410 2119 componat,
438 2036 502 2102 CC.
530 2035 656 2118 flagella
684 2036 813 2118 publice
841 2044 993 2113 extensus
1019 2035 1190 2118 suscipiat,
1225 2043 1256 2096 et

150 2130 242 2180 extra
270 2119 332 2180 hoc
360 2117 624 2200 compositionem
653 2117 797 2182 vulneris
828 2117 962 2202 implere
991 2127 1144 2203 cogatur,
1173 2117 1257 2184 sient

151 2224 168 2262 a
189 2201 351 2264 indicibus
371 2200 470 2262 fuerit
490 2200 697 2267 aestimatum.

549 2377 552 2392 ·
577 2347 635 2412 IX.
676 2369 823 2425 surrent.

330 2464 368 2524 Si
389 2465 428 2542 eb
450 2467 583 2545 ingenuo
605 2486 715 2526 servus
739 2463 922 2528 debilitetur
941 2467 1080 2529 alterius.

233 2548 360 2631 Siquis
382 2549 543 2630 ingennus
564 2569 693 2610 servum
723 2548 865 2608 alienum
885 2547 997 2611 volens
1019 2549 1254 2630 debilitaverit,

152 2630 288 2695 alterum
311 2628 392 2710 paris
413 2631 519 2691 meriti
540 2653 667 2693 servum
690 2630 834 2693 eiusdem
855 2630 986 2692 domino
1008 2633 1083 2695 dare
1104 2655 1171 2695 non
1191 2655 1256 2695 mo·

151 2725 256 2777 retur:
279 2714 372 2773 illum
394 2734 472 2775 vero
495 2713 638 2779 debilem
654 2735 712 2775 sno
741 2713 847 2774 studio
869 2723 901 2775 et
921 2725 1051 2799 sumpto
1076 2717 1116 2777 ad
1138 2738 1256 2792 curan·

152 2799 248 2874 dum,
285 2796 388 2857 donec
415 2795 552 2878 recipiat
582 2796 764 2874 sanitatem,
803 2796 952 2859 retineat.
1012 2797 1128 2860 Postea
1158 2820 1255 2876 vero,

152 2880 179 2942 si
200 2873 304 2939 sanari
325 2877 483 2959 potuerit,
504 2895 563 2960 pro
583 2880 718 2940 vulnere
738 2878 926 2960 compositio
948 2879 1059 2956 detur,
1079 2887 1175 2962 prout
1188 2880 1257 2941 ins·

151 2971 220 3021 tum
241 2961 346 3022 visum
366 2959 466 3022 fuerit
485 2961 660 3022 indicanti:
683 2983 719 3024 ac
740 2961 767 3023 si
780 2969 890 3044 postea
907 2982 1016 3023 seruus
1037 2961 1167 3023 domino
1183 2962 1257 3022 red·

152 3044 246 3104 datur
266 3042 454 3117 incolumis,
478 3053 510 3104 ct
536 3066 629 3105 sunm
649 3067 778 3106 servum
799 3043 944 3127 recipiat.
993 3049 1128 3126 Insuper
1149 3053 1256 3106 antem

150 3147 210 3208 pro
232 3125 308 3187 fecti
329 3124 526 3204 temeritate,
558 3135 594 3186 ut
616 3127 746 3188 caedem
765 3127 896 3204 evadat,
933 3146 993 3208 pro
1015 3147 1054 3188 eo
1076 3125 1165 3209 quod
1191 3148 1256 3188 ser·

154 3229 229 3269 rum
251 3207 393 3269 alienum
415 3209 587 3272 vulnerare
602 3208 870 3294 praesumpserit,
909 3209 950 3271 X.
977 3208 1098 3272 solidos
1125 3209 1257 3272 domino

102 3358 105 3365 ,
151 3290 238 3360 serui
258 3293 428 3374 persolvat
962 3327 968 3334 -

591 3404 634 3468 X.
667 3425 816 3481 surmus.

432 3520 470 3581 Si
496 3541 602 3582 servus
627 3522 784 3606 percutiat
803 3521 977 3602 ingenuum.

234 3633 268 3694 Si
299 3655 410 3698 servus
440 3636 582 3718 ingenuo
610 3634 680 3698 sine
702 3634 824 3697 domiui
857 3634 997 3697 iussione
1018 3636 1259 3720 percussionem

67 3793 69 3797 y
152 3716 319 3795 intulerit,
353 3728 385 3779 et
407 3717 464 3778 ille
484 3717 602 3780 exinde
623 3719 794 3795 moriatur,
815 3739 986 3800 percussor
1004 3741 1063 3802 pro
1084 3719 1260 3781 homicidio

151 3798 323 3878 puniatur:
350 3809 383 3859 et
405 3800 431 3862 si
453 3801 510 3882 qui
535 3821 703 3882 percussus
733 3801 832 3863 fucrit
851 3800 957 3864 statim
988 3823 1054 3864 non
1083 3803 1260 3878 moriatur,

35 3873 55 3892 ⁹
153 3882 221 3974 ipse
244 3899 355 3942 servus
377 3883 533 3943 continno
554 3884 699 3945 tradatur
717 3884 752 3944 iu
775 3903 946 3946 carcerem.
1022 3885 1066 3946 Et
1098 3885 1125 3948 si
1154 3905 1262 3946 evase-

152 3969 197 4021 rit
216 3961 422 4042 vulneratus,
452 3964 509 4024 ilie
531 3965 588 4046 qui
610 3975 828 4049 percusserat,
863 3968 927 4032 CC.
948 3965 1075 4050 flogella
1096 3968 1261 4049 suscipiat.

152 4043 309 4104 Dominus
330 4045 451 4107 verosi
480 4047 640 4119 voluerit,
669 4070 727 4130 pro
754 4070 847 4110 servo
873 4071 1026 4110 summam
1054 4052 1261 4134 compositio,-

155 4123 207 4184 nis
227 4127 391 4206 exsolvat,
426 4138 583 4208 quantum
605 4145 622 4188 a
644 4130 803 4192 indicibus
835 4132 934 4193 fuerit
958 4131 1178 4196 aestimatum:
1210 4133 1259 4194 sin

72 4293 73 4300 ἵ
153 4217 259 4270 autem
282 4210 444 4288 noluerit,
472 4232 601 4274 servum
622 4235 680 4296 pro
703 4216 797 4298 culpa
818 4215 943 4276 tradere
967 4235 1033 4290 non
1054 4225 1207 4278 moretur.
