<?xml version="1.0" encoding="UTF-8"?>
<!DOCTYPE html PUBLIC "-//W3C//DTD XHTML 1.0 Transitional//EN"
    "http://www.w3.org/TR/xhtml1/DTD/xhtml1-transitional.dtd">
<html xmlns="http://www.w3.org/1999/xhtml" xml:lang="en" lang="en">
 <head>
  <title>
</title>
<meta http-equiv="Content-Type" content="text/html;charset=utf-8" />
  <meta name='ocr-system' content='tesseract 3.04.00' />
  <meta name='ocr-capabilities' content='ocr_page ocr_carea ocr_par ocr_line ocrx_word'/>
</head>
<body>
  <div class='ocr_page' id='page_1' title='image "./corpusiurisgerm00visigoog_0034.png"; bbox 0 0 2648 4874; ppageno 0'>
   <div class='ocr_carea' id='block_1_1' title="bbox 263 269 1183 352">
    <p class='ocr_par' dir='ltr' id='par_1_1' title="bbox 263 269 1183 352">
     <span class='ocr_line' id='line_1_1' title="bbox 263 269 1183 352; baseline 0.002 -8"><span class='ocrx_word' id='word_1_1' title='bbox 263 289 369 344; x_wconf 79' lang='lat' dir='ltr'>aneis</span> <span class='ocrx_word' id='word_1_2' title='bbox 383 287 682 346; x_wconf 78' lang='lat' dir='ltr'>wismornoaun</span> <span class='ocrx_word' id='word_1_3' title='bbox 699 289 766 349; x_wconf 80' lang='lat' dir='ltr'>nn.</span> <span class='ocrx_word' id='word_1_4' title='bbox 785 289 914 346; x_wconf 80' lang='lat' dir='ltr'>urm</span> <span class='ocrx_word' id='word_1_5' title='bbox 933 291 959 352; x_wconf 86' lang='lat'>1.</span> <span class='ocrx_word' id='word_1_6' title='bbox 1110 269 1183 348; x_wconf 77' lang='lat' dir='ltr'>stt</span> 
     </span>
    </p>
   </div>
   <div class='ocr_carea' id='block_1_2' title="bbox 63 429 1189 1175">
    <p class='ocr_par' dir='ltr' id='par_1_2' title="bbox 63 429 1189 1175">
     <span class='ocr_line' id='line_1_2' title="bbox 69 429 1188 514; baseline 0.003 -22"><span class='ocrx_word' id='word_1_7' title='bbox 69 429 232 512; x_wconf 89' lang='lat' dir='ltr'>aequitate</span> <span class='ocrx_word' id='word_1_8' title='bbox 251 429 466 506; x_wconf 76' lang='lat' dir='ltr'>¹defendero,</span> <span class='ocrx_word' id='word_1_9' title='bbox 506 429 604 504; x_wconf 80' lang='lat' dir='ltr'>illatis</span> <span class='ocrx_word' id='word_1_10' title='bbox 637 429 841 491; x_wconf 91' lang='lat' dir='ltr'>contendunt</span> <span class='ocrx_word' id='word_1_11' title='bbox 872 429 1188 514; x_wconf 76' lang='lat' dir='ltr'><strong>praesumptionibus</strong></span> 
     </span>
     <span class='ocr_line' id='line_1_3' title="bbox 65 513 1189 597; baseline 0.002 -23"><span class='ocrx_word' id='word_1_12' title='bbox 65 516 269 596; x_wconf 81' lang='lat' dir='ltr'>impugnare.</span> <span class='ocrx_word' id='word_1_13' title='bbox 299 515 438 594; x_wconf 86' lang='lat' dir='ltr'>Accepta</span> <span class='ocrx_word' id='word_1_14' title='bbox 461 533 597 594; x_wconf 80' lang='lat' dir='ltr'>uanique</span> <span class='ocrx_word' id='word_1_15' title='bbox 620 514 807 574; x_wconf 87' lang='lat' dir='ltr'>auctoritate</span> <span class='ocrx_word' id='word_1_16' title='bbox 830 513 1189 597; x_wconf 83' lang='lat' dir='ltr'>iudicii,praesu1nunt</span> 
     </span>
     <span class='ocr_line' id='line_1_4' title="bbox 66 595 1187 679; baseline 0.001 -23"><span class='ocrx_word' id='word_1_17' title='bbox 66 619 135 656; x_wconf 92' lang='lat' dir='ltr'>non</span> <span class='ocrx_word' id='word_1_18' title='bbox 167 597 310 656; x_wconf 88' lang='lat' dir='ltr'>debitam</span> <span class='ocrx_word' id='word_1_19' title='bbox 332 595 369 654; x_wconf 78' lang='lat' dir='ltr'>in&#39;</span> <span class='ocrx_word' id='word_1_20' title='bbox 388 595 501 657; x_wconf 86' lang='lat' dir='ltr'>alienia</span> <span class='ocrx_word' id='word_1_21' title='bbox 528 595 623 656; x_wconf 89' lang='lat' dir='ltr'>rebus</span> <span class='ocrx_word' id='word_1_22' title='bbox 653 617 803 657; x_wconf 85' lang='lat' dir='ltr'>exercere</span> <span class='ocrx_word' id='word_1_23' title='bbox 832 596 1016 674; x_wconf 78' lang='lat' dir='ltr'>licentiam,</span> <span class='ocrx_word' id='word_1_24' title='bbox 1047 607 1080 657; x_wconf 92' lang='lat' dir='ltr'>et</span> <span class='ocrx_word' id='word_1_25' title='bbox 1113 619 1187 679; x_wconf 88' lang='lat' dir='ltr'>pro·</span> 
     </span>
     <span class='ocr_line' id='line_1_5' title="bbox 64 677 1187 759; baseline 0.001 -21"><span class='ocrx_word' id='word_1_26' title='bbox 64 688 103 738; x_wconf 90' lang='lat' dir='ltr'>nt</span> <span class='ocrx_word' id='word_1_27' title='bbox 124 679 248 759; x_wconf 88' lang='lat' dir='ltr'>cuique</span> <span class='ocrx_word' id='word_1_28' title='bbox 271 677 352 739; x_wconf 89' lang='lat' dir='ltr'>libet</span> <span class='ocrx_word' id='word_1_29' title='bbox 380 700 444 738; x_wconf 93' lang='lat' dir='ltr'>non</span> <span class='ocrx_word' id='word_1_30' title='bbox 467 686 615 738; x_wconf 90' lang='lat' dir='ltr'>metuunt</span> <span class='ocrx_word' id='word_1_31' title='bbox 636 679 773 738; x_wconf 89' lang='lat' dir='ltr'>aliorum</span> <span class='ocrx_word' id='word_1_32' title='bbox 794 679 888 739; x_wconf 90' lang='lat' dir='ltr'>bouis</span> <span class='ocrx_word' id='word_1_33' title='bbox 909 680 1032 740; x_wconf 87' lang='lat' dir='ltr'>inferre</span> <span class='ocrx_word' id='word_1_34' title='bbox 1053 679 1187 759; x_wconf 88' lang='lat' dir='ltr'>dispen-</span> 
     </span>
     <span class='ocr_line' id='line_1_6' title="bbox 65 760 1186 844; baseline 0.001 -23"><span class='ocrx_word' id='word_1_35' title='bbox 65 763 121 822; x_wconf 78' lang='lat' dir='ltr'>dia</span> <span class='ocrx_word' id='word_1_36' title='bbox 145 762 264 822; x_wconf 78' lang='lat' dir='ltr'>noxiae</span> <span class='ocrx_word' id='word_1_37' title='bbox 285 760 458 841; x_wconf 87' lang='lat' dir='ltr'>potestatis.</span> <span class='ocrx_word' id='word_1_38' title='bbox 520 760 662 825; x_wconf 84' lang='lat' dir='ltr'>Proinde</span> <span class='ocrx_word' id='word_1_39' title='bbox 689 762 877 844; x_wconf 85' lang='lat' dir='ltr'>quicunque</span> <span class='ocrx_word' id='word_1_40' title='bbox 907 761 1052 824; x_wconf 85' lang='lat' dir='ltr'>iudicum</span> <span class='ocrx_word' id='word_1_41' title='bbox 1073 774 1186 822; x_wconf 86' lang='lat' dir='ltr'>contra</span> 
     </span>
     <span class='ocr_line' id='line_1_7' title="bbox 65 843 1185 927; baseline 0.001 -23"><span class='ocrx_word' id='word_1_42' title='bbox 65 845 156 905; x_wconf 90' lang='lat' dir='ltr'>iussa</span> <span class='ocrx_word' id='word_1_43' title='bbox 182 853 216 904; x_wconf 92' lang='lat' dir='ltr'>et</span> <span class='ocrx_word' id='word_1_44' title='bbox 237 845 367 904; x_wconf 85' lang='lat' dir='ltr'><strong>ordines</strong></span> <span class='ocrx_word' id='word_1_45' title='bbox 393 844 502 924; x_wconf 85' lang='lat' dir='ltr'>legum</span> <span class='ocrx_word' id='word_1_46' title='bbox 526 843 565 904; x_wconf 88' lang='lat' dir='ltr'>de</span> <span class='ocrx_word' id='word_1_47' title='bbox 592 843 705 904; x_wconf 92' lang='lat' dir='ltr'>alienis</span> <span class='ocrx_word' id='word_1_48' title='bbox 734 845 831 905; x_wconf 88' lang='lat' dir='ltr'>rebus</span> <span class='ocrx_word' id='word_1_49' title='bbox 857 844 1024 927; x_wconf 82' lang='lat' dir='ltr'>quippiam</span> <span class='ocrx_word' id='word_1_50' title='bbox 1045 845 1185 921; x_wconf 84' lang='lat' dir='ltr'>auferre,</span> 
     </span>
     <span class='ocr_line' id='line_1_8' title="bbox 66 926 1186 1010; baseline -0.001 -24"><span class='ocrx_word' id='word_1_51' title='bbox 66 928 124 987; x_wconf 85' lang='lat' dir='ltr'>vel</span> <span class='ocrx_word' id='word_1_52' title='bbox 161 928 196 985; x_wconf 92' lang='lat' dir='ltr'>in</span> <span class='ocrx_word' id='word_1_53' title='bbox 236 927 281 986; x_wconf 90' lang='lat' dir='ltr'>eis</span> <span class='ocrx_word' id='word_1_54' title='bbox 314 926 439 1008; x_wconf 89' lang='lat' dir='ltr'>aliquid</span> <span class='ocrx_word' id='word_1_55' title='bbox 473 926 607 986; x_wconf 80' lang='lat' dir='ltr'>noxium</span> <span class='ocrx_word' id='word_1_56' title='bbox 647 927 920 1010; x_wconf 78' lang='lat' dir='ltr'>praesumpserint</span> <span class='ocrx_word' id='word_1_57' title='bbox 944 945 1057 1010; x_wconf 87' lang='lat' dir='ltr'>agere,</span> <span class='ocrx_word' id='word_1_58' title='bbox 1096 926 1186 986; x_wconf 85' lang='lat' dir='ltr'>iuxta</span> 
     </span>
     <span class='ocr_line' id='line_1_9' title="bbox 65 1008 1187 1098; baseline 0 -28"><span class='ocrx_word' id='word_1_59' title='bbox 65 1031 202 1070; x_wconf 89' lang='lat' dir='ltr'>omnem</span> <span class='ocrx_word' id='word_1_60' title='bbox 220 1030 389 1070; x_wconf 84' lang='lat' dir='ltr'>censuram</span> <span class='ocrx_word' id='word_1_61' title='bbox 415 1009 566 1090; x_wconf 91' lang='lat' dir='ltr'>dampni,</span> <span class='ocrx_word' id='word_1_62' title='bbox 598 1031 661 1098; x_wconf 87' lang='lat' dir='ltr'>qua</span> <span class='ocrx_word' id='word_1_63' title='bbox 680 1019 829 1090; x_wconf 85' lang='lat' dir='ltr'>poteraut</span> <span class='ocrx_word' id='word_1_64' title='bbox 851 1008 930 1072; x_wconf 85' lang='lat' dir='ltr'>alios</span> <span class='ocrx_word' id='word_1_65' title='bbox 952 1008 1116 1082; x_wconf 85' lang='lat' dir='ltr'>iudicare,</span> <span class='ocrx_word' id='word_1_66' title='bbox 1138 1030 1187 1070; x_wconf 84' lang='lat' dir='ltr'>sc-</span> 
     </span>
     <span class='ocr_line' id='line_1_10' title="bbox 63 1090 794 1175; baseline -0.001 -20"><span class='ocrx_word' id='word_1_67' title='bbox 63 1093 190 1155; x_wconf 81' lang='lat' dir='ltr'>veritas</span> <span class='ocrx_word' id='word_1_68' title='bbox 212 1090 292 1175; x_wconf 82' lang='lat' dir='ltr'>legis</span> <span class='ocrx_word' id='word_1_69' title='bbox 315 1092 388 1152; x_wconf 91' lang='lat' dir='ltr'>illos</span> <span class='ocrx_word' id='word_1_70' title='bbox 411 1091 524 1152; x_wconf 77' lang='lat' dir='ltr'>debeat</span> <span class='ocrx_word' id='word_1_71' title='bbox 547 1092 794 1175; x_wconf 80' lang='lat' dir='ltr'>condempnare.</span> 
     </span>
    </p>
   </div>
   <div class='ocr_carea' id='block_1_3' title="bbox 318 1204 944 1274">
    <p class='ocr_par' dir='ltr' id='par_1_3' title="bbox 318 1204 944 1274">
     <span class='ocr_line' id='line_1_11' title="bbox 318 1204 944 1274; baseline 0.002 -5"><span class='ocrx_word' id='word_1_72' title='bbox 318 1204 479 1269; x_wconf 88' lang='lat' dir='ltr'>XXXIII.</span> <span class='ocrx_word' id='word_1_73' title='bbox 541 1228 603 1269; x_wconf 80' lang='lat' dir='ltr'>aas.</span> <span class='ocrx_word' id='word_1_74' title='bbox 638 1229 709 1274; x_wconf 68' lang='lat' dir='ltr'>vaaa.</span> <span class='ocrx_word' id='word_1_75' title='bbox 749 1229 835 1270; x_wconf 84' lang='lat' dir='ltr'>noos.</span> <span class='ocrx_word' id='word_1_76' title='bbox 875 1229 944 1270; x_wconf 84' lang='lat' dir='ltr'>anx.</span> 
     </span>
    </p>
   </div>
   <div class='ocr_carea' id='block_1_4' title="bbox 54 1322 1187 2379">
    <p class='ocr_par' dir='ltr' id='par_1_4' title="bbox 219 1322 1030 1405">
     <span class='ocr_line' id='line_1_12' title="bbox 219 1322 1030 1405; baseline 0.004 -23"><span class='ocrx_word' id='word_1_77' title='bbox 219 1324 269 1382; x_wconf 87' lang='lat' dir='ltr'>De</span> <span class='ocrx_word' id='word_1_78' title='bbox 296 1323 423 1403; x_wconf 78' lang='lat' dir='ltr'>hirqui</span> <span class='ocrx_word' id='word_1_79' title='bbox 447 1322 829 1405; x_wconf 78' lang='lat' dir='ltr'>regium-contempserint</span> <span class='ocrx_word' id='word_1_80' title='bbox 851 1324 1030 1391; x_wconf 85' lang='lat' dir='ltr'>iussionem.</span> 
     </span>
    </p>

    <p class='ocr_par' dir='ltr' id='par_1_5' title="bbox 54 1405 1187 2379">
     <span class='ocr_line' id='line_1_13' title="bbox 156 1405 1183 1488; baseline 0.006 -24"><span class='ocrx_word' id='word_1_81' title='bbox 156 1406 355 1485; x_wconf 86' lang='lat' dir='ltr'>Quicunque</span> <span class='ocrx_word' id='word_1_82' title='bbox 378 1406 595 1485; x_wconf 86' lang='lat' dir='ltr'>ingenuorum</span> <span class='ocrx_word' id='word_1_83' title='bbox 615 1406 735 1488; x_wconf 88' lang='lat' dir='ltr'>regiam</span> <span class='ocrx_word' id='word_1_84' title='bbox 757 1405 931 1466; x_wconf 88' lang='lat' dir='ltr'>iussionem</span> <span class='ocrx_word' id='word_1_85' title='bbox 953 1413 1183 1488; x_wconf 80' lang='lat' dir='ltr'>contempnere</span> 
     </span>
     <span class='ocr_line' id='line_1_14' title="bbox 65 1487 1185 1570; baseline 0 -22"><span class='ocrx_word' id='word_1_86' title='bbox 65 1490 253 1566; x_wconf 83' lang='lat' dir='ltr'>invenitur,</span> <span class='ocrx_word' id='word_1_87' title='bbox 272 1496 328 1546; x_wconf 90' lang='lat' dir='ltr'>ant</span> <span class='ocrx_word' id='word_1_88' title='bbox 348 1487 456 1546; x_wconf 88' lang='lat' dir='ltr'>taliter</span> <span class='ocrx_word' id='word_1_89' title='bbox 476 1509 508 1547; x_wconf 90' lang='lat' dir='ltr'>se</span> <span class='ocrx_word' id='word_1_90' title='bbox 531 1487 631 1568; x_wconf 81' lang='lat' dir='ltr'>egisse</span> <span class='ocrx_word' id='word_1_91' title='bbox 653 1487 816 1570; x_wconf 91' lang='lat' dir='ltr'>probatur,</span> <span class='ocrx_word' id='word_1_92' title='bbox 838 1490 926 1570; x_wconf 91' lang='lat' dir='ltr'>quod</span> <span class='ocrx_word' id='word_1_93' title='bbox 947 1490 1005 1550; x_wconf 91' lang='lat' dir='ltr'>sub</span> <span class='ocrx_word' id='word_1_94' title='bbox 1027 1490 1185 1550; x_wconf 86' lang='lat' dir='ltr'>callidita-</span> 
     </span>
     <span class='ocr_line' id='line_1_15' title="bbox 65 1569 1182 1651; baseline 0.002 -19"><span class='ocrx_word' id='word_1_95' title='bbox 65 1574 111 1632; x_wconf 87' lang='lat' dir='ltr'>tis</span> <span class='ocrx_word' id='word_1_96' title='bbox 128 1572 245 1650; x_wconf 85' lang='lat' dir='ltr'>aliqua</span> <span class='ocrx_word' id='word_1_97' title='bbox 277 1570 408 1630; x_wconf 77' lang='lat' dir='ltr'>fictione</span> <span class='ocrx_word' id='word_1_98' title='bbox 435 1569 592 1651; x_wconf 85' lang='lat' dir='ltr'>proponat</span> <span class='ocrx_word' id='word_1_99' title='bbox 614 1580 645 1630; x_wconf 91' lang='lat' dir='ltr'>et</span> <span class='ocrx_word' id='word_1_100' title='bbox 674 1571 760 1630; x_wconf 88' lang='lat' dir='ltr'>dicat</span> <span class='ocrx_word' id='word_1_101' title='bbox 790 1573 925 1630; x_wconf 89' lang='lat' dir='ltr'>eandem</span> <span class='ocrx_word' id='word_1_102' title='bbox 953 1574 1127 1633; x_wconf 90' lang='lat' dir='ltr'>iussionem</span> <span class='ocrx_word' id='word_1_103' title='bbox 1147 1594 1182 1634; x_wconf 86' lang='lat' dir='ltr'>se</span> 
     </span>
     <span class='ocr_line' id='line_1_16' title="bbox 67 1652 1184 1733; baseline -0.001 -19"><span class='ocrx_word' id='word_1_104' title='bbox 67 1674 135 1714; x_wconf 90' lang='lat' dir='ltr'>nec</span> <span class='ocrx_word' id='word_1_105' title='bbox 157 1654 275 1714; x_wconf 88' lang='lat' dir='ltr'>vidisse</span> <span class='ocrx_word' id='word_1_106' title='bbox 298 1674 358 1712; x_wconf 91' lang='lat' dir='ltr'>nec</span> <span class='ocrx_word' id='word_1_107' title='bbox 384 1653 559 1733; x_wconf 81' lang='lat' dir='ltr'>accepisse,</span> <span class='ocrx_word' id='word_1_108' title='bbox 583 1652 658 1712; x_wconf 87' lang='lat' dir='ltr'>dum</span> <span class='ocrx_word' id='word_1_109' title='bbox 680 1653 865 1714; x_wconf 82' lang='lat' dir='ltr'>calliditatis</span> <span class='ocrx_word' id='word_1_110' title='bbox 887 1652 983 1715; x_wconf 91' lang='lat' dir='ltr'>huius</span> <span class='ocrx_word' id='word_1_111' title='bbox 1003 1657 1090 1716; x_wconf 83' lang='lat' dir='ltr'>frona</span> <span class='ocrx_word' id='word_1_112' title='bbox 1116 1677 1184 1715; x_wconf 90' lang='lat' dir='ltr'>ma-</span> 
     </span>
     <span class='ocr_line' id='line_1_17' title="bbox 69 1734 1183 1818; baseline -0.001 -22"><span class='ocrx_word' id='word_1_113' title='bbox 69 1739 191 1798; x_wconf 88' lang='lat' dir='ltr'>nifeste</span> <span class='ocrx_word' id='word_1_114' title='bbox 213 1735 371 1818; x_wconf 89' lang='lat' dir='ltr'>patuerit:</span> <span class='ocrx_word' id='word_1_115' title='bbox 402 1734 429 1794; x_wconf 87' lang='lat' dir='ltr'>si</span> <span class='ocrx_word' id='word_1_116' title='bbox 457 1736 598 1795; x_wconf 89' lang='lat' dir='ltr'>nobilior</span> <span class='ocrx_word' id='word_1_117' title='bbox 624 1757 760 1816; x_wconf 85' lang='lat' dir='ltr'>persona</span> <span class='ocrx_word' id='word_1_118' title='bbox 788 1745 855 1812; x_wconf 90' lang='lat' dir='ltr'>est,</span> <span class='ocrx_word' id='word_1_119' title='bbox 888 1747 952 1797; x_wconf 89' lang='lat' dir='ltr'>tres</span> <span class='ocrx_word' id='word_1_120' title='bbox 983 1738 1078 1797; x_wconf 88' lang='lat' dir='ltr'>libras</span> <span class='ocrx_word' id='word_1_121' title='bbox 1111 1736 1183 1796; x_wconf 87' lang='lat' dir='ltr'>auri</span> 
     </span>
     <span class='ocr_line' id='line_1_18' title="bbox 69 1817 1183 1899; baseline -0.001 -21"><span class='ocrx_word' id='word_1_122' title='bbox 69 1820 151 1880; x_wconf 89' lang='lat' dir='ltr'>fisco</span> <span class='ocrx_word' id='word_1_123' title='bbox 181 1818 352 1899; x_wconf 84' lang='lat' dir='ltr'>persolvat.</span> <span class='ocrx_word' id='word_1_124' title='bbox 403 1817 436 1876; x_wconf 86' lang='lat' dir='ltr'>Si</span> <span class='ocrx_word' id='word_1_125' title='bbox 469 1829 575 1878; x_wconf 90' lang='lat' dir='ltr'>autem</span> <span class='ocrx_word' id='word_1_126' title='bbox 604 1819 677 1880; x_wconf 87' lang='lat' dir='ltr'>talis</span> <span class='ocrx_word' id='word_1_127' title='bbox 704 1819 744 1880; x_wconf 89' lang='lat' dir='ltr'>sit</span> <span class='ocrx_word' id='word_1_128' title='bbox 771 1818 828 1899; x_wconf 92' lang='lat' dir='ltr'>qni</span> <span class='ocrx_word' id='word_1_129' title='bbox 857 1839 922 1877; x_wconf 92' lang='lat' dir='ltr'>non</span> <span class='ocrx_word' id='word_1_130' title='bbox 951 1817 1067 1880; x_wconf 89' lang='lat' dir='ltr'>babeat</span> <span class='ocrx_word' id='word_1_131' title='bbox 1096 1819 1183 1878; x_wconf 92' lang='lat' dir='ltr'>unde</span> 
     </span>
     <span class='ocr_line' id='line_1_19' title="bbox 68 1899 1185 1982; baseline -0.004 -18"><span class='ocrx_word' id='word_1_132' title='bbox 68 1903 123 1964; x_wconf 89' lang='lat' dir='ltr'>rei</span> <span class='ocrx_word' id='word_1_133' title='bbox 146 1923 299 1962; x_wconf 89' lang='lat' dir='ltr'>summam</span> <span class='ocrx_word' id='word_1_134' title='bbox 318 1899 509 1980; x_wconf 87' lang='lat' dir='ltr'>adimpleat,</span> <span class='ocrx_word' id='word_1_135' title='bbox 532 1901 601 1961; x_wconf 90' lang='lat' dir='ltr'>sine</span> <span class='ocrx_word' id='word_1_136' title='bbox 615 1923 689 1961; x_wconf 88' lang='lat' dir='ltr'>snae</span> <span class='ocrx_word' id='word_1_137' title='bbox 713 1900 843 1960; x_wconf 87' lang='lat' dir='ltr'>infamia</span> <span class='ocrx_word' id='word_1_138' title='bbox 867 1900 1029 1982; x_wconf 87' lang='lat' dir='ltr'>dignitatis</span> <span class='ocrx_word' id='word_1_139' title='bbox 1051 1911 1185 1961; x_wconf 89' lang='lat' dir='ltr'>centnm</span> 
     </span>
     <span class='ocr_line' id='line_1_20' title="bbox 69 1981 1187 2064; baseline -0.004 -20"><span class='ocrx_word' id='word_1_140' title='bbox 69 1985 157 2046; x_wconf 85' lang='lat' dir='ltr'>ictus</span> <span class='ocrx_word' id='word_1_141' title='bbox 169 1983 304 2064; x_wconf 87' lang='lat' dir='ltr'>accipiat</span> <span class='ocrx_word' id='word_1_142' title='bbox 324 1981 534 2064; x_wconf 78' lang='lat' dir='ltr'>flagellorum.</span> <span class='ocrx_word' id='word_1_143' title='bbox 557 1983 691 2061; x_wconf 90' lang='lat' dir='ltr'>Quodsi</span> <span class='ocrx_word' id='word_1_144' title='bbox 707 1992 839 2044; x_wconf 78' lang='lat' dir='ltr'>eventus</span> <span class='ocrx_word' id='word_1_145' title='bbox 852 1983 1076 2064; x_wconf 87' lang='lat' dir='ltr'>aegritudiuis,</span> <span class='ocrx_word' id='word_1_146' title='bbox 1099 2003 1187 2042; x_wconf 88' lang='lat' dir='ltr'>com·</span> 
     </span>
     <span class='ocr_line' id='line_1_21' title="bbox 68 2063 1186 2146; baseline -0.001 -19"><span class='ocrx_word' id='word_1_147' title='bbox 68 2065 174 2127; x_wconf 86' lang='lat' dir='ltr'>motio</span> <span class='ocrx_word' id='word_1_148' title='bbox 196 2067 402 2145; x_wconf 82' lang='lat' dir='ltr'>tempestatis,</span> <span class='ocrx_word' id='word_1_149' title='bbox 422 2067 590 2128; x_wconf 87' lang='lat' dir='ltr'>inundatio</span> <span class='ocrx_word' id='word_1_150' title='bbox 612 2065 765 2142; x_wconf 87' lang='lat' dir='ltr'>fluminis,</span> <span class='ocrx_word' id='word_1_151' title='bbox 781 2065 965 2146; x_wconf 86' lang='lat' dir='ltr'>conspersio</span> <span class='ocrx_word' id='word_1_152' title='bbox 984 2063 1119 2140; x_wconf 83' lang='lat' dir='ltr'>nivium,</span> <span class='ocrx_word' id='word_1_153' title='bbox 1133 2065 1186 2126; x_wconf 81' lang='lat' dir='ltr'>vel</span> 
     </span>
     <span class='ocr_line' id='line_1_22' title="bbox 70 2146 1186 2230; baseline -0.005 -19"><span class='ocrx_word' id='word_1_154' title='bbox 70 2151 101 2211; x_wconf 88' lang='lat' dir='ltr'>si</span> <span class='ocrx_word' id='word_1_155' title='bbox 124 2149 204 2230; x_wconf 91' lang='lat' dir='ltr'>quid</span> <span class='ocrx_word' id='word_1_156' title='bbox 226 2148 412 2209; x_wconf 88' lang='lat' dir='ltr'>inevitabile</span> <span class='ocrx_word' id='word_1_157' title='bbox 434 2149 549 2210; x_wconf 82' lang='lat' dir='ltr'>noxiae</span> <span class='ocrx_word' id='word_1_158' title='bbox 571 2149 620 2210; x_wconf 89' lang='lat' dir='ltr'>rei</span> <span class='ocrx_word' id='word_1_159' title='bbox 643 2149 787 2209; x_wconf 86' lang='lat' dir='ltr'>obviasse</span> <span class='ocrx_word' id='word_1_160' title='bbox 817 2146 901 2208; x_wconf 81' lang='lat' dir='ltr'>reris</span> <span class='ocrx_word' id='word_1_161' title='bbox 932 2147 1073 2228; x_wconf 86' lang='lat' dir='ltr'>patuerit</span> <span class='ocrx_word' id='word_1_162' title='bbox 1101 2147 1186 2207; x_wconf 88' lang='lat' dir='ltr'>ludi-</span> 
     </span>
     <span class='ocr_line' id='line_1_23' title="bbox 72 2225 1184 2314; baseline -0.004 -21"><span class='ocrx_word' id='word_1_163' title='bbox 72 2232 145 2308; x_wconf 88' lang='lat' dir='ltr'>ciis,</span> <span class='ocrx_word' id='word_1_164' title='bbox 168 2253 234 2290; x_wconf 91' lang='lat' dir='ltr'>nou</span> <span class='ocrx_word' id='word_1_165' title='bbox 257 2232 320 2292; x_wconf 91' lang='lat' dir='ltr'>erit</span> <span class='ocrx_word' id='word_1_166' title='bbox 337 2253 412 2292; x_wconf 87' lang='lat' dir='ltr'>reus</span> <span class='ocrx_word' id='word_1_167' title='bbox 436 2232 542 2314; x_wconf 82' lang='lat' dir='ltr'>regiae</span> <span class='ocrx_word' id='word_1_168' title='bbox 566 2230 734 2307; x_wconf 90' lang='lat' dir='ltr'>iussionis,</span> <span class='ocrx_word' id='word_1_169' title='bbox 767 2239 823 2290; x_wconf 92' lang='lat' dir='ltr'>aut</span> <span class='ocrx_word' id='word_1_170' title='bbox 843 2229 951 2290; x_wconf 89' lang='lat' dir='ltr'>damni</span> <span class='ocrx_word' id='word_1_171' title='bbox 973 2228 1107 2308; x_wconf 84' lang='lat' dir='ltr'>indicti,</span> <span class='ocrx_word' id='word_1_172' title='bbox 1130 2225 1184 2290; x_wconf 87' lang='lat' dir='ltr'>cui</span> 
     </span>
     <span class='ocr_line' id='line_1_24' title="bbox 54 2312 822 2379; baseline 0.005 -4"><span class='ocrx_word' id='word_1_173' title='bbox 54 2313 173 2376; x_wconf 86' lang='lat' dir='ltr'>&#39;obvia</span> <span class='ocrx_word' id='word_1_174' title='bbox 193 2315 257 2376; x_wconf 86' lang='lat' dir='ltr'>fuit</span> <span class='ocrx_word' id='word_1_175' title='bbox 276 2334 385 2375; x_wconf 85' lang='lat' dir='ltr'>caussa</span> <span class='ocrx_word' id='word_1_176' title='bbox 406 2315 592 2378; x_wconf 85' lang='lat' dir='ltr'>manifestae</span> <span class='ocrx_word' id='word_1_177' title='bbox 613 2312 822 2379; x_wconf 87' lang='lat' dir='ltr'>necessitatis.</span> 
     </span>
    </p>
   </div>
   <div class='ocr_carea' id='block_1_5' title="bbox 269 2429 949 2523">
    <p class='ocr_par' dir='ltr' id='par_1_6' title="bbox 269 2429 949 2523">
     <span class='ocr_line' id='line_1_25' title="bbox 269 2429 949 2523; baseline 0.007 -7"><span class='ocrx_word' id='word_1_178' title='bbox 269 2489 271 2492; x_wconf 95' lang='lat'>·</span> <span class='ocrx_word' id='word_1_179' title='bbox 307 2455 455 2523; x_wconf 86' lang='lat' dir='ltr'>XXXIV.</span> <span class='ocrx_word' id='word_1_180' title='bbox 517 2479 581 2523; x_wconf 83' lang='lat' dir='ltr'>rna.</span> <span class='ocrx_word' id='word_1_181' title='bbox 623 2477 688 2516; x_wconf 82' lang='lat' dir='ltr'>ens.</span> <span class='ocrx_word' id='word_1_182' title='bbox 730 2429 838 2523; x_wconf 76' lang='lat' dir='ltr'>naias.</span> <span class='ocrx_word' id='word_1_183' title='bbox 879 2478 949 2522; x_wconf 84' lang='lat' dir='ltr'>anx.</span> 
     </span>
    </p>
   </div>
   <div class='ocr_carea' id='block_1_6' title="bbox 63 2567 1216 4307">
    <p class='ocr_par' dir='ltr' id='par_1_7' title="bbox 69 2567 1216 2816">
     <span class='ocr_line' id='line_1_26' title="bbox 69 2567 1216 2655; baseline 0.001 -26"><span class='ocrx_word' id='word_1_184' title='bbox 69 2569 193 2629; x_wconf 78' lang='lat' dir='ltr'>Deliis</span> <span class='ocrx_word' id='word_1_185' title='bbox 212 2571 267 2652; x_wconf 85' lang='lat' dir='ltr'>qni</span> <span class='ocrx_word' id='word_1_186' title='bbox 288 2570 327 2630; x_wconf 86' lang='lat' dir='ltr'>ob</span> <span class='ocrx_word' id='word_1_187' title='bbox 349 2571 422 2630; x_wconf 86' lang='lat' dir='ltr'>novi</span> <span class='ocrx_word' id='word_1_188' title='bbox 442 2571 602 2655; x_wconf 84' lang='lat' dir='ltr'>Principis</span> <span class='ocrx_word' id='word_1_189' title='bbox 613 2567 720 2652; x_wconf 82' lang='lat' dir='ltr'>fidem</span> <span class='ocrx_word' id='word_1_190' title='bbox 743 2569 932 2630; x_wconf 81' lang='lat' dir='ltr'>servandam</span> <span class='ocrx_word' id='word_1_191' title='bbox 954 2571 1061 2631; x_wconf 82' lang='lat' dir='ltr'>iurare</span> <span class='ocrx_word' id='word_1_192' title='bbox 1084 2567 1184 2630; x_wconf 81' lang='lat' dir='ltr'>distu-</span> <span class='ocrx_word' id='word_1_193' title='bbox 1211 2623 1216 2630; x_wconf 92' lang='lat'>.</span> 
     </span>
     <span class='ocr_line' id='line_1_27' title="bbox 93 2651 1163 2737; baseline 0.004 -27"><span class='ocrx_word' id='word_1_194' title='bbox 93 2652 211 2731; x_wconf 79' lang='lat' dir='ltr'>ierint,</span> <span class='ocrx_word' id='word_1_195' title='bbox 238 2653 293 2712; x_wconf 82' lang='lat' dir='ltr'>nel</span> <span class='ocrx_word' id='word_1_196' title='bbox 312 2651 352 2712; x_wconf 87' lang='lat' dir='ltr'>de</span> <span class='ocrx_word' id='word_1_197' title='bbox 373 2653 437 2711; x_wconf 84' lang='lat' dir='ltr'>illis</span> <span class='ocrx_word' id='word_1_198' title='bbox 458 2655 514 2735; x_wconf 78' lang='lat' dir='ltr'>qni</span> <span class='ocrx_word' id='word_1_199' title='bbox 540 2675 582 2713; x_wconf 77' lang='lat' dir='ltr'>ex</span> <span class='ocrx_word' id='word_1_200' title='bbox 604 2653 750 2714; x_wconf 81' lang='lat' dir='ltr'>Palatino</span> <span class='ocrx_word' id='word_1_201' title='bbox 774 2651 885 2736; x_wconf 85' lang='lat' dir='ltr'>officio</span> <span class='ocrx_word' id='word_1_202' title='bbox 907 2653 952 2714; x_wconf 83' lang='lat' dir='ltr'>ad</span> <span class='ocrx_word' id='word_1_203' title='bbox 977 2655 1043 2714; x_wconf 85' lang='lat' dir='ltr'>eins</span> <span class='ocrx_word' id='word_1_204' title='bbox 1065 2675 1163 2737; x_wconf 83' lang='lat' dir='ltr'>prae·</span> 
     </span>
     <span class='ocr_line' id='line_1_28' title="bbox 375 2737 870 2816; baseline 0.002 -22"><span class='ocrx_word' id='word_1_205' title='bbox 375 2737 507 2794; x_wconf 86' lang='lat' dir='ltr'>sentium</span> <span class='ocrx_word' id='word_1_206' title='bbox 529 2737 639 2795; x_wconf 83' lang='lat' dir='ltr'>venire</span> <span class='ocrx_word' id='word_1_207' title='bbox 662 2737 870 2816; x_wconf 72' lang='lat' dir='ltr'>neglexerint.</span> 
     </span>
    </p>

    <p class='ocr_par' dir='ltr' id='par_1_8' title="bbox 63 2817 1186 4307">
     <span class='ocr_line' id='line_1_29' title="bbox 157 2817 1184 2903; baseline 0.004 -27"><span class='ocrx_word' id='word_1_208' title='bbox 157 2817 237 2877; x_wconf 89' lang='lat' dir='ltr'>Cum</span> <span class='ocrx_word' id='word_1_209' title='bbox 259 2817 386 2878; x_wconf 87' lang='lat' dir='ltr'>divinae</span> <span class='ocrx_word' id='word_1_210' title='bbox 417 2818 590 2878; x_wconf 83' lang='lat' dir='ltr'>voluntatis</span> <span class='ocrx_word' id='word_1_211' title='bbox 620 2817 753 2899; x_wconf 89' lang='lat' dir='ltr'>imperio</span> <span class='ocrx_word' id='word_1_212' title='bbox 781 2817 965 2900; x_wconf 87' lang='lat' dir='ltr'>Principale</span> <span class='ocrx_word' id='word_1_213' title='bbox 991 2828 1089 2901; x_wconf 90' lang='lat' dir='ltr'>capnt</span> <span class='ocrx_word' id='word_1_214' title='bbox 1110 2841 1184 2903; x_wconf 87' lang='lat' dir='ltr'>reg-</span> 
     </span>
     <span class='ocr_line' id='line_1_30' title="bbox 69 2899 1183 2984; baseline 0.002 -24"><span class='ocrx_word' id='word_1_215' title='bbox 69 2899 173 2960; x_wconf 91' lang='lat' dir='ltr'>nandi</span> <span class='ocrx_word' id='word_1_216' title='bbox 195 2909 299 2960; x_wconf 91' lang='lat' dir='ltr'>sumat</span> <span class='ocrx_word' id='word_1_217' title='bbox 319 2911 492 2982; x_wconf 83' lang='lat' dir='ltr'>sceptrum,</span> <span class='ocrx_word' id='word_1_218' title='bbox 506 2921 569 2961; x_wconf 91' lang='lat' dir='ltr'>nou</span> <span class='ocrx_word' id='word_1_219' title='bbox 592 2900 657 2960; x_wconf 86' lang='lat' dir='ltr'>levi</span> <span class='ocrx_word' id='word_1_220' title='bbox 679 2901 816 2982; x_wconf 92' lang='lat' dir='ltr'>quisque</span> <span class='ocrx_word' id='word_1_221' title='bbox 831 2902 926 2983; x_wconf 87' lang='lat' dir='ltr'>culpa</span> <span class='ocrx_word' id='word_1_222' title='bbox 939 2903 1183 2984; x_wconf 87' lang='lat' dir='ltr'>constringitur,</span> 
     </span>
     <span class='ocr_line' id='line_1_31' title="bbox 69 2982 1184 3064; baseline -0.002 -20"><span class='ocrx_word' id='word_1_223' title='bbox 69 2983 96 3044; x_wconf 89' lang='lat' dir='ltr'>si</span> <span class='ocrx_word' id='word_1_224' title='bbox 122 2983 156 3041; x_wconf 91' lang='lat' dir='ltr'>in</span> <span class='ocrx_word' id='word_1_225' title='bbox 179 2982 249 3064; x_wconf 90' lang='lat' dir='ltr'>ipso</span> <span class='ocrx_word' id='word_1_226' title='bbox 269 3004 343 3043; x_wconf 91' lang='lat' dir='ltr'>suae</span> <span class='ocrx_word' id='word_1_227' title='bbox 365 2984 534 3058; x_wconf 85' lang='lat' dir='ltr'>electionis</span> <span class='ocrx_word' id='word_1_228' title='bbox 560 2983 737 3064; x_wconf 91' lang='lat' dir='ltr'>primordio</span> <span class='ocrx_word' id='word_1_229' title='bbox 764 2993 819 3042; x_wconf 89' lang='lat' dir='ltr'>aut</span> <span class='ocrx_word' id='word_1_230' title='bbox 847 2983 985 3061; x_wconf 87' lang='lat' dir='ltr'>iurasse,</span> <span class='ocrx_word' id='word_1_231' title='bbox 1016 2993 1051 3043; x_wconf 92' lang='lat' dir='ltr'>ut</span> <span class='ocrx_word' id='word_1_232' title='bbox 1086 2986 1184 3050; x_wconf 82' lang='lat' dir='ltr'>moris</span> 
     </span>
     <span class='ocr_line' id='line_1_32' title="bbox 70 3065 1185 3147; baseline 0.001 -21"><span class='ocrx_word' id='word_1_233' title='bbox 70 3073 129 3141; x_wconf 90' lang='lat' dir='ltr'>cst,</span> <span class='ocrx_word' id='word_1_234' title='bbox 151 3087 212 3147; x_wconf 91' lang='lat' dir='ltr'>pro</span> <span class='ocrx_word' id='word_1_235' title='bbox 238 3065 299 3126; x_wconf 88' lang='lat' dir='ltr'>fide</span> <span class='ocrx_word' id='word_1_236' title='bbox 327 3065 414 3146; x_wconf 86' lang='lat' dir='ltr'>regia</span> <span class='ocrx_word' id='word_1_237' title='bbox 442 3065 582 3135; x_wconf 88' lang='lat' dir='ltr'>differat;</span> <span class='ocrx_word' id='word_1_238' title='bbox 612 3073 666 3124; x_wconf 92' lang='lat' dir='ltr'>aut</span> <span class='ocrx_word' id='word_1_239' title='bbox 687 3065 714 3126; x_wconf 91' lang='lat' dir='ltr'>si</span> <span class='ocrx_word' id='word_1_240' title='bbox 743 3087 782 3126; x_wconf 87' lang='lat' dir='ltr'>ex</span> <span class='ocrx_word' id='word_1_241' title='bbox 805 3065 954 3127; x_wconf 91' lang='lat' dir='ltr'>Palatino</span> <span class='ocrx_word' id='word_1_242' title='bbox 983 3067 1087 3127; x_wconf 89' lang='lat' dir='ltr'>officio</span> <span class='ocrx_word' id='word_1_243' title='bbox 1111 3069 1185 3127; x_wconf 89' lang='lat' dir='ltr'>fue-</span> 
     </span>
     <span class='ocr_line' id='line_1_33' title="bbox 68 3148 1183 3230; baseline 0.004 -24"><span class='ocrx_word' id='word_1_244' title='bbox 68 3148 122 3224; x_wconf 87' lang='lat' dir='ltr'>rit,</span> <span class='ocrx_word' id='word_1_245' title='bbox 146 3148 186 3207; x_wconf 96' lang='lat' dir='ltr'>ad</span> <span class='ocrx_word' id='word_1_246' title='bbox 213 3148 356 3208; x_wconf 86' lang='lat' dir='ltr'>eiusdem</span> <span class='ocrx_word' id='word_1_247' title='bbox 379 3150 456 3212; x_wconf 83' lang='lat' dir='ltr'>nori</span> <span class='ocrx_word' id='word_1_248' title='bbox 484 3148 646 3229; x_wconf 89' lang='lat' dir='ltr'>Principis</span> <span class='ocrx_word' id='word_1_249' title='bbox 677 3148 803 3210; x_wconf 84' lang='lat' dir='ltr'>visurus</span> <span class='ocrx_word' id='word_1_250' title='bbox 830 3149 1044 3230; x_wconf 85' lang='lat' dir='ltr'>praesentiam</span> <span class='ocrx_word' id='word_1_251' title='bbox 1071 3151 1183 3210; x_wconf 86' lang='lat' dir='ltr'>venire</span> 
     </span>
     <span class='ocr_line' id='line_1_34' title="bbox 70 3229 1183 3314; baseline -0.001 -24"><span class='ocrx_word' id='word_1_252' title='bbox 70 3229 210 3295; x_wconf 82' lang='lat' dir='ltr'>desistat,</span> <span class='ocrx_word' id='word_1_253' title='bbox 253 3231 286 3288; x_wconf 88' lang='lat' dir='ltr'>Si</span> <span class='ocrx_word' id='word_1_254' title='bbox 309 3232 381 3311; x_wconf 90' lang='lat' dir='ltr'>quis</span> <span class='ocrx_word' id='word_1_255' title='bbox 402 3254 477 3294; x_wconf 86' lang='lat' dir='ltr'>sane</span> <span class='ocrx_word' id='word_1_256' title='bbox 506 3230 722 3314; x_wconf 87' lang='lat' dir='ltr'>ingenuorum</span> <span class='ocrx_word' id='word_1_257' title='bbox 753 3231 793 3291; x_wconf 93' lang='lat' dir='ltr'>de</span> <span class='ocrx_word' id='word_1_258' title='bbox 815 3229 1040 3292; x_wconf 88' lang='lat' dir='ltr'>sublimatione</span> <span class='ocrx_word' id='word_1_259' title='bbox 1063 3233 1183 3314; x_wconf 91' lang='lat' dir='ltr'>princi-</span> 
     </span>
     <span class='ocr_line' id='line_1_35' title="bbox 66 3313 1182 3394; baseline 0.004 -23"><span class='ocrx_word' id='word_1_260' title='bbox 66 3314 133 3393; x_wconf 90' lang='lat' dir='ltr'>pali</span> <span class='ocrx_word' id='word_1_261' title='bbox 157 3315 368 3394; x_wconf 87' lang='lat' dir='ltr'>cognoverit,</span> <span class='ocrx_word' id='word_1_262' title='bbox 399 3324 431 3376; x_wconf 93' lang='lat' dir='ltr'>et</span> <span class='ocrx_word' id='word_1_263' title='bbox 462 3313 538 3374; x_wconf 90' lang='lat' dir='ltr'>dum</span> <span class='ocrx_word' id='word_1_264' title='bbox 568 3313 728 3374; x_wconf 88' lang='lat' dir='ltr'>discussor</span> <span class='ocrx_word' id='word_1_265' title='bbox 760 3313 932 3374; x_wconf 88' lang='lat' dir='ltr'>iuramenti</span> <span class='ocrx_word' id='word_1_266' title='bbox 957 3313 990 3373; x_wconf 92' lang='lat' dir='ltr'>iu</span> <span class='ocrx_word' id='word_1_267' title='bbox 1020 3315 1182 3375; x_wconf 90' lang='lat' dir='ltr'>territorio</span> 
     </span>
     <span class='ocr_line' id='line_1_36' title="bbox 68 3395 1186 3479; baseline 0.004 -27"><span class='ocrx_word' id='word_1_268' title='bbox 68 3395 126 3454; x_wconf 90' lang='lat' dir='ltr'>illo</span> <span class='ocrx_word' id='word_1_269' title='bbox 150 3396 331 3473; x_wconf 90' lang='lat' dir='ltr'>accesserit,</span> <span class='ocrx_word' id='word_1_270' title='bbox 353 3397 408 3458; x_wconf 91' lang='lat' dir='ltr'>ubi</span> <span class='ocrx_word' id='word_1_271' title='bbox 436 3419 510 3458; x_wconf 90' lang='lat' dir='ltr'>eum</span> <span class='ocrx_word' id='word_1_272' title='bbox 531 3395 674 3456; x_wconf 86' lang='lat' dir='ltr'>hahitare</span> <span class='ocrx_word' id='word_1_273' title='bbox 698 3395 907 3479; x_wconf 88' lang='lat' dir='ltr'>contingerit,</span> <span class='ocrx_word' id='word_1_274' title='bbox 928 3397 1071 3476; x_wconf 87' lang='lat' dir='ltr'>quaesita</span> <span class='ocrx_word' id='word_1_275' title='bbox 1094 3419 1186 3458; x_wconf 90' lang='lat' dir='ltr'>occa-</span> 
     </span>
     <span class='ocr_line' id='line_1_37' title="bbox 67 3477 1184 3564; baseline 0.004 -27"><span class='ocrx_word' id='word_1_276' title='bbox 67 3477 158 3537; x_wconf 88' lang='lat' dir='ltr'>sione</span> <span class='ocrx_word' id='word_1_277' title='bbox 180 3501 214 3538; x_wconf 94' lang='lat' dir='ltr'>se</span> <span class='ocrx_word' id='word_1_278' title='bbox 241 3479 467 3540; x_wconf 84' lang='lat' dir='ltr'>fraudulenter</span> <span class='ocrx_word' id='word_1_279' title='bbox 497 3479 682 3556; x_wconf 87' lang='lat' dir='ltr'>distulerit,</span> <span class='ocrx_word' id='word_1_280' title='bbox 717 3480 750 3539; x_wconf 91' lang='lat' dir='ltr'>in</span> <span class='ocrx_word' id='word_1_281' title='bbox 779 3501 817 3538; x_wconf 92' lang='lat' dir='ltr'>eo</span> <span class='ocrx_word' id='word_1_282' title='bbox 848 3487 884 3538; x_wconf 94' lang='lat' dir='ltr'>ut</span> <span class='ocrx_word' id='word_1_283' title='bbox 913 3499 971 3558; x_wconf 82' lang='lat' dir='ltr'>pro</span> <span class='ocrx_word' id='word_1_284' title='bbox 1002 3480 1065 3540; x_wconf 81' lang='lat' dir='ltr'>fide</span> <span class='ocrx_word' id='word_1_285' title='bbox 1095 3481 1184 3564; x_wconf 86' lang='lat' dir='ltr'>regia</span> 
     </span>
     <span class='ocr_line' id='line_1_38' title="bbox 67 3561 1184 3644; baseline 0.001 -23"><span class='ocrx_word' id='word_1_286' title='bbox 67 3561 289 3621; x_wconf 86' lang='lat' dir='ltr'>conservanda</span> <span class='ocrx_word' id='word_1_287' title='bbox 311 3561 485 3622; x_wconf 89' lang='lat' dir='ltr'>iuramenti</span> <span class='ocrx_word' id='word_1_288' title='bbox 511 3584 543 3622; x_wconf 92' lang='lat' dir='ltr'>se</span> <span class='ocrx_word' id='word_1_289' title='bbox 565 3562 700 3623; x_wconf 86' lang='lat' dir='ltr'>viuculo</span> <span class='ocrx_word' id='word_1_290' title='bbox 722 3562 848 3642; x_wconf 82' lang='lat' dir='ltr'>alliget:</span> <span class='ocrx_word' id='word_1_291' title='bbox 879 3569 934 3620; x_wconf 89' lang='lat' dir='ltr'>aut</span> <span class='ocrx_word' id='word_1_292' title='bbox 960 3561 1034 3640; x_wconf 92' lang='lat' dir='ltr'>ille,</span> <span class='ocrx_word' id='word_1_293' title='bbox 1059 3565 1115 3644; x_wconf 93' lang='lat' dir='ltr'>qui</span> <span class='ocrx_word' id='word_1_294' title='bbox 1138 3565 1184 3625; x_wconf 88' lang='lat' dir='ltr'>si-</span> 
     </span>
     <span class='ocr_line' id='line_1_39' title="bbox 67 3643 1183 3730; baseline 0.006 -28"><span class='ocrx_word' id='word_1_295' title='bbox 67 3652 122 3702; x_wconf 89' lang='lat' dir='ltr'>cut</span> <span class='ocrx_word' id='word_1_296' title='bbox 141 3643 363 3722; x_wconf 88' lang='lat' dir='ltr'>praemisimus</span> <span class='ocrx_word' id='word_1_297' title='bbox 395 3667 435 3706; x_wconf 82' lang='lat' dir='ltr'>ex</span> <span class='ocrx_word' id='word_1_298' title='bbox 466 3645 580 3704; x_wconf 90' lang='lat' dir='ltr'>ordine</span> <span class='ocrx_word' id='word_1_299' title='bbox 605 3645 755 3706; x_wconf 88' lang='lat' dir='ltr'>Palatino</span> <span class='ocrx_word' id='word_1_300' title='bbox 775 3643 895 3719; x_wconf 87' lang='lat' dir='ltr'>fuerit,</span> <span class='ocrx_word' id='word_1_301' title='bbox 930 3644 1062 3706; x_wconf 88' lang='lat' dir='ltr'>minime</span> <span class='ocrx_word' id='word_1_302' title='bbox 1087 3648 1183 3730; x_wconf 86' lang='lat' dir='ltr'>Regis</span> 
     </span>
     <span class='ocr_line' id='line_1_40' title="bbox 66 3725 1181 3810; baseline 0.005 -26"><span class='ocrx_word' id='word_1_303' title='bbox 66 3725 232 3786; x_wconf 89' lang='lat' dir='ltr'>obtutibus</span> <span class='ocrx_word' id='word_1_304' title='bbox 261 3727 295 3786; x_wconf 89' lang='lat' dir='ltr'>se</span> <span class='ocrx_word' id='word_1_305' title='bbox 325 3729 597 3807; x_wconf 89' lang='lat' dir='ltr'>praesentandum</span> <span class='ocrx_word' id='word_1_306' title='bbox 630 3727 820 3809; x_wconf 85' lang='lat' dir='ltr'>ingesserit:</span> <span class='ocrx_word' id='word_1_307' title='bbox 860 3725 1022 3810; x_wconf 87' lang='lat' dir='ltr'>quidquid</span> <span class='ocrx_word' id='word_1_308' title='bbox 1052 3729 1091 3790; x_wconf 91' lang='lat' dir='ltr'>de</span> <span class='ocrx_word' id='word_1_309' title='bbox 1123 3752 1181 3809; x_wconf 92' lang='lat' dir='ltr'>e0,</span> 
     </span>
     <span class='ocr_line' id='line_1_41' title="bbox 65 3803 1182 3891; baseline 0.007 -27"><span class='ocrx_word' id='word_1_310' title='bbox 65 3806 117 3867; x_wconf 82' lang='lat' dir='ltr'>vel</span> <span class='ocrx_word' id='word_1_311' title='bbox 143 3807 183 3868; x_wconf 90' lang='lat' dir='ltr'>de</span> <span class='ocrx_word' id='word_1_312' title='bbox 211 3808 360 3868; x_wconf 89' lang='lat' dir='ltr'>omnibns</span> <span class='ocrx_word' id='word_1_313' title='bbox 375 3803 481 3870; x_wconf 64' lang='lat' dir='ltr'>&#39;rebus</span> <span class='ocrx_word' id='word_1_314' title='bbox 502 3809 567 3870; x_wconf 89' lang='lat' dir='ltr'>suis</span> <span class='ocrx_word' id='word_1_315' title='bbox 588 3809 776 3891; x_wconf 90' lang='lat' dir='ltr'>principalis</span> <span class='ocrx_word' id='word_1_316' title='bbox 807 3809 979 3871; x_wconf 87' lang='lat' dir='ltr'>auctoritas</span> <span class='ocrx_word' id='word_1_317' title='bbox 1000 3812 1182 3880; x_wconf 57' lang='lat' dir='ltr'>facerem</span> 
     </span>
     <span class='ocr_line' id='line_1_42' title="bbox 64 3887 1184 3971; baseline 0.009 -23"><span class='ocrx_word' id='word_1_318' title='bbox 64 3887 212 3950; x_wconf 54' lang='lat' dir='ltr'>iudicare*</span> <span class='ocrx_word' id='word_1_319' title='bbox 237 3890 402 3970; x_wconf 81' lang='lat' dir='ltr'>voluerit,</span> <span class='ocrx_word' id='word_1_320' title='bbox 431 3893 480 3952; x_wconf 91' lang='lat' dir='ltr'>sui</span> <span class='ocrx_word' id='word_1_321' title='bbox 510 3891 552 3953; x_wconf 91' lang='lat' dir='ltr'>sit</span> <span class='ocrx_word' id='word_1_322' title='bbox 581 3892 811 3953; x_wconf 87' lang='lat' dir='ltr'>incunctanter</span> <span class='ocrx_word' id='word_1_323' title='bbox 844 3891 977 3952; x_wconf 90' lang='lat' dir='ltr'>arbitrii.</span> <span class='ocrx_word' id='word_1_324' title='bbox 1032 3897 1129 3971; x_wconf 92' lang='lat' dir='ltr'>Quod</span> <span class='ocrx_word' id='word_1_325' title='bbox 1156 3898 1184 3958; x_wconf 89' lang='lat' dir='ltr'>si</span> 
     </span>
     <span class='ocr_line' id='line_1_43' title="bbox 64 3973 1183 4056; baseline 0.01 -28"><span class='ocrx_word' id='word_1_326' title='bbox 64 3981 117 4032; x_wconf 89' lang='lat' dir='ltr'>ant</span> <span class='ocrx_word' id='word_1_327' title='bbox 140 3973 309 4056; x_wconf 85' lang='lat' dir='ltr'>aegritudo</span> <span class='ocrx_word' id='word_1_328' title='bbox 332 3973 383 4033; x_wconf 89' lang='lat' dir='ltr'>illi</span> <span class='ocrx_word' id='word_1_329' title='bbox 403 3974 576 4051; x_wconf 86' lang='lat' dir='ltr'>obstiterit,</span> <span class='ocrx_word' id='word_1_330' title='bbox 599 3985 654 4034; x_wconf 93' lang='lat' dir='ltr'>aut</span> <span class='ocrx_word' id='word_1_331' title='bbox 677 3974 841 4055; x_wconf 85' lang='lat' dir='ltr'>quaelibet</span> <span class='ocrx_word' id='word_1_332' title='bbox 861 3974 1010 4055; x_wconf 92' lang='lat' dir='ltr'>publicae</span> <span class='ocrx_word' id='word_1_333' title='bbox 1035 3978 1183 4052; x_wconf 84' lang='lat' dir='ltr'>utilitatis</span> 
     </span>
     <span class='ocr_line' id='line_1_44' title="bbox 64 4054 1185 4140; baseline 0.009 -30"><span class='ocrx_word' id='word_1_334' title='bbox 64 4054 145 4115; x_wconf 90' lang='lat' dir='ltr'>actio</span> <span class='ocrx_word' id='word_1_335' title='bbox 169 4077 244 4116; x_wconf 92' lang='lat' dir='ltr'>eum</span> <span class='ocrx_word' id='word_1_336' title='bbox 265 4056 450 4134; x_wconf 89' lang='lat' dir='ltr'>retinuerit,</span> <span class='ocrx_word' id='word_1_337' title='bbox 474 4057 623 4140; x_wconf 86' lang='lat' dir='ltr'>ut·Regis</span> <span class='ocrx_word' id='word_1_338' title='bbox 645 4057 809 4118; x_wconf 89' lang='lat' dir='ltr'>obtutibus</span> <span class='ocrx_word' id='word_1_339' title='bbox 830 4078 863 4118; x_wconf 90' lang='lat' dir='ltr'>se</span> <span class='ocrx_word' id='word_1_340' title='bbox 888 4058 1074 4118; x_wconf 86' lang='lat' dir='ltr'>nullatenus</span> <span class='ocrx_word' id='word_1_341' title='bbox 1093 4082 1185 4140; x_wconf 90' lang='lat' dir='ltr'>prae-</span> 
     </span>
     <span class='ocr_line' id='line_1_45' title="bbox 63 4138 1184 4222; baseline 0.009 -28"><span class='ocrx_word' id='word_1_342' title='bbox 63 4146 189 4214; x_wconf 90' lang='lat' dir='ltr'>sentet,</span> <span class='ocrx_word' id='word_1_343' title='bbox 213 4139 290 4199; x_wconf 90' lang='lat' dir='ltr'>dnm</span> <span class='ocrx_word' id='word_1_344' title='bbox 318 4138 426 4222; x_wconf 87' lang='lat' dir='ltr'>regiae</span> <span class='ocrx_word' id='word_1_345' title='bbox 455 4139 623 4201; x_wconf 88' lang='lat' dir='ltr'>electionis</span> <span class='ocrx_word' id='word_1_346' title='bbox 652 4139 830 4202; x_wconf 89' lang='lat' dir='ltr'>sublimitas</span> <span class='ocrx_word' id='word_1_347' title='bbox 852 4139 1052 4221; x_wconf 88' lang='lat' dir='ltr'>quibuslibet</span> <span class='ocrx_word' id='word_1_348' title='bbox 1080 4143 1184 4204; x_wconf 89' lang='lat' dir='ltr'>modis</span> 
     </span>
     <span class='ocr_line' id='line_1_46' title="bbox 65 4218 1184 4307; baseline 0.006 -26"><span class='ocrx_word' id='word_1_349' title='bbox 65 4218 103 4281; x_wconf 82' lang='lat' dir='ltr'>ad</span> <span class='ocrx_word' id='word_1_350' title='bbox 125 4219 195 4286; x_wconf 85' lang='lat' dir='ltr'>eius</span> <span class='ocrx_word' id='word_1_351' title='bbox 220 4221 442 4305; x_wconf 84' lang='lat' dir='ltr'>cognitionem</span> <span class='ocrx_word' id='word_1_352' title='bbox 454 4221 661 4307; x_wconf 84' lang='lat' dir='ltr'>pervenerit,</span> <span class='ocrx_word' id='word_1_353' title='bbox 685 4223 791 4285; x_wconf 83' lang='lat' dir='ltr'>statim</span> <span class='ocrx_word' id='word_1_354' title='bbox 812 4243 872 4307; x_wconf 88' lang='lat' dir='ltr'>per</span> <span class='ocrx_word' id='word_1_355' title='bbox 893 4245 983 4285; x_wconf 89' lang='lat' dir='ltr'>suam</span> <span class='ocrx_word' id='word_1_356' title='bbox 1003 4221 1184 4288; x_wconf 81' lang='lat' dir='ltr'>iussionem</span> 
     </span>
    </p>
   </div>
   <div class='ocr_carea' id='block_1_7' title="bbox 0 0 1328 4874">
    <p class='ocr_par' dir='ltr' id='par_1_9' title="bbox 0 0 1328 4874">
     <span class='ocr_line' id='line_1_47' title="bbox 0 0 1328 4874; baseline 0 0"><span class='ocrx_word' id='word_1_357' title='bbox 0 0 1328 4874; x_wconf 95' lang='lat' dir='ltr'> </span> 
     </span>
    </p>
   </div>
  </div>
 </body>
</html>
