2640 4838
131 241 207 320 026
334 257 440 354 caess
458 255 749 315 wrsraoraonusa
766 259 831 318 tra.
850 257 901 316 xi.
918 258 995 312 rrr.
1014 255 1037 312 ι.

131 405 311 554 mperatum
331 417 503 476 accusare,
532 405 565 462 et
588 405 625 463 ut
655 396 834 462 invasorem
856 418 915 482 per
934 397 1093 462 indicium
1119 397 1243 486 legibus

198 506 290 549 reare.

132 607 173 670 V.
219 602 260 666 Ua
274 601 304 662 si
319 596 427 682 atique
440 617 517 682 pars
537 595 579 658 dc
599 597 705 680 aliquo
721 597 791 660 loco
809 610 948 682 tempore
959 597 1174 662 Romanorum
1194 621 1243 662 re·

138 715 142 722 ·
486 693 656 758 motasse,
688 681 734 741 ita
754 682 915 763 persistat.

218 766 252 829 si
281 763 502 848 quodcunque
535 773 608 824 ante
636 761 809 824 adventum
836 763 1017 823 Gothorum
1044 763 1086 825 dc
1107 764 1242 828 alicuius

129 848 224 914 fundi
239 848 306 912 iure
318 857 478 911 remotum
492 855 554 908 est:
577 854 609 907 et
619 845 660 906 ad
675 844 818 927 aliquam
830 844 1077 929 possessionem,
1096 857 1154 908 aut
1165 872 1242 911 ren-

131 933 271 1010 ditione‚
301 938 357 990 aut
387 928 578 1006 donatione,
612 938 668 991 aut
689 928 862 1007 divisione,
893 938 947 989 aut
968 929 1079 1012 aliqua
1100 942 1241 993 transac-

128 1014 218 1081 tio'ne
239 1014 428 1077 translatum
449 1022 512 1073 est:
535 1010 568 1072 id
591 1009 624 1070 in
646 1010 714 1071 eius
734 1012 849 1090 fundi,
871 1012 912 1073 ad
933 1033 1032 1093 quem
1053 1035 1071 1072 a
1092 1015 1240 1076 Romanis

128 1097 306 1178 antiquitus
328 1095 520 1177 approbatur
540 1092 749 1172 adiunctum,
784 1095 853 1155 iure
877 1095 1036 1156 consistat.
1081 1096 1166 1157 Cum
1187 1121 1240 1158 au·

128 1180 196 1240 tem
217 1176 393 1262 proprietas
414 1175 509 1238 fundi
532 1176 632 1238 nullis
656 1177 839 1239 certissimis
873 1176 971 1260 signis
1003 1186 1057 1237 aut
1086 1178 1240 1252 limitibus

127 1261 300 1346 probatur,
331 1260 411 1340 quid
434 1259 547 1321 debeat
568 1260 747 1338 observari,
780 1259 876 1341 eligat
897 1257 1057 1342 inspectio
1088 1261 1239 1339 iudicum,

127 1367 208 1428 quos
229 1341 367 1426 partium
389 1361 566 1403 consensus
588 1342 739 1424 elegerim
761 1343 805 1404 ita
820 1352 856 1402 ut
872 1341 969 1404 index
982 1364 1065 1424 quos
1089 1346 1239 1406 certiores

127 1423 293 1511 agnoverit
309 1425 362 1498 ‚vel
385 1424 537 1500 seniores,
558 1425 654 1485 faciat
675 1445 730 1486 cos
750 1436 947 1486 sacramenta
966 1426 1132 1508 praebere,
1156 1429 1239 1510 quod

126 1511 282 1574 terminos
316 1508 384 1569 sine
408 1506 476 1567 ulla
496 1506 608 1567 fraude
632 1506 928 1568 demonstraverint.
968 1509 1010 1568 Et
1030 1517 1141 1570 tamen
1166 1511 1238 1571 nul-

127 1594 179 1656 lns
201 1613 320 1654 norum
340 1588 514 1651 terminum
535 1589 606 1652 sine
629 1590 784 1652 consortis
804 1588 1001 1686 praesentia,
1022 1601 1078 1652 aut
1101 1593 1172 1654 sine
1193 1595 1237 1652 in·

124 1685 272 1760 spectore
308 1672 491 1734 constituat.
560 1671 659 1751 Quod
687 1673 714 1735 ai
742 1676 875 1736 forsrtan
903 1672 985 1733 liber
1011 1671 1075 1735 hoc
1106 1676 1236 1754 fecerit,

124 1761 278 1821 damnum
313 1753 509 1838 pervasionis
554 1753 714 1836 excipiat,
753 1756 843 1838 qnod
878 1755 1002 1838 legibus
1043 1759 1236 1820 continetur.

124 1842 168 1915 Si,
188 1862 265 1904 vero
285 1839 321 1900 id
342 1859 451 1902 semus
472 1835 634 1898 admiserit
655 1838 785 1900 domino
808 1837 993 1913 nesciente,
1025 1839 1088 1900 CC.
1111 1839 1237 1923 flagella

146 1924 253 1995 oblice
276 1931 427 1984 extensus
449 1918 605 2002 accipiat,
635 1931 672 1982 ut
700 1921 829 1982 nullum
856 1942 896 1983 ex
918 1919 981 1982 hoc
1002 1922 1237 2003 praeiudicium

123 1947 257 2079 darsiano
277 2012 490 2088 computetur.
600 2045 608 2061 .

123 2136 200 2243 tia.
222 2178 282 2248 x1.
324 2181 381 2244 os
403 2175 629 2251 ancnoris,
651 2177 837 2254 nanrers,
861 2133 1069 2257 'Moarors
1088 2181 1235 2262 arone

318 2259 627 2324 rnlnsnsanns
647 2261 1036 2325 oreomaronrnos.

293 2427 384 2498 Trr.
422 2427 453 2498 1.
513 2429 571 2498 De
606 2429 759 2499 Medicis
794 2440 832 2500 et
866 2426 1046 2522 Aegrotis.

63 2575 82 2644 J
123 2568 241 2654 1.‘¹Ne
259 2570 447 2649 ‘absentibus
468 2590 664 2672 *propinquis
685 2589 848 2660 mulierem
868 2588 1007 2653 medicus
1016 2589 1234 2676 flebotomare

581 2684 769 2754 praesumat.

203 2750 322 2812 Nullus
347 2751 493 2815 medicus
517 2752 586 2814 sine
616 2754 794 2833 praesentia
814 2753 929 2837 patris,
963 2755 1087 2834 matris,
1116 2755 1233 2833 fratris,

121 2833 200 2914 filii,
242 2843 297 2894 aut
320 2836 489 2914 avunculi,
517 2836 569 2896 vel
594 2836 817 2919 cuiuscunque
837 2836 1028 2922 propinqui,
1061 2839 1233 2901 mulierem

122 2917 296 3003 ingenuam
331 2915 535 2982 flebotomare
578 2928 775 3000 praesumat:
824 2930 960 3001 excepto
994 2920 1019 2982 si
1058 2922 1232 2984 necessitas

121 2987 286 3086 eltnerserit
308 2999 534 3081 aegritudinis,
556 3000 612 3061 nbi
634 3003 730 3061 etiam
753 3001 916 3099 contingat
938 3004 1135 3086 supradictas
1157 3025 1233 3088 per·
1258 3038 1261 3044 ·

121 3081 215 3147 sonas
238 3083 368 3143 minime
392 3085 519 3160 adesse,
545 3095 624 3145 tunc
646 3095 698 3146 aut
720 3106 826 3144 coram
847 3086 962 3148 vicinis
985 3087 1150 3166 honestis,
1180 3096 1234 3147 aut

122 3189 229 3230 coram
251 3165 350 3228 servis
372 3176 426 3227 aut
447 3166 574 3228 ancillis
595 3166 738 3245 idoneis,
767 3170 946 3229 secundum
969 3169 1157 3251 qualitatem
1178 3191 1233 3230 ae-

120 3250 303 3334 gritudinis,
326 3270 407 3330 quae
430 3250 519 3310 novit
539 3249 710 3331 impendat.
752 3251 851 3327 Quod
867 3252 892 3312 si
907 3253 1000 3313 aliter
1012 3261 1234 3337 praesumpset

117 3335 177 3411 rit,
200 3335 239 3393 X.
262 3332 383 3393 solidos
401 3332 591 3416 propinquis
613 3342 668 3393 aut
689 3333 801 3394 marito
824 3346 953 3396 coaetus
975 3335 1134 3397 exsolvat:
1158 3336 1233 3418 quia

119 3415 347 3478 difficillimum
361 3437 427 3477 non
445 3427 505 3496 est,
526 3425 562 3476 ut
583 3417 641 3477 suh
661 3417 719 3478 tali
740 3416 907 3480 occasione
929 3419 1107 3480 ludibrium
1128 3419 1234 3492 intem

119 3501 197 3560 dum
219 3500 435 3560 adhaerescat.

129 3605 145 3703 ,J
162 3587 171 3612 Γ
189 3595 251 3681 ll.
275 3613 323 3676 Ne
345 3613 484 3676 medicus
505 3613 649 3676 custodia
668 3626 806 3678 retentos
827 3616 952 3677 visitare
970 3629 1163 3701 praesumat.

38 3765 42 3772 ,
202 3695 319 3771 Nullus
350 3698 549 3758 medicorum
578 3698 633 3757 ubi
655 3697 804 3774 comites,
840 3699 977 3778 tribuni,
1012 3707 1067 3758 aut
1095 3699 1233 3778 iudices,

119 3764 175 3858 aiut
194 3774 297 3845 villici
319 3779 352 3840 in
374 3779 552 3842 custodiam
574 3780 794 3857 retruduntur,
816 3780 948 3842 introire
965 3792 1146 3865 praesumat
1162 3783 1233 3844 sine

121 3850 253 3929 custode
283 3865 437 3926 carceris:
475 3885 516 3928 nc
550 3861 600 3922 illi
627 3884 685 3946 per
717 3873 838 3924 metum
861 3864 973 3948 culpae
996 3884 1071 3925 suae
1094 3876 1236 3927 mortem

119 3937 181 4096 sipi
202 3947 246 4009 ah'
270 3948 385 4021 eodem
415 3948 593 4029 explorent.
634 3947 715 4006 Nam
743 3946 769 4007 si
798 3947 922 4029 aliquid
952 3947 1151 4009 mortiferum
1183 3949 1234 4010 his

119 4054 138 4108 a,
158 4089 162 4110 .
171 4029 414 4118 ipsismedicis
437 4031 545 4090 alatum
567 4029 618 4088 vel
641 4028 803 4089 indultum
823 4031 941 4106 fuerit,
962 4031 1099 4091 multum
1120 4031 1235 4114 publi-

120 4110 179 4201 cis,
196 4109 374 4200 fallamus
404 4111 536 4195 deperit.
579 4111 613 4173 Si
644 4112 716 4194 quis
738 4112 802 4174 hoc
823 4112 1022 4176 medicorum
1041 4135 1235 4202 praesump-

118 4190 214 4274 serit,
236 4191 428 4256 sententiam
450 4202 525 4256 cum
545 4193 668 4256 ultione
690 4194 856 4280 percipiat.
