2648 4874
137 226 214 302 440
369 243 473 304 necis
490 241 782 300 wssrsornoaun
800 241 865 296 us.
883 239 922 296 11.
940 239 1013 297 rrr.
1031 243 1056 296 1.

136 405 316 471 pauperum
341 380 498 446 divinitus
526 403 604 444 cura
630 383 796 446 commissa
820 389 886 460 est,
912 383 983 444 Deo
1009 380 1173 445 mediante
1198 393 1249 446 te-

137 479 279 547 stamur,
313 477 349 528 ut
365 466 500 526 ‚iudices
528 466 685 546 perversis
713 465 844 526 iudiciis
868 465 1004 547 populos
1028 465 1249 547 opprimentes

136 562 269 634 paterna
293 550 412 633 pietate
436 560 678 625 commoneant,
701 570 766 630 quo
785 549 868 607 male
889 548 1026 608 iudicata
1046 547 1175 609 meliori
1195 550 1249 611 de·

137 635 236 697 beent
257 632 428 694 emendare
454 631 623 693 sententia.
679 631 777 708 Quod
803 632 830 693 si
860 629 896 689 hi
922 630 978 711 qui
1003 630 1173 691 iudiciaria
1196 655 1251 714 po·

138 726 250 779 testate
267 717 470 797 funguntur,
488 723 543 773 aut
557 713 675 774 iniuste
692 712 908 774 iudicaverint
920 731 1081 791 caussam,
1100 723 1156 774 aut
1174 727 1251 794 per'-

138 820 264 862 versam
286 796 453 859 volueriut
476 795 509 855 in
532 796 694 879 quoslibet
718 797 803 857 ferre
825 797 1037 858 sententiam:
1060 806 1140 856 tnnc
1159 797 1251 879 Epis·
1272 843 1275 850 .

140 904 241 967 copns
275 881 310 940 in
344 879 436 942 cuius
460 877 523 940 hoc
562 878 727 940 territorio
760 879 884 960 agitur,
927 886 1106 940 convocato
1142 880 1250 940 iudice

139 966 209 1048 ipso
229 964 286 1045 qui
308 962 445 1024 iniustus
469 961 637 1037 asseritur,
660 970 756 1044 atque
781 960 1018 1038 sacerdotibus,
1047 961 1101 1023 vel
1124 960 1251 1024 idoneis

140 1049 212 1109 aliis
243 1044 338 1123 viris,
374 1043 541 1125 negotium
570 1043 674 1126 ipsum
712 1064 777 1103 uns
814 1065 889 1104 cum
919 1044 1047 1116 iudice,
1086 1045 1252 1105 communi

139 1127 318 1205 sententia,
348 1125 518 1187 iustissime
540 1125 735 1193 terminabit.
777 1126 875 1205 Quod
897 1127 924 1188 si
947 1147 1096 1208 perverse
1118 1138 1253 1188 conten·

139 1214 229 1272 tione
261 1209 360 1270 iudex
396 1207 463 1304 ipse
494 1217 654 1290 permotus
679 1207 829 1291 iniquum
858 1231 930 1271 ese
956 1209 1068 1271 datum,
1092 1207 1253 1273 iudicium

141 1294 332 1356 exhortante
361 1291 521 1373 Episcopo
552 1291 700 1351 uoluerit
720 1292 896 1352 reformare
933 1291 967 1350 in
998 1289 1132 1371 melius,
1173 1304 1252 1354 tunc

138 1376 300 1458 Episcopo
322 1371 382 1454 ipsi
404 1372 530 1433 licitum
551 1373 613 1434 erit
631 1372 789 1434 iudicium
809 1373 848 1436 de
864 1373 1008 1457 oppressi
1022 1393 1140 1436 caussa
1161 1377 1253 1436 eruit·

138 1468 218 1520 tere.
261 1461 311 1520 Ita
333 1464 369 1515 ut
391 1455 478 1536 quod
505 1478 524 1515 a
551 1455 658 1516 iudice
680 1456 749 1538 ipso
776 1477 924 1539 perverse
950 1456 1146 1535 iudicatum,
1173 1479 1253 1539 quo·

139 1562 204 1621 que
234 1563 250 1600 a
278 1561 311 1602 se
342 1546 522 1605 correctum
550 1537 713 1615 extiterit,
750 1539 784 1598 in
810 1539 941 1619 speciali
966 1540 1106 1599 formula
1138 1540 1252 1602 iudicii

139 1624 190 1684 sui
216 1620 331 1684 debeat
355 1621 519 1682 adnotare.
562 1620 681 1702 Sisque
709 1621 797 1682 idem
817 1622 1014 1704 Episcopus,
1037 1631 1069 1682 et
1092 1644 1168 1682 eum
1196 1624 1253 1704 qui

54 1736 58 1742 ·
140 1705 356 1788 opprimitur,
386 1713 418 1764 et
439 1703 588 1764 emissum
620 1726 638 1762 a
659 1724 692 1763 se
723 1703 761 1764 de
782 1704 924 1787 oppressi
947 1725 1057 1765 caussa
1082 1705 1252 1784 indicium,
1284 1739 1287 1748 ·

139 1787 258 1849 nostris
283 1794 436 1870 procuret
459 1786 598 1868 dirigere
625 1785 770 1848 sensibus
791 1788 1070 1869 pertractandum:
1108 1797 1144 1847 ut
1169 1812 1252 1870 quae

138 1892 213 1955 psrs
239 1869 381 1932 veritatis
413 1867 563 1928 videatur
586 1868 704 1929 habere
730 1878 864 1946 statum,
904 1869 1044 1950 glorioso
1064 1873 1253 1934 serenitatis

139 1962 268 2014 nostrae
290 1951 420 2012 oraculo
443 1951 662 2016 confirmetur.
705 1954 772 2011 Iam
790 1969 873 2029 'vero
894 1953 922 2012 si
946 1949 1046 2012 iudex
1068 1976 1162 2032 eum,
1195 1956 1252 2036 qui

138 2037 222 2096 male
238 2035 449 2117 opprimitur,
470 2034 630 2115 Episcopo
654 2034 729 2095 dare
742 2033 920 2110 distulerit,
943 2037 1106 2116 quomodo
1125 2049 1253 2099 nostrae

139 2119 261 2198 gloriae
285 2117 400 2178 debeat
420 2117 636 2198 praesentari,
659 2116 758 2178 iudex
776 2116 845 2201 ipse
867 2116 945 2179 duas
967 2115 1039 2177 suri
1065 2118 1163 2182 libras
1182 2143 1254 2183 nos·

138 2208 207 2262 trae
228 2199 350 2283 gloriae
371 2197 515 2283 partibus
537 2199 709 2281 persolvet.

453 2367 569 2432 XXXI.
590 2392 652 2432 rus.
675 2393 738 2434 eus.
760 2394 847 2436 acus.
868 2395 938 2442 unx.

190 2487 233 2550 Ut
257 2485 376 2564 index,
407 2485 436 2545 si
456 2509 476 2545 a
498 2505 680 2568 quocunque
700 2487 806 2570 suerit
826 2491 989 2571 pulsatus,
1017 2492 1147 2552 noverit
1171 2511 1204 2552 ss
1246 2475 1248 2490 ’

458 2569 581 2650 petenti
604 2569 739 2652 reddere
765 2573 930 2638 rationem.

221 2651 326 2713 Iudex
353 2650 379 2712 si
407 2673 424 2710 a
451 2670 647 2732 quacunque
677 2675 814 2734 persona
843 2653 944 2715 fuerit
974 2656 1138 2740 pulsatus,
1175 2654 1253 2718 sciat

107 2804 110 2810 ,
138 2757 171 2798 se
194 2735 247 2796 vel
277 2744 350 2795 onte
373 2733 531 2794 Comitem
553 2731 709 2812 civitatis,
745 2736 799 2797 vel
826 2747 898 2796 aute
925 2759 995 2815 eos,
1028 2759 1109 2819 quos
1133 2739 1173 2800 ad
1197 2761 1253 2799 su·

138 2841 188 2878 am
210 2838 379 2902 personam
402 2817 515 2878 Comes
545 2815 695 2898 elegerit,
725 2819 884 2878 rationem
915 2820 1134 2901 plenissimam
1155 2820 1252 2904 legali

137 2901 252 2969 ordine
278 2899 494 2960 redditurum.
551 2897 634 2959 Sene
655 2898 680 2960 si
698 2897 785 2984 regia
806 2899 837 2959 in
851 2900 914 2960 hoc
936 2904 1065 2986 negotio
1084 2903 1184 2974 fuerit
1198 2925 1253 2984 po-

136 2982 249 3045 stulata
267 2981 471 3063 praeceptio,
499 2991 622 3041 remoto
636 2981 797 3065 Episcopo
815 2983 951 3066 aliisque
966 2987 1145 3066 iudicibus,
1163 3008 1251 3047 caus·
1290 2987 1293 2991 ’

135 3087 201 3128 sam
222 3067 280 3148 qui
300 3065 424 3125 luerint
438 3063 562 3125 iudices
582 3064 719 3124 instituti
742 3065 913 3127 terminare
932 3068 1102 3134 curabunt.
1160 3069 1202 3129 Et
1223 3067 1250 3130 si

135 3159 249 3232 coepta
270 3149 332 3208 iarn
358 3147 443 3227 apud
472 3147 612 3207 iudicem
632 3156 686 3207 aut
711 3147 819 3226 finita,
847 3171 904 3209 seu
927 3151 1012 3230 apud
1031 3151 1248 3228 sacerdotem,

134 3232 203 3294 sire
239 3230 325 3312 apud
360 3228 517 3289 Comitem
552 3228 698 3307 actione,
730 3231 911 3293 causidicus
939 3233 997 3293 ille
1024 3233 1142 3295 iterum
1176 3255 1250 3294 cum
1292 3291 1298 3301 x

133 3313 237 3396 regali
259 3311 400 3374 iussione
430 3313 638 3387 occurrerit,
663 3311 688 3373 is
721 3313 776 3393 qui
807 3336 948 3376 caussam
975 3315 1117 3376 iudicare
1143 3315 1250 3398 coepit

133 3419 193 3458 seu
227 3395 351 3471 finivit,
397 3394 460 3455 illis
492 3394 540 3455 rei
566 3402 669 3476 gestae
698 3395 884 3457 redditurus
913 3405 961 3459 est
984 3398 1161 3476 rationem,
1192 3399 1248 3480 qui

131 3499 192 3562 per
219 3478 346 3559 regium
379 3475 545 3538 decretum
571 3477 710 3540 instituti
733 3487 808 3538 suut
832 3479 972 3541 iudices:
1007 3491 1185 3561 quatenus,
1220 3481 1247 3542 si

132 3561 215 3621 male
242 3559 399 3620 iudicasse
422 3559 646 3636 convincitur,
676 3560 766 3621 iuxta
787 3562 875 3643 leges
908 3562 1079 3624 satisfaciat
1104 3563 1246 3646 petitori.

132 3644 229 3702 Certe
251 3643 277 3702 si
299 3641 418 3701 iniuste
441 3642 542 3702 suerit
563 3642 754 3733 adpexutus,
788 3640 886 3728 legali
908 3666 942 3707 se
970 3646 1100 3712 noverit
1125 3647 1246 3732 petitor

130 3725 293 3794 sententia
321 3725 579 3807 dampnaturnm.

481 3899 616 3968 XXXII.
639 3924 701 3964 rus.
722 3923 809 3983 scus.
829 3924 898 3966 aux.

235 4031 238 4038 ·
296 4014 345 4074 De
371 4013 516 4098 dampnis
535 4016 674 4078 iudicum
695 4019 798 4082 atiena
824 4019 1076 4100 contingentium.

213 4097 295 4158 Cum
322 4108 449 4159 constet
478 4099 601 4160 iudices
629 4121 738 4160 caussa
764 4102 981 4164 remediorum
1010 4125 1077 4164 esse
1101 4111 1241 4177 creatos,

129 4177 262 4262 quidm
295 4201 336 4244 ex
370 4180 512 4267 hisper
549 4182 747 4245 contrarium
782 4185 872 4268 quod
909 4185 1095 4249 debuerunt
1129 4185 1261 4252 iudicii-
