2684 4868
130 233 209 308 608
331 253 435 312 assis
455 255 748 314 wssrooraoanu
765 258 832 312 sm.
860 259 906 313 rx,
939 259 1012 316 rsr.
1032 259 1070 318 11.

122 396 330 482 acceperint,
358 396 408 458 illi
430 395 487 480 qni
513 417 587 458 eum
608 397 844 474 relaxaverint,
864 400 1004 463 reddant
1030 421 1089 482 pro
1113 423 1153 464 eo
1179 403 1247 466 Co·

122 479 196 540 miti
219 479 361 543 civitatis
377 481 505 542 solidos·
520 481 560 542 V.
602 479 815 564 Thiuplradus
833 505 911 544 rcro
934 493 1068 566 quaerat
1093 506 1153 566 per
1172 509 1248 548 een·

121 563 264 626 tenarius
296 585 392 640 suos,
420 572 454 626 et
478 564 658 624 centenarii
690 585 749 646 per
776 567 941 627 decanosr
972 567 1052 626 etsi
1077 569 1248 650 potuerint

122 666 335 728 cognoscere,
358 646 435 729 quia
458 666 515 729 per
540 667 670 728 precem
689 657 745 707 out
786 669 823 710 er
842 649 1100 731 redemptionem
1122 652 1162 710 ad
1184 652 1244 712 do·

121 751 213 796 mum
233 751 326 796 suam
346 727 579 812 confugerint,
610 737 665 790 aut
695 730 735 790 de
757 671 909 793 domnia
937 731 1063 792 hostem
1082 733 1245 816 proticisci

127 811 317 885 noluerint,
346 822 427 874 tunc
456 810 665 895 tiumphadus
692 815 876 897 praeposito
902 813 1041 878 ciuitatis
1062 827 1173 876 notum
1192 817 1245 877 fa-

122 894 199 973 ciat,
223 905 258 958 et
281 895 401 958 scribat
422 893 542 956 Comiti
573 894 712 957 civitatis
734 895 768 955 in
798 897 891 960 cuius
913 906 961 960 est
984 897 1146 961 territorio
1168 919 1245 961 eou-

120 977 274 1040 stitutus:
305 988 342 1040 ut
370 980 486 1042 Comes
513 977 651 1041 civitatis
679 977 877 1059 vindictam,
903 979 1040 1064 quaein
1062 979 1134 1062 lege
1156 981 1245 1064 posi-

123 1069 155 1121 ta
183 1071 242 1139 est,
265 1061 305 1123 de
327 1059 378 1124 his
398 1061 456 1143 qui
477 1082 536 1144 pro
551 1082 585 1122 se
606 1070 731 1142 rogant,
748 1072 804 1123 aut
820 1063 877 1145 qui
894 1085 928 1124 se
942 1061 1110 1149 redimunt
1126 1086 1144 1124 a
1161 1063 1246 1124 thiu·

117 1140 259 1226 phadis‚
289 1144 342 1206 vel
366 1143 582 1222 centenariis,
603 1151 659 1203 aut
686 1143 828 1224 decanis,
852 1146 906 1207 rel
932 1144 1035 1207 serris
1057 1145 1243 1226 dominicis,

120 1225 230 1286 omnia
252 1226 293 1288 ad
310 1226 473 1309 integrum
495 1226 630 1310 implere
651 1247 715 1286 non
740 1227 875 1296 differat.
917 1227 1015 1308 Quod
1037 1227 1065 1289 si
1087 1231 1243 1314 exegerit,

116 1319 151 1372 et
175 1308 344 1386 celaverit,
367 1320 400 1370 et
422 1308 456 1370 iu
472 1309 619 1370 notitiam
640 1331 705 1370 nou
727 1311 908 1391 protulerit,
931 1309 1040 1370 omniu
1062 1331 1145 1392 quae
1167 1334 1242 1374 exe·

35 1454 40 1460 ,
116 1390 201 1474 gerit
222 1390 257 1452 in
280 1393 501 1476 norecuplum
522 1392 646 1454 reddat.
686 1393 775 1454 Etsi
797 1405 968 1478 corruptus
990 1393 1031 1453 al)
1054 1395 1164 1478 aliquo
1186 1397 1239 1458 rel

99 1483 245 1556 'rogatus
267 1475 399 1557 exigere
424 1475 610 1552 distulerit,
637 1475 672 1536 in
705 1477 841 1558 duplum
870 1477 910 1538 de
935 1473 1065 1560 propria
1088 1478 1239 1540 facultate

115 1557 292 1620 satisfaciat
320 1557 409 1633 illis,
443 1557 501 1638 qui
530 1557 616 1620 inter
643 1580 678 1619 se
699 1558 1007 1626 haucsolutionem
1029 1559 1159 1620 fuerant
1188 1561 1240 1622 dt-

115 1639 228 1704 visuri.
271 1641 369 1718 Quod
391 1640 418 1700 si
444 1649 515 1722 post
542 1649 687 1701 exactam
713 1655 784 1703 rem
811 1651 924 1702 notum
945 1641 1015 1724 regi
1042 1663 1108 1702 non
1131 1643 1239 1720 luerit,

116 1731 153 1782 ut
175 1721 244 1804 ipse
266 1721 329 1786 lsoc
352 1722 461 1784 iubeat
481 1721 516 1784 iu
540 1721 731 1806 thiuphadio
751 1745 809 1785 sua
830 1725 884 1786 cui
902 1725 1059 1788 debeatur
1080 1724 1239 1802 dividere,

118 1811 176 1866 aut
202 1806 318 1866 Comes
340 1805 481 1868 civitatis
502 1805 639 1868 reddere
663 1808 795 1868 fortasse
825 1806 1029 1884 dissimulet,
1059 1807 1240 1893 undecupli
1284 1807 1288 1814 “

118 1887 360 1970 compositione
382 1887 428 1950 eis
449 1887 631 1950 satisfacere
657 1909 723 1950 uon
745 1902 897 1952 moretur.

5 2061 7 2068 =
117 2019 178 2088 VI.
218 2017 342 2084 Deliis
366 2025 421 2110 qui
444 2045 586 2086 annonas
612 2020 848 2084 distribuendas
877 2023 1048 2109 accipiunt,
1076 2024 1127 2086 ref
1139 2024 1240 2109 frau-

518 2106 595 2166 dare
622 2118 836 2192 praesumunt.

179 2186 271 2269 ,Hoc
291 2185 412 2252 iustum
432 2189 599 2272 elegimus,
621 2200 659 2250 ut
681 2188 902 2270 persingulas
924 2187 1070 2252 civitates
1094 2190 1147 2254 rel
1173 2213 1239 2254 cas·

115 2269 195 2333 tella
217 2263 579 2366 quicunque“erogator
600 2291 746 2332 annonae
768 2271 869 2332 fuerit
893 2273 1100 2352 constitutus,
1123 2276 1238 2336 Comes

115 2354 256 2416 civitatis
287 2357 339 2418 vel
368 2377 516 2418 annonae
541 2355 764 2435 dispensatur,
792 2376 953 2415 annonam
982 2377 1079 2434 quam
1111 2357 1156 2417 eis
1188 2365 1237 2418 est

116 2435 250 2516 daturus
272 2457 311 2496 ex
335 2437 463 2521 integro
490 2439 524 2496 in
549 2436 681 2502 civitate
710 2437 761 2497 rel
783 2436 924 2498 castellis
946 2437 1054 2498 iubeat
1075 2437 1235 2516 exhiberi,

115 2527 148 2578 et
172 2515 212 2576 ad
235 2519 397 2602 integrum
419 2519 465 2582 eis
491 2518 662 2582 restituere
684 2540 749 2578 non
773 2529 925 2584 moretur.
974 2520 1071 2598 Quod
1086 2521 1121 2581 .si
1153 2542 1235 2581 con-

114 2599 226 2681 tigerit
247 2610 284 2661 ut
307 2601 375 2684 ipse
400 2603 514 2667 Comes
546 2601 683 2662 civitatis
713 2611 767 2660 aut
789 2601 1009 2680 annonarias,
1043 2623 1102 2686 per
1128 2601 1235 2686 negli-

115 2681 257 2764 gentiam
277 2706 367 2746 suam
390 2705 454 2746 non
477 2683 610 2762 habens,
633 2693 687 2744 aut
708 2684 841 2746 forsitan
865 2683 996 2762 nolens,
1015 2706 1159 2746 annonas
1182 2705 1235 2746 eo·

115 2787 191 2826 rum
220 2765 296 2827 dare
319 2767 519 2841 dissimulet,
555 2766 674 2828 comiti
704 2766 864 2828 exercitus
893 2768 942 2829 sui
973 2769 1140 2848 querelam
1174 2768 1235 2828 de·

114 2845 283 2930 promant,
306 2851 395 2932 quod
417 2871 561 2910 annonas
582 2870 694 2909 eorum
717 2849 950 2932 dispensatores
971 2849 1097 2910 tradere
1122 2851 1236 2911 nolue-

115 2930 200 2991 rint:
232 2927 264 2993 et
288 2941 366 2994 tunc
388 2932 445 2995 ille
469 2931 668 3017 praepositus
687 2931 786 2992 hostis
807 2932 973 2993 hominem
993 2953 1087 2994 suum
1107 2932 1148 2992 ad
1174 2953 1234 2994 nos

114 3012 244 3076 mittere
268 3037 333 3076 non
365 3025 518 3082 moretur.
559 3015 608 3074 Ita
629 3024 665 3075 ut
686 3026 901 3077 numerentur
922 3016 1002 3093 dies,
1024 3036 1064 3086 es
1086 3035 1153 3095 quo
1174 3035 1230 3074 an·

115 3118 221 3158 nonae
240 3095 456 3163 eorumiuxta
478 3097 747 3161 consuetudinem
770 3097 815 3160 eis
838 3098 988 3182 impletae
1011 3118 1076 3158 non
1098 3095 1234 3158 fuerint.

114 3180 157 3240 Et
187 3177 265 3242 t'une
298 3181 366 3264 ipse
386 3183 500 3244 Comes
529 3179 669 3242 civitatis
696 3181 750 3242 rel
781 3181 979 3242 annonarias
1011 3179 1044 3239 iu
1074 3191 1235 3262 quantum

114 3265 270 3344 temporis
293 3267 338 3327 eis
355 3286 499 3326 annonas
520 3272 687 3324 consuetas
708 3263 934 3342 substraxerat,
957 3263 991 3324 in
1014 3263 1236 3346 quadruplum

116 3344 162 3405 eis
184 3347 304 3408 inritus
336 3349 376 3410 de
403 3370 460 3409 sua
486 3347 615 3429 propria
645 3345 797 3408 facultate
823 3347 979 3410 restituat.
1022 3345 1179 3408 Similiter
1201 3353 1235 3406 et

115 3427 156 3488 de
192 3427 268 3506 his,
305 3430 362 3513 qui
394 3429 429 3491 in
459 3427 651 3513 thiuphadia
687 3429 847 3491 numerati
876 3428 1031 3508 fuerint,
1069 3425 1235 3492 observari

57 3561 61 3574 .
113 3511 344 3600 praecipimus.

113 3626 191 3694 Vll.
235 3631 338 3713 Quam
358 3627 536 3693 mercedem
560 3629 695 3712 occipiat
724 3629 780 3712 qni
805 3629 964 3708 mancipio
992 3626 1041 3689 vel
1072 3624 1235 3710 quaslibet

395 3735 445 3776 res
467 3712 507 3773 de
530 3735 625 3775 manu
643 3713 742 3773 hostis
769 3714 956 3776 excresserit.

199 3795 399 3880 Quicunque
418 3797 459 3858 de
481 3796 566 3858 vitae
586 3815 662 3857 suae
683 3805 767 3856 statu
789 3795 963 3876 desperans
987 3791 1136 3853 inimicos
1158 3791 1235 3852 fue·

112 3878 162 3940 rit
179 3885 344 3962 agressus,
368 3881 412 3940 ita
437 3889 473 3940 ut
492 3878 675 3961 mancipia,
707 3879 760 3940 vel
791 3878 1012 3959 quodcunque
1044 3896 1149 3958 genus
1174 3893 1235 3956 pe·

113 3964 243 4040 cuniae,
271 3973 326 4023 aut
348 3965 484 4023 aliarum
501 3982 622 4039 rerum,
644 3952 689 4019 ab‘
712 3959 852 4022 inimicis
874 3961 974 4042 possit
1002 3966 1174 4034 excutere,
1200 3961 1235 4016 et

114 4057 221 4109 certus
244 4046 293 4107 rei
316 4046 467 4110 dominus
496 4045 582 4129 apud
610 4065 685 4104 eum
711 4043 860 4104 rideatur
892 4042 1018 4124 aliquid
1047 4058 1234 4122 agnoscere,

113 4129 156 4190 de
177 4130 224 4190 eis
250 4150 290 4190 ex
312 4137 381 4190 toto
402 4130 481 4191 duas
504 4137 610 4212 partes
639 4147 695 4208 pro
720 4125 842 4185 intuitu
862 4123 1101 4186 misericordiae
1128 4121 1235 4184 domi-

113 4233 158 4274 no
188 4221 278 4275 certo
306 4212 486 4278 restituat:
528 4209 658 4274 tertiam
689 4229 769 4272 vero
797 4217 921 4292 partem
950 4229 1014 4292 pro
1036 4204 1156 4268 laboris
1182 4203 1233 4268 sui
