<?xml version="1.0" encoding="UTF-8"?>
<!DOCTYPE html PUBLIC "-//W3C//DTD XHTML 1.0 Transitional//EN"
    "http://www.w3.org/TR/xhtml1/DTD/xhtml1-transitional.dtd">
<html xmlns="http://www.w3.org/1999/xhtml" xml:lang="en" lang="en">
 <head>
  <title>
</title>
<meta http-equiv="Content-Type" content="text/html;charset=utf-8" />
  <meta name='ocr-system' content='tesseract 3.04.00' />
  <meta name='ocr-capabilities' content='ocr_page ocr_carea ocr_par ocr_line ocrx_word'/>
</head>
<body>
  <div class='ocr_page' id='page_1' title='image "./corpusiurisgerm00visigoog_0369.png"; bbox 0 0 2632 4822; ppageno 0'>
   <div class='ocr_carea' id='block_1_1' title="bbox 119 219 943 298">
    <p class='ocr_par' dir='ltr' id='par_1_1' title="bbox 119 219 943 298">
     <span class='ocr_line' id='line_1_1' title="bbox 119 219 943 298; baseline -0.008 0"><span class='ocrx_word' id='word_1_1' title='bbox 119 219 194 298; x_wconf 83' lang='grc'><strong>776</strong></span> <span class='ocrx_word' id='word_1_2' title='bbox 417 233 635 292; x_wconf 76' lang='lat' dir='ltr'><strong>stnrrssum</strong></span> <span class='ocrx_word' id='word_1_3' title='bbox 663 235 788 292; x_wconf 77' lang='lat' dir='ltr'><strong>nacon</strong></span> <span class='ocrx_word' id='word_1_4' title='bbox 823 236 886 290; x_wconf 79' lang='lat' dir='ltr'><strong>nra.</strong></span> <span class='ocrx_word' id='word_1_5' title='bbox 909 239 943 291; x_wconf 91' lang='lat' dir='ltr'><strong>v.</strong></span> 
     </span>
    </p>
   </div>
   <div class='ocr_carea' id='block_1_2' title="bbox 115 375 1241 650">
    <p class='ocr_par' dir='ltr' id='par_1_2' title="bbox 115 375 1241 650">
     <span class='ocr_line' id='line_1_2' title="bbox 115 375 1241 447; baseline 0.001 -15"><span class='ocrx_word' id='word_1_6' title='bbox 115 411 118 418; x_wconf 68' lang='lat'><strong>,</strong></span> <span class='ocrx_word' id='word_1_7' title='bbox 189 395 269 432; x_wconf 79' lang='lat' dir='ltr'><strong>roura.</strong></span> <span class='ocrx_word' id='word_1_8' title='bbox 305 377 383 432; x_wconf 71' lang='lat' dir='ltr'><strong>Petne</strong></span> <span class='ocrx_word' id='word_1_9' title='bbox 404 379 434 428; x_wconf 85' lang='lat' dir='ltr'><strong>Ie</strong></span> <span class='ocrx_word' id='word_1_10' title='bbox 453 377 575 446; x_wconf 70' lang='lat' dir='ltr'><strong>appellat</strong></span> <span class='ocrx_word' id='word_1_11' title='bbox 594 376 738 438; x_wconf 77' lang='lat' dir='ltr'><strong>Martinus,</strong></span> <span class='ocrx_word' id='word_1_12' title='bbox 758 376 833 446; x_wconf 86' lang='lat' dir='ltr'><strong>quod</strong></span> <span class='ocrx_word' id='word_1_13' title='bbox 847 385 877 429; x_wconf 89' lang='lat' dir='ltr'><strong>tn</strong></span> <span class='ocrx_word' id='word_1_14' title='bbox 897 375 1064 447; x_wconf 80' lang='lat' dir='ltr'><strong>cappellasti</strong></span> <span class='ocrx_word' id='word_1_15' title='bbox 1086 395 1175 432; x_wconf 77' lang='lat' dir='ltr'><strong>unam</strong></span> <span class='ocrx_word' id='word_1_16' title='bbox 1198 398 1241 434; x_wconf 82' lang='lat' dir='ltr'><strong>so·</strong></span> 
     </span>
     <span class='ocr_line' id='line_1_3' title="bbox 120 446 1237 520; baseline 0 -17"><span class='ocrx_word' id='word_1_17' title='bbox 120 467 163 504; x_wconf 75' lang='lat' dir='ltr'><strong>sm</strong></span> <span class='ocrx_word' id='word_1_18' title='bbox 185 447 353 512; x_wconf 82' lang='lat' dir='ltr'><strong>stellarium,</strong></span> <span class='ocrx_word' id='word_1_19' title='bbox 381 455 429 498; x_wconf 84' lang='lat' dir='ltr'><strong>ant</strong></span> <span class='ocrx_word' id='word_1_20' title='bbox 452 447 527 513; x_wconf 90' lang='lat' dir='ltr'><strong>quod</strong></span> <span class='ocrx_word' id='word_1_21' title='bbox 546 455 578 499; x_wconf 91' lang='lat' dir='ltr'><strong>tu</strong></span> <span class='ocrx_word' id='word_1_22' title='bbox 600 446 688 501; x_wconf 79' lang='lat' dir='ltr'><strong>fecisti</strong></span> <span class='ocrx_word' id='word_1_23' title='bbox 715 447 843 500; x_wconf 82' lang='lat' dir='ltr'><strong>fossatum</strong></span> <span class='ocrx_word' id='word_1_24' title='bbox 867 447 897 499; x_wconf 84' lang='lat' dir='ltr'><strong>io</strong></span> <span class='ocrx_word' id='word_1_25' title='bbox 918 455 990 500; x_wconf 80' lang='lat' dir='ltr'><strong>terra</strong></span> <span class='ocrx_word' id='word_1_26' title='bbox 1007 465 1059 498; x_wconf 84' lang='lat' dir='ltr'><strong>sua</strong></span> <span class='ocrx_word' id='word_1_27' title='bbox 1073 457 1127 500; x_wconf 86' lang='lat' dir='ltr'><strong>aut</strong></span> <span class='ocrx_word' id='word_1_28' title='bbox 1148 467 1237 520; x_wconf 88' lang='lat' dir='ltr'><strong>sepem</strong></span> 
     </span>
     <span class='ocr_line' id='line_1_4' title="bbox 118 515 1235 590; baseline 0.004 -20"><span class='ocrx_word' id='word_1_29' title='bbox 118 520 239 572; x_wconf 81' lang='lat' dir='ltr'><strong>interra</strong></span> <span class='ocrx_word' id='word_1_30' title='bbox 265 536 323 571; x_wconf 81' lang='lat' dir='ltr'><strong>sua.</strong></span> <span class='ocrx_word' id='word_1_31' title='bbox 365 515 502 586; x_wconf 78' lang='lat' dir='ltr'><strong>Approbet</strong></span> <span class='ocrx_word' id='word_1_32' title='bbox 522 516 693 588; x_wconf 76' lang='lat' dir='ltr'><strong>appellatus,</strong></span> <span class='ocrx_word' id='word_1_33' title='bbox 720 517 796 586; x_wconf 89' lang='lat' dir='ltr'><strong>quod</strong></span> <span class='ocrx_word' id='word_1_34' title='bbox 814 534 863 571; x_wconf 84' lang='lat' dir='ltr'><strong>sua</strong></span> <span class='ocrx_word' id='word_1_35' title='bbox 881 517 923 568; x_wconf 84' lang='lat' dir='ltr'><strong>sit</strong></span> <span class='ocrx_word' id='word_1_36' title='bbox 960 515 1069 582; x_wconf 73' lang='lat' dir='ltr'><strong>Sinon</strong></span> <span class='ocrx_word' id='word_1_37' title='bbox 1089 521 1235 590; x_wconf 87' lang='lat' dir='ltr'><strong>potuerit;</strong></span> 
     </span>
     <span class='ocr_line' id='line_1_5' title="bbox 119 587 502 650; baseline -0.013 -7"><span class='ocrx_word' id='word_1_38' title='bbox 119 588 263 650; x_wconf 78' lang='lat' dir='ltr'><strong>emendet,</strong></span> <span class='ocrx_word' id='word_1_39' title='bbox 286 588 358 640; x_wconf 82' lang='lat' dir='ltr'><strong>sicut</strong></span> <span class='ocrx_word' id='word_1_40' title='bbox 375 587 420 638; x_wconf 74' lang='lat' dir='ltr'><strong>lex</strong></span> <span class='ocrx_word' id='word_1_41' title='bbox 445 594 502 638; x_wconf 86' lang='lat' dir='ltr'><strong>est.</strong></span> 
     </span>
    </p>
   </div>
   <div class='ocr_carea' id='block_1_3' title="bbox 197 647 1310 738">
    <p class='ocr_par' dir='ltr' id='par_1_3' title="bbox 197 647 1310 738">
     <span class='ocr_line' id='line_1_6' title="bbox 197 647 1310 738; baseline -0.004 -17"><span class='ocrx_word' id='word_1_42' title='bbox 197 658 307 724; x_wconf 83' lang='lat' dir='ltr'>XLVI.</span> <span class='ocrx_word' id='word_1_43' title='bbox 349 657 486 733; x_wconf 72' lang='lat' dir='ltr'>(XVII.)</span> <span class='ocrx_word' id='word_1_44' title='bbox 528 654 563 716; x_wconf 99' lang='grc' dir='ltr'>δί</span> <span class='ocrx_word' id='word_1_45' title='bbox 589 655 663 738; x_wconf 86' lang='lat' dir='ltr'><strong>quis</strong></span> <span class='ocrx_word' id='word_1_46' title='bbox 687 657 840 717; x_wconf 84' lang='lat' dir='ltr'><strong>fossatum</strong></span> <span class='ocrx_word' id='word_1_47' title='bbox 861 655 896 715; x_wconf 89' lang='lat' dir='ltr'><strong>in</strong></span> <span class='ocrx_word' id='word_1_48' title='bbox 927 651 1014 717; x_wconf 78' lang='lat' dir='ltr'><strong>terre</strong></span> <span class='ocrx_word' id='word_1_49' title='bbox 1047 657 1162 720; x_wconf 80' lang='lat' dir='ltr'><strong>aliena</strong></span> <span class='ocrx_word' id='word_1_50' title='bbox 1192 662 1236 723; x_wconf 83' lang='lat' dir='ltr'><strong>fe·</strong></span> <span class='ocrx_word' id='word_1_51' title='bbox 1309 647 1310 716; x_wconf 63' lang='lat' dir='ltr'>J</span> 
     </span>
    </p>
   </div>
   <div class='ocr_carea' id='block_1_4' title="bbox 116 737 1235 902">
    <p class='ocr_par' dir='ltr' id='par_1_4' title="bbox 116 737 1235 902">
     <span class='ocr_line' id='line_1_7' title="bbox 117 737 1235 823; baseline 0.002 -19"><span class='ocrx_word' id='word_1_52' title='bbox 117 738 215 818; x_wconf 82' lang='lat' dir='ltr'><strong>ecrit,</strong></span> <span class='ocrx_word' id='word_1_53' title='bbox 247 748 280 801; x_wconf 87' lang='lat' dir='ltr'><strong>et</strong></span> <span class='ocrx_word' id='word_1_54' title='bbox 304 759 394 801; x_wconf 87' lang='lat' dir='ltr'><strong>snam</strong></span> <span class='ocrx_word' id='word_1_55' title='bbox 424 757 490 798; x_wconf 91' lang='lat' dir='ltr'><strong>non</strong></span> <span class='ocrx_word' id='word_1_56' title='bbox 519 737 663 820; x_wconf 87' lang='lat' dir='ltr'><strong>potuerit</strong></span> <span class='ocrx_word' id='word_1_57' title='bbox 683 739 839 821; x_wconf 86' lang='lat' dir='ltr'><strong>probare,</strong></span> <span class='ocrx_word' id='word_1_58' title='bbox 868 747 1042 823; x_wconf 85' lang='lat' dir='ltr'><strong>componat</strong></span> <span class='ocrx_word' id='word_1_59' title='bbox 1064 739 1120 820; x_wconf 87' lang='lat' dir='ltr'><strong>ei,</strong></span> <span class='ocrx_word' id='word_1_60' title='bbox 1144 743 1235 806; x_wconf 88' lang='lat' dir='ltr'><strong>cuius</strong></span> 
     </span>
     <span class='ocr_line' id='line_1_8' title="bbox 116 817 685 902; baseline -0.007 -18"><span class='ocrx_word' id='word_1_61' title='bbox 116 832 203 886; x_wconf 84' lang='lat' dir='ltr'><strong>terra</strong></span> <span class='ocrx_word' id='word_1_62' title='bbox 236 821 386 899; x_wconf 79' lang='lat' dir='ltr'><strong>est‚eol.</strong></span> <span class='ocrx_word' id='word_1_63' title='bbox 408 817 468 883; x_wconf 87' lang='lat' dir='ltr'><strong>Vl.</strong></span> <span class='ocrx_word' id='word_1_64' title='bbox 532 820 558 882; x_wconf 88' lang='grc' dir='ltr'><strong>Ι.</strong></span> <span class='ocrx_word' id='word_1_65' title='bbox 587 821 685 902; x_wconf 61' lang='lat' dir='ltr'><strong>apd.</strong></span> 
     </span>
    </p>
   </div>
   <div class='ocr_carea' id='block_1_5' title="bbox 199 899 1310 998">
    <p class='ocr_par' dir='ltr' id='par_1_5' title="bbox 199 899 1310 998">
     <span class='ocr_line' id='line_1_9' title="bbox 199 899 1310 998; baseline 0.005 -32"><span class='ocrx_word' id='word_1_66' title='bbox 199 903 336 968; x_wconf 88' lang='lat' dir='ltr'>XLVII.</span> <span class='ocrx_word' id='word_1_67' title='bbox 378 899 536 977; x_wconf 80' lang='lat' dir='ltr'>(XVIII.)</span> <span class='ocrx_word' id='word_1_68' title='bbox 577 903 612 963; x_wconf 89' lang='lat' dir='ltr'><strong>si</strong></span> <span class='ocrx_word' id='word_1_69' title='bbox 636 902 709 998; x_wconf 73' lang='lat' dir='ltr'><strong>puis</strong></span> <span class='ocrx_word' id='word_1_70' title='bbox 736 901 769 962; x_wconf 91' lang='lat' dir='ltr'><strong>in</strong></span> <span class='ocrx_word' id='word_1_71' title='bbox 797 911 913 965; x_wconf 84' lang='lat' dir='ltr'><strong>terrem</strong></span> <span class='ocrx_word' id='word_1_72' title='bbox 938 902 1082 966; x_wconf 80' lang='lat' dir='ltr'><strong>alienam</strong></span> <span class='ocrx_word' id='word_1_73' title='bbox 1110 907 1234 972; x_wconf 80' lang='lat' dir='ltr'>miserit</span> <span class='ocrx_word' id='word_1_74' title='bbox 1309 899 1310 902; x_wconf 24' lang='lat'>¹</span> 
     </span>
    </p>
   </div>
   <div class='ocr_carea' id='block_1_6' title="bbox 115 983 1232 1238">
    <p class='ocr_par' dir='ltr' id='par_1_6' title="bbox 115 983 1232 1238">
     <span class='ocr_line' id='line_1_10' title="bbox 116 983 1232 1072; baseline 0.006 -24"><span class='ocrx_word' id='word_1_75' title='bbox 116 1007 243 1069; x_wconf 81' lang='lat' dir='ltr'><strong>sepem,</strong></span> <span class='ocrx_word' id='word_1_76' title='bbox 265 983 299 1046; x_wconf 70' lang='lat' dir='ltr'><strong>et</strong></span> <span class='ocrx_word' id='word_1_77' title='bbox 323 1007 412 1047; x_wconf 82' lang='lat' dir='ltr'><strong>enam</strong></span> <span class='ocrx_word' id='word_1_78' title='bbox 435 1006 499 1046; x_wconf 88' lang='lat' dir='ltr'><strong>nou</strong></span> <span class='ocrx_word' id='word_1_79' title='bbox 522 994 666 1070; x_wconf 78' lang='lat' dir='ltr'><strong>potuerit</strong></span> <span class='ocrx_word' id='word_1_80' title='bbox 689 984 843 1069; x_wconf 85' lang='lat' dir='ltr'><strong>probaro,</strong></span> <span class='ocrx_word' id='word_1_81' title='bbox 866 996 1038 1072; x_wconf 77' lang='lat' dir='ltr'><strong>componat</strong></span> <span class='ocrx_word' id='word_1_82' title='bbox 1063 987 1119 1072; x_wconf 85' lang='lat' dir='ltr'><strong>ei,</strong></span> <span class='ocrx_word' id='word_1_83' title='bbox 1141 991 1232 1055; x_wconf 87' lang='lat' dir='ltr'><strong>cuius</strong></span> 
     </span>
     <span class='ocr_line' id='line_1_11' title="bbox 115 1067 643 1150; baseline -0.002 -21"><span class='ocrx_word' id='word_1_84' title='bbox 115 1076 202 1130; x_wconf 82' lang='lat' dir='ltr'><strong>terra</strong></span> <span class='ocrx_word' id='word_1_85' title='bbox 231 1077 298 1145; x_wconf 83' lang='lat' dir='ltr'><strong>est,</strong></span> <span class='ocrx_word' id='word_1_86' title='bbox 319 1069 378 1134; x_wconf 87' lang='lat' dir='ltr'><strong>sol.</strong></span> <span class='ocrx_word' id='word_1_87' title='bbox 403 1071 460 1134; x_wconf 91' lang='lat' dir='ltr'><strong>Vl.</strong></span> <span class='ocrx_word' id='word_1_88' title='bbox 503 1067 529 1134; x_wconf 86' lang='grc' dir='ltr'><strong>Ι.</strong></span> <span class='ocrx_word' id='word_1_89' title='bbox 551 1088 600 1150; x_wconf 72' lang='lat'><strong>27.</strong></span> <span class='ocrx_word' id='word_1_90' title='bbox 621 1067 643 1128; x_wconf 91' lang='lat'><strong>6</strong></span> 
     </span>
     <span class='ocr_line' id='line_1_12' title="bbox 196 1148 1230 1238; baseline 0.002 -22"><span class='ocrx_word' id='word_1_91' title='bbox 196 1149 353 1216; x_wconf 84' lang='lat' dir='ltr'>XLVIII.</span> <span class='ocrx_word' id='word_1_92' title='bbox 395 1151 511 1226; x_wconf 67' lang='lat' dir='ltr'><strong>(xlx)</strong></span> <span class='ocrx_word' id='word_1_93' title='bbox 552 1149 587 1212; x_wconf 87' lang='lat' dir='ltr'><strong>si</strong></span> <span class='ocrx_word' id='word_1_94' title='bbox 611 1148 684 1231; x_wconf 87' lang='lat' dir='ltr'><strong>quis</strong></span> <span class='ocrx_word' id='word_1_95' title='bbox 708 1149 847 1213; x_wconf 87' lang='lat' dir='ltr'><strong>liberum</strong></span> <span class='ocrx_word' id='word_1_96' title='bbox 867 1151 1035 1214; x_wconf 87' lang='lat' dir='ltr'><strong>hominem</strong></span> <span class='ocrx_word' id='word_1_97' title='bbox 1053 1153 1139 1218; x_wconf 80' lang='lat' dir='ltr'><strong>foris</strong></span> <span class='ocrx_word' id='word_1_98' title='bbox 1161 1177 1230 1238; x_wconf 85' lang='lat' dir='ltr'><strong>pro·</strong></span> 
     </span>
    </p>
   </div>
   <div class='ocr_carea' id='block_1_7' title="bbox 114 1231 1311 1330">
    <p class='ocr_par' dir='ltr' id='par_1_7' title="bbox 114 1231 1311 1330">
     <span class='ocr_line' id='line_1_13' title="bbox 114 1231 1311 1330; baseline 0.004 -34"><span class='ocrx_word' id='word_1_99' title='bbox 114 1233 256 1296; x_wconf 75' lang='lat' dir='ltr'>vinciam</span> <span class='ocrx_word' id='word_1_100' title='bbox 279 1231 486 1311; x_wconf 81' lang='lat' dir='ltr'><strong>vendiderit,</strong></span> <span class='ocrx_word' id='word_1_101' title='bbox 523 1241 557 1294; x_wconf 87' lang='lat' dir='ltr'><strong>et</strong></span> <span class='ocrx_word' id='word_1_102' title='bbox 576 1232 745 1315; x_wconf 84' lang='lat' dir='ltr'><strong>probatum</strong></span> <span class='ocrx_word' id='word_1_103' title='bbox 768 1234 888 1315; x_wconf 82' lang='lat' dir='ltr'><strong>fuerit,</strong></span> <span class='ocrx_word' id='word_1_104' title='bbox 918 1246 1095 1317; x_wconf 79' lang='lat' dir='ltr'><strong>componat</strong></span> <span class='ocrx_word' id='word_1_105' title='bbox 1119 1238 1231 1302; x_wconf 78' lang='lat' dir='ltr'><strong>widri-</strong></span> <span class='ocrx_word' id='word_1_106' title='bbox 1309 1285 1311 1330; x_wconf 74' lang='lat' dir='ltr'><strong>l</strong></span> 
     </span>
    </p>
   </div>
   <div class='ocr_carea' id='block_1_8' title="bbox 115 1314 1060 1400">
    <p class='ocr_par' dir='ltr' id='par_1_8' title="bbox 115 1314 1060 1400">
     <span class='ocr_line' id='line_1_14' title="bbox 115 1314 1060 1400; baseline 0.003 -26"><span class='ocrx_word' id='word_1_107' title='bbox 115 1317 177 1400; x_wconf 75' lang='lat' dir='ltr'><strong>gilt</strong></span> <span class='ocrx_word' id='word_1_108' title='bbox 201 1316 287 1394; x_wconf 89' lang='lat' dir='ltr'><strong>eius,</strong></span> <span class='ocrx_word' id='word_1_109' title='bbox 320 1323 481 1396; x_wconf 76' lang='lat' dir='ltr'><strong>tamquam</strong></span> <span class='ocrx_word' id='word_1_110' title='bbox 508 1314 535 1376; x_wconf 91' lang='lat' dir='ltr'><strong>si</strong></span> <span class='ocrx_word' id='word_1_111' title='bbox 565 1335 639 1376; x_wconf 86' lang='lat' dir='ltr'><strong>cum</strong></span> <span class='ocrx_word' id='word_1_112' title='bbox 672 1315 850 1378; x_wconf 85' lang='lat' dir='ltr'><strong>occidisset.</strong></span> <span class='ocrx_word' id='word_1_113' title='bbox 892 1317 935 1384; x_wconf 87' lang='lat' dir='ltr'><strong>ll.</strong></span> <span class='ocrx_word' id='word_1_114' title='bbox 957 1321 1006 1382; x_wconf 72' lang='lat'><strong>25.</strong></span> <span class='ocrx_word' id='word_1_115' title='bbox 1030 1338 1060 1384; x_wconf 79' lang='lat' dir='ltr'><strong>a.</strong></span> 
     </span>
    </p>
   </div>
   <div class='ocr_carea' id='block_1_9' title="bbox 117 1395 1311 1490">
    <p class='ocr_par' dir='ltr' id='par_1_9' title="bbox 117 1395 1311 1490">
     <span class='ocr_line' id='line_1_15' title="bbox 117 1395 1311 1490; baseline 0.009 -44"><span class='ocrx_word' id='word_1_116' title='bbox 117 1431 120 1446; x_wconf 91' lang='lat'>.</span> <span class='ocrx_word' id='word_1_117' title='bbox 183 1415 262 1450; x_wconf 68' lang='lat' dir='ltr'><strong>roan.</strong></span> <span class='ocrx_word' id='word_1_118' title='bbox 299 1398 377 1449; x_wconf 73' lang='lat' dir='ltr'><strong>Petne</strong></span> <span class='ocrx_word' id='word_1_119' title='bbox 396 1407 425 1450; x_wconf 92' lang='lat' dir='ltr'><strong>te</strong></span> <span class='ocrx_word' id='word_1_120' title='bbox 451 1395 735 1469; x_wconf 74' lang='lat' dir='ltr'><strong>appellatllartinua,</strong></span> <span class='ocrx_word' id='word_1_121' title='bbox 762 1398 836 1468; x_wconf 91' lang='lat' dir='ltr'><strong>qnod</strong></span> <span class='ocrx_word' id='word_1_122' title='bbox 859 1408 890 1453; x_wconf 89' lang='lat' dir='ltr'><strong>tn</strong></span> <span class='ocrx_word' id='word_1_123' title='bbox 907 1399 1059 1454; x_wconf 80' lang='lat' dir='ltr'>vendidisti</span> <span class='ocrx_word' id='word_1_124' title='bbox 1078 1417 1145 1454; x_wconf 85' lang='lat' dir='ltr'><strong>enm</strong></span> <span class='ocrx_word' id='word_1_125' title='bbox 1162 1402 1230 1456; x_wconf 77' lang='lat' dir='ltr'><strong>feres</strong></span> <span class='ocrx_word' id='word_1_126' title='bbox 1309 1467 1311 1490; x_wconf 28' lang='grc' dir='ltr'><em>ἆ</em></span> 
     </span>
    </p>
   </div>
   <div class='ocr_carea' id='block_1_10' title="bbox 112 1467 1229 1706">
    <p class='ocr_par' dir='ltr' id='par_1_10' title="bbox 112 1467 1229 1706">
     <span class='ocr_line' id='line_1_16' title="bbox 112 1467 1053 1540; baseline 0.002 -20"><span class='ocrx_word' id='word_1_127' title='bbox 112 1467 288 1538; x_wconf 80' lang='lat' dir='ltr'><strong>provinciam.</strong></span> <span class='ocrx_word' id='word_1_128' title='bbox 324 1467 473 1540; x_wconf 80' lang='lat' dir='ltr'><strong>Approbct.</strong></span> <span class='ocrx_word' id='word_1_129' title='bbox 513 1467 562 1520; x_wconf 87' lang='lat' dir='ltr'><strong>Sin</strong></span> <span class='ocrx_word' id='word_1_130' title='bbox 581 1476 689 1531; x_wconf 84' lang='lat' dir='ltr'><strong>autem,</strong></span> <span class='ocrx_word' id='word_1_131' title='bbox 714 1469 866 1540; x_wconf 74' lang='lat' dir='ltr'><strong>appellatus</strong></span> <span class='ocrx_word' id='word_1_132' title='bbox 886 1471 996 1524; x_wconf 76' lang='lat' dir='ltr'><strong>endicat</strong></span> <span class='ocrx_word' id='word_1_133' title='bbox 1014 1486 1053 1524; x_wconf 83' lang='lat' dir='ltr'><strong>se.</strong></span> 
     </span>
     <span class='ocr_line' id='line_1_17' title="bbox 195 1536 1229 1624; baseline 0.003 -24"><span class='ocrx_word' id='word_1_134' title='bbox 195 1536 314 1602; x_wconf 85' lang='lat' dir='ltr'>XLIX.</span> <span class='ocrx_word' id='word_1_135' title='bbox 356 1540 454 1618; x_wconf 86' lang='lat' dir='ltr'><strong>(XX.)</strong></span> <span class='ocrx_word' id='word_1_136' title='bbox 494 1539 528 1602; x_wconf 89' lang='lat' dir='ltr'><strong>Si</strong></span> <span class='ocrx_word' id='word_1_137' title='bbox 559 1538 632 1619; x_wconf 85' lang='lat' dir='ltr'><strong>quis</strong></span> <span class='ocrx_word' id='word_1_138' title='bbox 656 1557 787 1600; x_wconf 80' lang='lat' dir='ltr'><strong>servum</strong></span> <span class='ocrx_word' id='word_1_139' title='bbox 808 1539 951 1600; x_wconf 79' lang='lat' dir='ltr'><strong>alienum</strong></span> <span class='ocrx_word' id='word_1_140' title='bbox 987 1540 1067 1602; x_wconf 83' lang='lat' dir='ltr'><strong>foris</strong></span> <span class='ocrx_word' id='word_1_141' title='bbox 1090 1542 1229 1624; x_wconf 84' lang='lat' dir='ltr'><strong>provin-</strong></span> 
     </span>
     <span class='ocr_line' id='line_1_18' title="bbox 113 1617 1229 1706; baseline 0.002 -23"><span class='ocrx_word' id='word_1_142' title='bbox 113 1619 195 1683; x_wconf 86' lang='lat' dir='ltr'><strong>ciam</strong></span> <span class='ocrx_word' id='word_1_143' title='bbox 216 1617 418 1699; x_wconf 80' lang='lat' dir='ltr'><strong>vendiderit,</strong></span> <span class='ocrx_word' id='word_1_144' title='bbox 447 1629 481 1682; x_wconf 84' lang='lat' dir='ltr'><strong>et</strong></span> <span class='ocrx_word' id='word_1_145' title='bbox 506 1619 673 1702; x_wconf 72' lang='lat' dir='ltr'><strong>probatum</strong></span> <span class='ocrx_word' id='word_1_146' title='bbox 695 1621 812 1699; x_wconf 78' lang='lat' dir='ltr'><strong>fuerit,</strong></span> <span class='ocrx_word' id='word_1_147' title='bbox 834 1621 867 1684; x_wconf 90' lang='lat' dir='ltr'><strong>in</strong></span> <span class='ocrx_word' id='word_1_148' title='bbox 891 1621 1115 1706; x_wconf 83' lang='lat' dir='ltr'><strong>quadruplum</strong></span> <span class='ocrx_word' id='word_1_149' title='bbox 1140 1647 1229 1687; x_wconf 86' lang='lat' dir='ltr'><strong>com-</strong></span> 
     </span>
    </p>
   </div>
   <div class='ocr_carea' id='block_1_11' title="bbox 111 1701 1232 1866">
    <p class='ocr_par' dir='ltr' id='par_1_11' title="bbox 111 1701 1232 1866">
     <span class='ocr_line' id='line_1_19' title="bbox 111 1701 1134 1786; baseline 0.001 -22"><span class='ocrx_word' id='word_1_150' title='bbox 111 1711 227 1786; x_wconf 90' lang='lat' dir='ltr'><strong>ponat,</strong></span> <span class='ocrx_word' id='word_1_151' title='bbox 248 1703 332 1763; x_wconf 89' lang='lat' dir='ltr'><strong>sicut</strong></span> <span class='ocrx_word' id='word_1_152' title='bbox 357 1703 533 1784; x_wconf 76' lang='lat' dir='ltr'><strong>appretiata</strong></span> <span class='ocrx_word' id='word_1_153' title='bbox 557 1701 656 1762; x_wconf 83' lang='lat' dir='ltr'><strong>fuerit</strong></span> <span class='ocrx_word' id='word_1_154' title='bbox 682 1702 749 1784; x_wconf 83' lang='lat' dir='ltr'><strong>ipsa</strong></span> <span class='ocrx_word' id='word_1_155' title='bbox 773 1724 918 1785; x_wconf 81' lang='lat' dir='ltr'><strong>persone.</strong></span> <span class='ocrx_word' id='word_1_156' title='bbox 963 1705 1006 1764; x_wconf 91' lang='lat' dir='ltr'><strong>ll.</strong></span> <span class='ocrx_word' id='word_1_157' title='bbox 1030 1706 1079 1770; x_wconf 82' lang='lat'><strong>25.</strong></span> <span class='ocrx_word' id='word_1_158' title='bbox 1103 1707 1134 1772; x_wconf 76' lang='lat'><strong>3.</strong></span> 
     </span>
     <span class='ocr_line' id='line_1_20' title="bbox 181 1783 1232 1866; baseline 0.007 -31"><span class='ocrx_word' id='word_1_159' title='bbox 181 1801 260 1837; x_wconf 76' lang='lat' dir='ltr'><strong>roras,</strong></span> <span class='ocrx_word' id='word_1_160' title='bbox 285 1785 363 1835; x_wconf 86' lang='lat' dir='ltr'><strong>Petre</strong></span> <span class='ocrx_word' id='word_1_161' title='bbox 386 1794 414 1837; x_wconf 87' lang='lat' dir='ltr'><strong>te</strong></span> <span class='ocrx_word' id='word_1_162' title='bbox 438 1785 560 1866; x_wconf 81' lang='lat' dir='ltr'><strong>appellat</strong></span> <span class='ocrx_word' id='word_1_163' title='bbox 582 1783 725 1848; x_wconf 78' lang='lat' dir='ltr'><strong>Martinus,</strong></span> <span class='ocrx_word' id='word_1_164' title='bbox 754 1785 829 1856; x_wconf 83' lang='lat' dir='ltr'><strong>qnod</strong></span> <span class='ocrx_word' id='word_1_165' title='bbox 849 1793 880 1843; x_wconf 90' lang='lat' dir='ltr'><strong>tu</strong></span> <span class='ocrx_word' id='word_1_166' title='bbox 906 1786 1056 1842; x_wconf 76' lang='lat' dir='ltr'><strong>vendidisti</strong></span> <span class='ocrx_word' id='word_1_167' title='bbox 1079 1806 1169 1841; x_wconf 93' lang='lat' dir='ltr'><strong>unum</strong></span> <span class='ocrx_word' id='word_1_168' title='bbox 1185 1807 1232 1842; x_wconf 79' lang='lat' dir='ltr'><strong>sn-</strong></span> 
     </span>
    </p>
   </div>
   <div class='ocr_carea' id='block_1_12' title="bbox 112 1853 1230 1994">
    <p class='ocr_par' dir='ltr' id='par_1_12' title="bbox 112 1853 1230 1994">
     <span class='ocr_line' id='line_1_21' title="bbox 112 1853 1230 1932; baseline 0.006 -26"><span class='ocrx_word' id='word_1_169' title='bbox 112 1871 158 1906; x_wconf 89' lang='lat' dir='ltr'><strong>um</strong></span> <span class='ocrx_word' id='word_1_170' title='bbox 183 1871 287 1908; x_wconf 81' lang='lat' dir='ltr'><strong>servum</strong></span> <span class='ocrx_word' id='word_1_171' title='bbox 312 1853 374 1906; x_wconf 83' lang='lat' dir='ltr'><strong>soris</strong></span> <span class='ocrx_word' id='word_1_172' title='bbox 399 1872 571 1923; x_wconf 73' lang='lat' dir='ltr'><strong>provinciam.</strong></span> <span class='ocrx_word' id='word_1_173' title='bbox 614 1854 753 1932; x_wconf 80' lang='lat' dir='ltr'><strong>Approbet</strong></span> <span class='ocrx_word' id='word_1_174' title='bbox 779 1856 937 1932; x_wconf 79' lang='lat' dir='ltr'><strong>appellator.</strong></span> <span class='ocrx_word' id='word_1_175' title='bbox 974 1856 1003 1910; x_wconf 86' lang='lat' dir='ltr'><strong>Si</strong></span> <span class='ocrx_word' id='word_1_176' title='bbox 1032 1875 1090 1914; x_wconf 82' lang='lat' dir='ltr'><strong>nen</strong></span> <span class='ocrx_word' id='word_1_177' title='bbox 1117 1867 1230 1930; x_wconf 70' lang='lat' dir='ltr'><strong>potest,</strong></span> 
     </span>
     <span class='ocr_line' id='line_1_22' title="bbox 113 1923 450 1994; baseline -0.012 -14"><span class='ocrx_word' id='word_1_178' title='bbox 113 1923 224 1980; x_wconf 79' lang='lat' dir='ltr'><strong>oadicat</strong></span> <span class='ocrx_word' id='word_1_179' title='bbox 242 1941 271 1975; x_wconf 86' lang='lat' dir='ltr'><strong>se</strong></span> <span class='ocrx_word' id='word_1_180' title='bbox 289 1923 450 1994; x_wconf 80' lang='lat' dir='ltr'><strong>appellatus.</strong></span> 
     </span>
    </p>
   </div>
   <div class='ocr_carea' id='block_1_13' title="bbox 109 2025 1229 3510">
    <p class='ocr_par' dir='ltr' id='par_1_13' title="bbox 111 2025 1229 2339">
     <span class='ocr_line' id='line_1_23' title="bbox 193 2025 1228 2108; baseline 0.003 -20"><span class='ocrx_word' id='word_1_181' title='bbox 193 2028 230 2092; x_wconf 88' lang='lat' dir='ltr'><strong>L.</strong></span> <span class='ocrx_word' id='word_1_182' title='bbox 272 2027 380 2104; x_wconf 79' lang='lat' dir='ltr'>(XXI.)</span> <span class='ocrx_word' id='word_1_183' title='bbox 420 2025 455 2090; x_wconf 83' lang='lat' dir='ltr'><strong>si</strong></span> <span class='ocrx_word' id='word_1_184' title='bbox 478 2026 550 2108; x_wconf 86' lang='lat' dir='ltr'><strong>quis</strong></span> <span class='ocrx_word' id='word_1_185' title='bbox 572 2048 700 2090; x_wconf 82' lang='lat' dir='ltr'><strong>servum</strong></span> <span class='ocrx_word' id='word_1_186' title='bbox 723 2025 868 2090; x_wconf 86' lang='lat' dir='ltr'><strong>alienum</strong></span> <span class='ocrx_word' id='word_1_187' title='bbox 882 2029 953 2092; x_wconf 86' lang='lat' dir='ltr'><strong>sine</strong></span> <span class='ocrx_word' id='word_1_188' title='bbox 975 2029 1147 2093; x_wconf 74' lang='lat' dir='ltr'><strong>voluntate</strong></span> <span class='ocrx_word' id='word_1_189' title='bbox 1168 2031 1228 2092; x_wconf 84' lang='lat' dir='ltr'><strong>do·</strong></span> 
     </span>
     <span class='ocr_line' id='line_1_24' title="bbox 111 2109 1228 2191; baseline 0.002 -19"><span class='ocrx_word' id='word_1_190' title='bbox 111 2109 193 2172; x_wconf 90' lang='lat' dir='ltr'><strong>mini</strong></span> <span class='ocrx_word' id='word_1_191' title='bbox 218 2109 268 2173; x_wconf 85' lang='lat' dir='ltr'><strong>sui</strong></span> <span class='ocrx_word' id='word_1_192' title='bbox 290 2110 322 2168; x_wconf 94' lang='lat' dir='ltr'><strong>in</strong></span> <span class='ocrx_word' id='word_1_193' title='bbox 351 2120 584 2170; x_wconf 81' lang='lat' dir='ltr'><strong>sacramentnm</strong></span> <span class='ocrx_word' id='word_1_194' title='bbox 612 2109 834 2191; x_wconf 83' lang='lat' dir='ltr'><strong>miserit,·ant</strong></span> <span class='ocrx_word' id='word_1_195' title='bbox 859 2133 990 2172; x_wconf 82' lang='lat' dir='ltr'><strong>monum</strong></span> <span class='ocrx_word' id='word_1_196' title='bbox 1025 2114 1061 2175; x_wconf 81' lang='lat' dir='ltr'><strong>ln</strong></span> <span class='ocrx_word' id='word_1_197' title='bbox 1085 2114 1228 2176; x_wconf 86' lang='lat' dir='ltr'><strong>caldaria</strong></span> 
     </span>
     <span class='ocr_line' id='line_1_25' title="bbox 112 2191 1229 2276; baseline 0.002 -18"><span class='ocrx_word' id='word_1_198' title='bbox 112 2195 245 2258; x_wconf 88' lang='lat' dir='ltr'><strong>mittere</strong></span> <span class='ocrx_word' id='word_1_199' title='bbox 276 2191 407 2272; x_wconf 87' lang='lat' dir='ltr'><strong>fecerit,</strong></span> <span class='ocrx_word' id='word_1_200' title='bbox 441 2201 612 2276; x_wconf 86' lang='lat' dir='ltr'><strong>componat</strong></span> <span class='ocrx_word' id='word_1_201' title='bbox 640 2193 771 2256; x_wconf 91' lang='lat' dir='ltr'><strong>domino</strong></span> <span class='ocrx_word' id='word_1_202' title='bbox 807 2194 876 2259; x_wconf 85' lang='lat' dir='ltr'><strong>eins</strong></span> <span class='ocrx_word' id='word_1_203' title='bbox 908 2193 1029 2260; x_wconf 86' lang='lat' dir='ltr'><strong>solidos</strong></span> <span class='ocrx_word' id='word_1_204' title='bbox 1057 2194 1137 2262; x_wconf 86' lang='lat' dir='ltr'><strong>XX.</strong></span> <span class='ocrx_word' id='word_1_205' title='bbox 1201 2197 1229 2260; x_wconf 78' lang='lat'><strong>1.</strong></span> 
     </span>
     <span class='ocr_line' id='line_1_26' title="bbox 111 2277 213 2339; baseline 0.029 -3"><span class='ocrx_word' id='word_1_206' title='bbox 111 2277 162 2338; x_wconf 75' lang='lat'><strong>53.</strong></span> <span class='ocrx_word' id='word_1_207' title='bbox 188 2297 213 2339; x_wconf 89' lang='lat'><strong>1.</strong></span> 
     </span>
    </p>

    <p class='ocr_par' dir='ltr' id='par_1_14' title="bbox 109 2355 1229 2925">
     <span class='ocr_line' id='line_1_27' title="bbox 193 2355 1228 2438; baseline 0.005 -21"><span class='ocrx_word' id='word_1_208' title='bbox 193 2355 247 2423; x_wconf 79' lang='lat' dir='ltr'><strong>LI.</strong></span> <span class='ocrx_word' id='word_1_209' title='bbox 290 2355 423 2435; x_wconf 84' lang='lat' dir='ltr'>(XXII.)</span> <span class='ocrx_word' id='word_1_210' title='bbox 465 2356 499 2418; x_wconf 90' lang='lat' dir='ltr'><strong>Si</strong></span> <span class='ocrx_word' id='word_1_211' title='bbox 532 2357 606 2438; x_wconf 86' lang='lat' dir='ltr'><strong>quis</strong></span> <span class='ocrx_word' id='word_1_212' title='bbox 633 2379 763 2421; x_wconf 84' lang='lat' dir='ltr'><strong>servum</strong></span> <span class='ocrx_word' id='word_1_213' title='bbox 787 2356 930 2421; x_wconf 83' lang='lat' dir='ltr'><strong>alienum</strong></span> <span class='ocrx_word' id='word_1_214' title='bbox 955 2358 1026 2421; x_wconf 88' lang='lat' dir='ltr'><strong>sine</strong></span> <span class='ocrx_word' id='word_1_215' title='bbox 1054 2359 1228 2422; x_wconf 76' lang='lat' dir='ltr'><strong>voluntate</strong></span> 
     </span>
     <span class='ocr_line' id='line_1_28' title="bbox 111 2437 1229 2525; baseline 0.004 -24"><span class='ocrx_word' id='word_1_216' title='bbox 111 2437 235 2506; x_wconf 90' lang='lat' dir='ltr'><strong>domini</strong></span> <span class='ocrx_word' id='word_1_217' title='bbox 264 2440 314 2500; x_wconf 88' lang='lat' dir='ltr'><strong>sui</strong></span> <span class='ocrx_word' id='word_1_218' title='bbox 343 2441 378 2502; x_wconf 91' lang='lat' dir='ltr'><strong>in</strong></span> <span class='ocrx_word' id='word_1_219' title='bbox 412 2461 509 2502; x_wconf 83' lang='lat' dir='ltr'><strong>manu</strong></span> <span class='ocrx_word' id='word_1_220' title='bbox 533 2441 628 2523; x_wconf 82' lang='lat' dir='ltr'><strong>Regis</strong></span> <span class='ocrx_word' id='word_1_221' title='bbox 664 2440 808 2519; x_wconf 85' lang='lat' dir='ltr'><strong>dederit,</strong></span> <span class='ocrx_word' id='word_1_222' title='bbox 855 2451 888 2502; x_wconf 86' lang='lat' dir='ltr'><strong>et</strong></span> <span class='ocrx_word' id='word_1_223' title='bbox 919 2443 1088 2525; x_wconf 80' lang='lat' dir='ltr'><strong>probatum</strong></span> <span class='ocrx_word' id='word_1_224' title='bbox 1123 2443 1229 2506; x_wconf 79' lang='lat' dir='ltr'><strong>fuerit</strong></span> 
     </span>
     <span class='ocr_line' id='line_1_29' title="bbox 111 2522 1228 2607; baseline -0.002 -21"><span class='ocrx_word' id='word_1_225' title='bbox 111 2543 177 2586; x_wconf 84' lang='lat' dir='ltr'><strong>non</strong></span> <span class='ocrx_word' id='word_1_226' title='bbox 203 2543 296 2581; x_wconf 84' lang='lat' dir='ltr'><strong>sunm</strong></span> <span class='ocrx_word' id='word_1_227' title='bbox 321 2543 449 2585; x_wconf 83' lang='lat' dir='ltr'><strong>servum</strong></span> <span class='ocrx_word' id='word_1_228' title='bbox 475 2522 620 2601; x_wconf 84' lang='lat' dir='ltr'><strong>dedisse,</strong></span> <span class='ocrx_word' id='word_1_229' title='bbox 648 2534 818 2604; x_wconf 84' lang='lat' dir='ltr'><strong>componat</strong></span> <span class='ocrx_word' id='word_1_230' title='bbox 840 2524 941 2606; x_wconf 82' lang='lat' dir='ltr'><strong>Regi,</strong></span> <span class='ocrx_word' id='word_1_231' title='bbox 972 2526 1029 2607; x_wconf 90' lang='lat' dir='ltr'><strong>qui</strong></span> <span class='ocrx_word' id='word_1_232' title='bbox 1056 2547 1113 2606; x_wconf 92' lang='lat' dir='ltr'><strong>pro</strong></span> <span class='ocrx_word' id='word_1_233' title='bbox 1136 2533 1228 2584; x_wconf 71' lang='lat' dir='ltr'><strong>tem-</strong></span> 
     </span>
     <span class='ocr_line' id='line_1_30' title="bbox 109 2604 1226 2688; baseline 0.001 -25"><span class='ocrx_word' id='word_1_234' title='bbox 109 2625 189 2686; x_wconf 87' lang='lat' dir='ltr'><strong>pore</strong></span> <span class='ocrx_word' id='word_1_235' title='bbox 210 2604 327 2681; x_wconf 87' lang='lat' dir='ltr'><strong>fuerit,</strong></span> <span class='ocrx_word' id='word_1_236' title='bbox 358 2605 450 2668; x_wconf 90' lang='lat' dir='ltr'><strong>solid.</strong></span> <span class='ocrx_word' id='word_1_237' title='bbox 472 2606 520 2682; x_wconf 90' lang='lat' dir='ltr'><strong>C.,</strong></span> <span class='ocrx_word' id='word_1_238' title='bbox 542 2607 664 2688; x_wconf 88' lang='lat' dir='ltr'><strong>etipse</strong></span> <span class='ocrx_word' id='word_1_239' title='bbox 689 2625 802 2667; x_wconf 82' lang='lat' dir='ltr'><strong>serv-us</strong></span> <span class='ocrx_word' id='word_1_240' title='bbox 825 2617 1009 2670; x_wconf 82' lang='lat' dir='ltr'><strong>revertatur</strong></span> <span class='ocrx_word' id='word_1_241' title='bbox 1033 2608 1071 2670; x_wconf 84' lang='lat' dir='ltr'><strong>ad</strong></span> <span class='ocrx_word' id='word_1_242' title='bbox 1093 2604 1226 2688; x_wconf 91' lang='lat' dir='ltr'><strong>propri·</strong></span> 
     </span>
     <span class='ocr_line' id='line_1_31' title="bbox 110 2685 1228 2771; baseline 0.001 -23"><span class='ocrx_word' id='word_1_243' title='bbox 110 2707 165 2748; x_wconf 84' lang='lat' dir='ltr'><strong>um</strong></span> <span class='ocrx_word' id='word_1_244' title='bbox 190 2685 374 2749; x_wconf 86' lang='lat' dir='ltr'><strong>dominnm:</strong></span> <span class='ocrx_word' id='word_1_245' title='bbox 408 2696 440 2746; x_wconf 90' lang='lat' dir='ltr'><strong>et</strong></span> <span class='ocrx_word' id='word_1_246' title='bbox 462 2687 504 2746; x_wconf 84' lang='lat' dir='ltr'><strong>sit</strong></span> <span class='ocrx_word' id='word_1_247' title='bbox 531 2709 657 2766; x_wconf 86' lang='lat' dir='ltr'><strong>servus,</strong></span> <span class='ocrx_word' id='word_1_248' title='bbox 682 2685 776 2750; x_wconf 89' lang='lat' dir='ltr'><strong>cuius</strong></span> <span class='ocrx_word' id='word_1_249' title='bbox 796 2699 889 2752; x_wconf 80' lang='lat' dir='ltr'><strong>untes</strong></span> <span class='ocrx_word' id='word_1_250' title='bbox 918 2691 1000 2768; x_wconf 84' lang='lat' dir='ltr'><strong>fuit,</strong></span> <span class='ocrx_word' id='word_1_251' title='bbox 1028 2697 1058 2749; x_wconf 86' lang='lat' dir='ltr'><strong>et</strong></span> <span class='ocrx_word' id='word_1_252' title='bbox 1083 2689 1228 2771; x_wconf 80' lang='lat' dir='ltr'><strong>insuper</strong></span> 
     </span>
     <span class='ocr_line' id='line_1_32' title="bbox 110 2767 1227 2855; baseline 0.006 -29"><span class='ocrx_word' id='word_1_253' title='bbox 110 2767 188 2844; x_wconf 88' lang='lat' dir='ltr'><strong>ille,</strong></span> <span class='ocrx_word' id='word_1_254' title='bbox 216 2767 274 2848; x_wconf 87' lang='lat' dir='ltr'><strong>qui</strong></span> <span class='ocrx_word' id='word_1_255' title='bbox 297 2790 372 2829; x_wconf 88' lang='lat' dir='ltr'><strong>eum</strong></span> <span class='ocrx_word' id='word_1_256' title='bbox 393 2768 508 2830; x_wconf 84' lang='lat' dir='ltr'><strong>illicite</strong></span> <span class='ocrx_word' id='word_1_257' title='bbox 527 2769 695 2848; x_wconf 80' lang='lat' dir='ltr'><strong>liberavit,</strong></span> <span class='ocrx_word' id='word_1_258' title='bbox 729 2778 901 2855; x_wconf 81' lang='lat' dir='ltr'><strong>componat</strong></span> <span class='ocrx_word' id='word_1_259' title='bbox 923 2772 1049 2834; x_wconf 90' lang='lat' dir='ltr'><strong>domino</strong></span> <span class='ocrx_word' id='word_1_260' title='bbox 1069 2769 1143 2832; x_wconf 87' lang='lat' dir='ltr'><strong>eius</strong></span> <span class='ocrx_word' id='word_1_261' title='bbox 1168 2792 1227 2832; x_wconf 78' lang='lat' dir='ltr'><strong>so-</strong></span> 
     </span>
     <span class='ocr_line' id='line_1_33' title="bbox 109 2849 495 2925; baseline 0.01 -14"><span class='ocrx_word' id='word_1_262' title='bbox 109 2849 193 2911; x_wconf 90' lang='lat' dir='ltr'><strong>lidos</strong></span> <span class='ocrx_word' id='word_1_263' title='bbox 215 2849 279 2912; x_wconf 89' lang='lat' dir='ltr'><strong>XX.</strong></span> <span class='ocrx_word' id='word_1_264' title='bbox 329 2849 495 2925; x_wconf 53' lang='lat'>11546.</span> 
     </span>
    </p>

    <p class='ocr_par' dir='ltr' id='par_1_15' title="bbox 109 2930 1229 3510">
     <span class='ocr_line' id='line_1_34' title="bbox 192 2930 1227 3014; baseline -0.007 -16"><span class='ocrx_word' id='word_1_265' title='bbox 192 2930 267 2998; x_wconf 85' lang='lat' dir='ltr'><strong>Lll.</strong></span> <span class='ocrx_word' id='word_1_266' title='bbox 309 2932 460 3007; x_wconf 83' lang='lat' dir='ltr'>(XXIII.)</span> <span class='ocrx_word' id='word_1_267' title='bbox 501 2932 631 3014; x_wconf 85' lang='lat' dir='ltr'><strong>Siquis</strong></span> <span class='ocrx_word' id='word_1_268' title='bbox 655 2955 784 2997; x_wconf 85' lang='lat' dir='ltr'><strong>servum</strong></span> <span class='ocrx_word' id='word_1_269' title='bbox 806 2935 949 2998; x_wconf 86' lang='lat' dir='ltr'><strong>alienum</strong></span> <span class='ocrx_word' id='word_1_270' title='bbox 971 2933 1039 2996; x_wconf 86' lang='lat' dir='ltr'><strong>sine</strong></span> <span class='ocrx_word' id='word_1_271' title='bbox 1066 2931 1227 2994; x_wconf 84' lang='lat' dir='ltr'><strong>volunta-</strong></span> 
     </span>
     <span class='ocr_line' id='line_1_35' title="bbox 109 3013 1229 3102; baseline -0.001 -27"><span class='ocrx_word' id='word_1_272' title='bbox 109 3024 142 3075; x_wconf 85' lang='lat' dir='ltr'><strong>te</strong></span> <span class='ocrx_word' id='word_1_273' title='bbox 164 3013 288 3075; x_wconf 89' lang='lat' dir='ltr'><strong>domini</strong></span> <span class='ocrx_word' id='word_1_274' title='bbox 308 3013 357 3076; x_wconf 88' lang='lat' dir='ltr'><strong>sni</strong></span> <span class='ocrx_word' id='word_1_275' title='bbox 380 3013 522 3074; x_wconf 87' lang='lat' dir='ltr'><strong>liberum</strong></span> <span class='ocrx_word' id='word_1_276' title='bbox 548 3015 722 3095; x_wconf 85' lang='lat' dir='ltr'><strong>dimiserit,</strong></span> <span class='ocrx_word' id='word_1_277' title='bbox 758 3027 814 3078; x_wconf 84' lang='lat' dir='ltr'><strong>aut</strong></span> <span class='ocrx_word' id='word_1_278' title='bbox 834 3039 893 3102; x_wconf 90' lang='lat' dir='ltr'><strong>per</strong></span> <span class='ocrx_word' id='word_1_279' title='bbox 912 3040 963 3096; x_wconf 87' lang='lat' dir='ltr'><strong>se,</strong></span> <span class='ocrx_word' id='word_1_280' title='bbox 985 3023 1040 3076; x_wconf 81' lang='lat' dir='ltr'><strong>aut</strong></span> <span class='ocrx_word' id='word_1_281' title='bbox 1057 3037 1119 3098; x_wconf 91' lang='lat' dir='ltr'><strong>per</strong></span> <span class='ocrx_word' id='word_1_282' title='bbox 1147 3037 1229 3096; x_wconf 74' lang='lat' dir='ltr'><strong>qua-</strong></span> 
     </span>
     <span class='ocr_line' id='line_1_36' title="bbox 110 3095 1225 3184; baseline -0.001 -26"><span class='ocrx_word' id='word_1_283' title='bbox 110 3099 283 3178; x_wconf 87' lang='lat' dir='ltr'><strong>lecumque</strong></span> <span class='ocrx_word' id='word_1_284' title='bbox 307 3095 495 3182; x_wconf 81' lang='lat' dir='ltr'><strong>ingenium,</strong></span> <span class='ocrx_word' id='word_1_285' title='bbox 528 3109 663 3184; x_wconf 85' lang='lat' dir='ltr'><strong>excepto</strong></span> <span class='ocrx_word' id='word_1_286' title='bbox 683 3119 742 3181; x_wconf 90' lang='lat' dir='ltr'><strong>per</strong></span> <span class='ocrx_word' id='word_1_287' title='bbox 762 3119 892 3159; x_wconf 82' lang='lat' dir='ltr'><strong>manum</strong></span> <span class='ocrx_word' id='word_1_288' title='bbox 915 3100 1029 3182; x_wconf 80' lang='lat' dir='ltr'><strong>Regis,</strong></span> <span class='ocrx_word' id='word_1_289' title='bbox 1051 3107 1085 3158; x_wconf 89' lang='lat' dir='ltr'><strong>et</strong></span> <span class='ocrx_word' id='word_1_290' title='bbox 1104 3099 1225 3180; x_wconf 83' lang='lat' dir='ltr'><strong>probe-</strong></span> 
     </span>
     <span class='ocr_line' id='line_1_37' title="bbox 110 3179 1227 3262; baseline -0.002 -20"><span class='ocrx_word' id='word_1_291' title='bbox 110 3192 179 3242; x_wconf 85' lang='lat' dir='ltr'><strong>Ium</strong></span> <span class='ocrx_word' id='word_1_292' title='bbox 209 3179 328 3257; x_wconf 85' lang='lat' dir='ltr'><strong>fuerit,</strong></span> <span class='ocrx_word' id='word_1_293' title='bbox 366 3179 454 3259; x_wconf 91' lang='lat' dir='ltr'><strong>qnod</strong></span> <span class='ocrx_word' id='word_1_294' title='bbox 481 3201 611 3244; x_wconf 85' lang='lat' dir='ltr'><strong>servum</strong></span> <span class='ocrx_word' id='word_1_295' title='bbox 650 3182 791 3243; x_wconf 82' lang='lat' dir='ltr'><strong>alienum</strong></span> <span class='ocrx_word' id='word_1_296' title='bbox 820 3183 1002 3261; x_wconf 87' lang='lat' dir='ltr'><strong>liberasset,</strong></span> <span class='ocrx_word' id='word_1_297' title='bbox 1040 3191 1121 3242; x_wconf 88' lang='lat' dir='ltr'><strong>tunc</strong></span> <span class='ocrx_word' id='word_1_298' title='bbox 1156 3181 1227 3262; x_wconf 86' lang='lat' dir='ltr'><strong>ipso</strong></span> 
     </span>
     <span class='ocr_line' id='line_1_38' title="bbox 111 3261 1229 3346; baseline -0.004 -18"><span class='ocrx_word' id='word_1_299' title='bbox 111 3270 430 3344; x_wconf 80' lang='lat' dir='ltr'><strong>servusresertatur</strong></span> <span class='ocrx_word' id='word_1_300' title='bbox 457 3261 497 3326; x_wconf 80' lang='lat' dir='ltr'><strong>sd</strong></span> <span class='ocrx_word' id='word_1_301' title='bbox 514 3263 680 3346; x_wconf 85' lang='lat' dir='ltr'><strong>proprium</strong></span> <span class='ocrx_word' id='word_1_302' title='bbox 700 3265 867 3327; x_wconf 88' lang='lat' dir='ltr'><strong>dominnm</strong></span> <span class='ocrx_word' id='word_1_303' title='bbox 897 3287 1011 3342; x_wconf 89' lang='lat' dir='ltr'><strong>suum,</strong></span> <span class='ocrx_word' id='word_1_304' title='bbox 1033 3274 1067 3325; x_wconf 88' lang='lat' dir='ltr'><strong>et</strong></span> <span class='ocrx_word' id='word_1_305' title='bbox 1096 3263 1137 3323; x_wconf 86' lang='lat' dir='ltr'><strong>sit</strong></span> <span class='ocrx_word' id='word_1_306' title='bbox 1156 3263 1229 3325; x_wconf 80' lang='lat' dir='ltr'><strong>eiua</strong></span> 
     </span>
     <span class='ocr_line' id='line_1_39' title="bbox 110 3345 1225 3428; baseline -0.004 -20"><span class='ocrx_word' id='word_1_307' title='bbox 110 3367 240 3421; x_wconf 80' lang='lat' dir='ltr'><strong>servus,</strong></span> <span class='ocrx_word' id='word_1_308' title='bbox 270 3345 354 3407; x_wconf 90' lang='lat' dir='ltr'><strong>sicut</strong></span> <span class='ocrx_word' id='word_1_309' title='bbox 384 3353 477 3406; x_wconf 82' lang='lat' dir='ltr'><strong>antea</strong></span> <span class='ocrx_word' id='word_1_310' title='bbox 500 3345 581 3417; x_wconf 59' lang='lat' dir='ltr'><strong>fuit,</strong></span> <span class='ocrx_word' id='word_1_311' title='bbox 608 3355 640 3406; x_wconf 86' lang='lat' dir='ltr'><strong>et</strong></span> <span class='ocrx_word' id='word_1_312' title='bbox 665 3347 744 3425; x_wconf 91' lang='lat' dir='ltr'><strong>ille,</strong></span> <span class='ocrx_word' id='word_1_313' title='bbox 772 3347 828 3428; x_wconf 84' lang='lat' dir='ltr'><strong>qui</strong></span> <span class='ocrx_word' id='word_1_314' title='bbox 854 3369 928 3410; x_wconf 83' lang='lat' dir='ltr'><strong>eum</strong></span> <span class='ocrx_word' id='word_1_315' title='bbox 957 3347 1072 3408; x_wconf 80' lang='lat' dir='ltr'><strong>illicite</strong></span> <span class='ocrx_word' id='word_1_316' title='bbox 1105 3346 1225 3410; x_wconf 87' lang='lat' dir='ltr'><strong>libera·</strong></span> 
     </span>
     <span class='ocr_line' id='line_1_40' title="bbox 111 3426 1057 3510; baseline 0 -19"><span class='ocrx_word' id='word_1_317' title='bbox 111 3429 179 3508; x_wconf 79' lang='lat' dir='ltr'><strong>vit,</strong></span> <span class='ocrx_word' id='word_1_318' title='bbox 201 3435 372 3510; x_wconf 84' lang='lat' dir='ltr'><strong>componat</strong></span> <span class='ocrx_word' id='word_1_319' title='bbox 398 3426 529 3487; x_wconf 85' lang='lat' dir='ltr'><strong>domino</strong></span> <span class='ocrx_word' id='word_1_320' title='bbox 555 3428 625 3490; x_wconf 81' lang='lat' dir='ltr'><strong>eius</strong></span> <span class='ocrx_word' id='word_1_321' title='bbox 650 3429 742 3490; x_wconf 85' lang='lat' dir='ltr'><strong>solid.</strong></span> <span class='ocrx_word' id='word_1_322' title='bbox 770 3429 843 3491; x_wconf 87' lang='lat' dir='ltr'><strong>XX.</strong></span> <span class='ocrx_word' id='word_1_323' title='bbox 884 3430 928 3491; x_wconf 82' lang='lat' dir='ltr'><strong>Il.</strong></span> <span class='ocrx_word' id='word_1_324' title='bbox 955 3428 1005 3505; x_wconf 72' lang='grc'><strong>54.</strong></span> <span class='ocrx_word' id='word_1_325' title='bbox 1029 3451 1057 3509; x_wconf 82' lang='lat'><strong>7.</strong></span> 
     </span>
    </p>
   </div>
   <div class='ocr_carea' id='block_1_14' title="bbox 111 3542 1233 4248">
    <p class='ocr_par' dir='ltr' id='par_1_16' title="bbox 111 3542 1233 4170">
     <span class='ocr_line' id='line_1_41' title="bbox 180 3542 1230 3614; baseline 0.002 -21"><span class='ocrx_word' id='word_1_326' title='bbox 180 3560 261 3599; x_wconf 77' lang='lat' dir='ltr'><strong>roras.</strong></span> <span class='ocrx_word' id='word_1_327' title='bbox 296 3542 375 3592; x_wconf 82' lang='lat' dir='ltr'><strong>Petro</strong></span> <span class='ocrx_word' id='word_1_328' title='bbox 391 3549 419 3598; x_wconf 84' lang='lat' dir='ltr'><strong>te</strong></span> <span class='ocrx_word' id='word_1_329' title='bbox 442 3543 563 3611; x_wconf 83' lang='lat' dir='ltr'><strong>appellat</strong></span> <span class='ocrx_word' id='word_1_330' title='bbox 578 3543 727 3607; x_wconf 78' lang='lat' dir='ltr'><strong>Martinus,</strong></span> <span class='ocrx_word' id='word_1_331' title='bbox 763 3543 838 3614; x_wconf 78' lang='lat' dir='ltr'><strong>quod</strong></span> <span class='ocrx_word' id='word_1_332' title='bbox 862 3552 895 3595; x_wconf 85' lang='lat' dir='ltr'><strong>tu</strong></span> <span class='ocrx_word' id='word_1_333' title='bbox 918 3561 948 3598; x_wconf 70' lang='lat' dir='ltr'><strong>es,</strong></span> <span class='ocrx_word' id='word_1_334' title='bbox 971 3559 1035 3594; x_wconf 85' lang='lat' dir='ltr'><strong>suus</strong></span> <span class='ocrx_word' id='word_1_335' title='bbox 1058 3559 1171 3604; x_wconf 79' lang='lat' dir='ltr'><strong>servus,</strong></span> <span class='ocrx_word' id='word_1_336' title='bbox 1198 3550 1230 3600; x_wconf 83' lang='lat' dir='ltr'><strong>et</strong></span> 
     </span>
     <span class='ocr_line' id='line_1_42' title="bbox 111 3611 1225 3683; baseline 0.001 -19"><span class='ocrx_word' id='word_1_337' title='bbox 111 3613 184 3672; x_wconf 82' lang='lat' dir='ltr'><strong>malo</strong></span> <span class='ocrx_word' id='word_1_338' title='bbox 204 3611 298 3666; x_wconf 87' lang='lat' dir='ltr'><strong>ordine</strong></span> <span class='ocrx_word' id='word_1_339' title='bbox 316 3611 451 3666; x_wconf 86' lang='lat' dir='ltr'><strong>subtrahis</strong></span> <span class='ocrx_word' id='word_1_340' title='bbox 476 3622 504 3664; x_wconf 89' lang='lat' dir='ltr'><strong>te</strong></span> <span class='ocrx_word' id='word_1_341' title='bbox 535 3613 570 3667; x_wconf 86' lang='lat' dir='ltr'><strong>de</strong></span> <span class='ocrx_word' id='word_1_342' title='bbox 591 3630 640 3664; x_wconf 87' lang='lat' dir='ltr'><strong>suo</strong></span> <span class='ocrx_word' id='word_1_343' title='bbox 665 3612 784 3666; x_wconf 87' lang='lat' dir='ltr'><strong>servicio.</strong></span> <span class='ocrx_word' id='word_1_344' title='bbox 840 3614 920 3666; x_wconf 86' lang='lat' dir='ltr'><strong>Liber</strong></span> <span class='ocrx_word' id='word_1_345' title='bbox 946 3631 1004 3664; x_wconf 88' lang='lat' dir='ltr'><strong>sum</strong></span> <span class='ocrx_word' id='word_1_346' title='bbox 1027 3629 1077 3683; x_wconf 83' lang='lat' dir='ltr'><strong>per</strong></span> <span class='ocrx_word' id='word_1_347' title='bbox 1101 3621 1225 3676; x_wconf 80' lang='lat' dir='ltr'><strong>cartam,</strong></span> 
     </span>
     <span class='ocr_line' id='line_1_43' title="bbox 113 3681 1230 3756; baseline -0.002 -21"><span class='ocrx_word' id='word_1_348' title='bbox 113 3703 194 3756; x_wconf 76' lang='lat' dir='ltr'><strong>quum</strong></span> <span class='ocrx_word' id='word_1_349' title='bbox 222 3681 289 3732; x_wconf 88' lang='lat' dir='ltr'><strong>mihi</strong></span> <span class='ocrx_word' id='word_1_350' title='bbox 318 3682 383 3736; x_wconf 86' lang='lat' dir='ltr'><strong>lecit</strong></span> <span class='ocrx_word' id='word_1_351' title='bbox 411 3683 543 3734; x_wconf 81' lang='lat' dir='ltr'><strong>Donatus.</strong></span> <span class='ocrx_word' id='word_1_352' title='bbox 590 3683 637 3735; x_wconf 84' lang='lat' dir='ltr'><strong>Vis</strong></span> <span class='ocrx_word' id='word_1_353' title='bbox 665 3684 728 3740; x_wconf 82' lang='lat' dir='ltr'><strong>dare</strong></span> <span class='ocrx_word' id='word_1_354' title='bbox 754 3683 914 3736; x_wconf 79' lang='lat' dir='ltr'><strong>auctorem?</strong></span> <span class='ocrx_word' id='word_1_355' title='bbox 940 3692 988 3740; x_wconf 85' lang='lat' dir='ltr'><strong>aut</strong></span> <span class='ocrx_word' id='word_1_356' title='bbox 1013 3691 1084 3735; x_wconf 85' lang='lat' dir='ltr'><strong>stare</strong></span> <span class='ocrx_word' id='word_1_357' title='bbox 1107 3682 1137 3732; x_wconf 94' lang='lat' dir='ltr'><strong>in</strong></span> <span class='ocrx_word' id='word_1_358' title='bbox 1163 3683 1230 3737; x_wconf 84' lang='lat' dir='ltr'><strong>loeo,</strong></span> 
     </span>
     <span class='ocr_line' id='line_1_44' title="bbox 112 3751 1232 3808; baseline -0.003 -3"><span class='ocrx_word' id='word_1_359' title='bbox 112 3751 253 3807; x_wconf 77' lang='lat' dir='ltr'><strong>aiirctoris?</strong></span> <span class='ocrx_word' id='word_1_360' title='bbox 278 3751 422 3802; x_wconf 86' lang='lat' dir='ltr'><strong>Auctorem</strong></span> <span class='ocrx_word' id='word_1_361' title='bbox 446 3753 509 3803; x_wconf 85' lang='lat' dir='ltr'><strong>volo</strong></span> <span class='ocrx_word' id='word_1_362' title='bbox 530 3751 602 3804; x_wconf 84' lang='lat' dir='ltr'><strong>dare.</strong></span> <span class='ocrx_word' id='word_1_363' title='bbox 636 3755 679 3804; x_wconf 89' lang='lat' dir='ltr'><strong>Da</strong></span> <span class='ocrx_word' id='word_1_364' title='bbox 698 3753 779 3806; x_wconf 81' lang='lat' dir='ltr'><strong>vadia</strong></span> <span class='ocrx_word' id='word_1_365' title='bbox 804 3754 838 3807; x_wconf 88' lang='lat' dir='ltr'><strong>de</strong></span> <span class='ocrx_word' id='word_1_366' title='bbox 864 3761 983 3807; x_wconf 71' lang='lat' dir='ltr'><strong>cunctere.</strong></span> <span class='ocrx_word' id='word_1_367' title='bbox 1018 3753 1128 3808; x_wconf 82' lang='lat' dir='ltr'><strong>Donate</strong></span> <span class='ocrx_word' id='word_1_368' title='bbox 1147 3752 1232 3804; x_wconf 59' lang='lat' dir='ltr'><strong>dimi-1</strong></span> 
     </span>
     <span class='ocr_line' id='line_1_45' title="bbox 112 3821 1231 3893; baseline -0.003 -17"><span class='ocrx_word' id='word_1_369' title='bbox 112 3826 169 3877; x_wconf 86' lang='lat' dir='ltr'><strong>sisti</strong></span> <span class='ocrx_word' id='word_1_370' title='bbox 187 3835 219 3875; x_wconf 90' lang='lat' dir='ltr'><strong>tu</strong></span> <span class='ocrx_word' id='word_1_371' title='bbox 239 3839 283 3872; x_wconf 88' lang='lat' dir='ltr'><strong>me</strong></span> <span class='ocrx_word' id='word_1_372' title='bbox 304 3821 446 3872; x_wconf 85' lang='lat' dir='ltr'><strong>liberum?</strong></span> <span class='ocrx_word' id='word_1_373' title='bbox 482 3822 526 3874; x_wconf 85' lang='lat' dir='ltr'><strong>Sic</strong></span> <span class='ocrx_word' id='word_1_374' title='bbox 544 3821 605 3875; x_wconf 87' lang='lat' dir='ltr'><strong>feci.</strong></span> <span class='ocrx_word' id='word_1_375' title='bbox 647 3823 723 3892; x_wconf 85' lang='lat' dir='ltr'><strong>Quid</strong></span> <span class='ocrx_word' id='word_1_376' title='bbox 739 3823 790 3874; x_wconf 84' lang='lat' dir='ltr'><strong>tibi</strong></span> <span class='ocrx_word' id='word_1_377' title='bbox 816 3823 948 3893; x_wconf 83' lang='lat' dir='ltr'><strong>pertinuit</strong></span> <span class='ocrx_word' id='word_1_378' title='bbox 971 3821 1006 3874; x_wconf 88' lang='lat' dir='ltr'><strong>ad</strong></span> <span class='ocrx_word' id='word_1_379' title='bbox 1029 3821 1231 3875; x_wconf 72' lang='lat' dir='ltr'><strong>liberandum?</strong></span> 
     </span>
     <span class='ocr_line' id='line_1_46' title="bbox 112 3891 1232 3961; baseline -0.005 -13"><span class='ocrx_word' id='word_1_380' title='bbox 112 3897 154 3948; x_wconf 85' lang='lat' dir='ltr'><strong>De</strong></span> <span class='ocrx_word' id='word_1_381' title='bbox 172 3911 230 3946; x_wconf 87' lang='lat' dir='ltr'><strong>meu</strong></span> <span class='ocrx_word' id='word_1_382' title='bbox 258 3891 360 3944; x_wconf 81' lang='lat' dir='ltr'><strong>aneilla</strong></span> <span class='ocrx_word' id='word_1_383' title='bbox 385 3899 467 3944; x_wconf 83' lang='lat' dir='ltr'><strong>nutus</strong></span> <span class='ocrx_word' id='word_1_384' title='bbox 490 3891 557 3955; x_wconf 82' lang='lat' dir='ltr'><strong>fuit,</strong></span> <span class='ocrx_word' id='word_1_385' title='bbox 594 3899 623 3943; x_wconf 83' lang='lat' dir='ltr'><strong>et</strong></span> <span class='ocrx_word' id='word_1_386' title='bbox 642 3900 729 3944; x_wconf 81' lang='lat' dir='ltr'><strong>maten</strong></span> <span class='ocrx_word' id='word_1_387' title='bbox 753 3891 820 3944; x_wconf 80' lang='lat' dir='ltr'><strong>mihi</strong></span> <span class='ocrx_word' id='word_1_388' title='bbox 846 3892 978 3961; x_wconf 84' lang='lat' dir='ltr'><strong>pertinuit</strong></span> <span class='ocrx_word' id='word_1_389' title='bbox 997 3908 1047 3961; x_wconf 85' lang='lat' dir='ltr'><strong>per</strong></span> <span class='ocrx_word' id='word_1_390' title='bbox 1074 3893 1232 3944; x_wconf 80' lang='lat' dir='ltr'><strong>successio·-</strong></span> 
     </span>
     <span class='ocr_line' id='line_1_47' title="bbox 111 3961 1230 4032; baseline -0.004 -14"><span class='ocrx_word' id='word_1_391' title='bbox 111 3983 174 4018; x_wconf 80' lang='lat' dir='ltr'><strong>nem</strong></span> <span class='ocrx_word' id='word_1_392' title='bbox 194 3962 246 4013; x_wconf 81' lang='lat' dir='ltr'><strong>naci</strong></span> <span class='ocrx_word' id='word_1_393' title='bbox 267 3961 356 4030; x_wconf 84' lang='lat' dir='ltr'><strong>patris.</strong></span> <span class='ocrx_word' id='word_1_394' title='bbox 411 3963 445 4012; x_wconf 81' lang='lat' dir='ltr'><strong>Et</strong></span> <span class='ocrx_word' id='word_1_395' title='bbox 470 3961 538 4030; x_wconf 90' lang='lat' dir='ltr'><strong>quid</strong></span> <span class='ocrx_word' id='word_1_396' title='bbox 564 3961 632 4028; x_wconf 83' lang='lat' dir='ltr'><strong>ego?</strong></span> <span class='ocrx_word' id='word_1_397' title='bbox 664 3963 730 4032; x_wconf 87' lang='lat' dir='ltr'><strong>quid</strong></span> <span class='ocrx_word' id='word_1_398' title='bbox 753 3971 830 4032; x_wconf 82' lang='lat' dir='ltr'><strong>pater</strong></span> <span class='ocrx_word' id='word_1_399' title='bbox 854 3961 952 4014; x_wconf 81' lang='lat' dir='ltr'><strong>meus?</strong></span> <span class='ocrx_word' id='word_1_400' title='bbox 981 3962 1048 4031; x_wconf 89' lang='lat' dir='ltr'><strong>quid</strong></span> <span class='ocrx_word' id='word_1_401' title='bbox 1072 3962 1158 4013; x_wconf 87' lang='lat' dir='ltr'><strong>istum</strong></span> <span class='ocrx_word' id='word_1_402' title='bbox 1178 3963 1230 4014; x_wconf 69' lang='lat' dir='ltr'><strong>Pe-</strong></span> 
     </span>
     <span class='ocr_line' id='line_1_48' title="bbox 112 4029 1233 4104; baseline -0.005 -18"><span class='ocrx_word' id='word_1_403' title='bbox 112 4033 204 4091; x_wconf 81' lang='lat' dir='ltr'><strong>trum?</strong></span> <span class='ocrx_word' id='word_1_404' title='bbox 222 4033 290 4101; x_wconf 83' lang='lat' dir='ltr'><strong>quid</strong></span> <span class='ocrx_word' id='word_1_405' title='bbox 314 4039 424 4082; x_wconf 79' lang='lat' dir='ltr'><strong>inatrem</strong></span> <span class='ocrx_word' id='word_1_406' title='bbox 442 4029 523 4082; x_wconf 84' lang='lat' dir='ltr'><strong>eius?</strong></span> <span class='ocrx_word' id='word_1_407' title='bbox 541 4032 608 4102; x_wconf 87' lang='lat' dir='ltr'><strong>quid</strong></span> <span class='ocrx_word' id='word_1_408' title='bbox 633 4031 686 4084; x_wconf 89' lang='lat' dir='ltr'><strong>iste</strong></span> <span class='ocrx_word' id='word_1_409' title='bbox 705 4033 749 4086; x_wconf 89' lang='lat' dir='ltr'><strong>eui</strong></span> <span class='ocrx_word' id='word_1_410' title='bbox 768 4049 820 4098; x_wconf 84' lang='lat' dir='ltr'><strong>ego</strong></span> <span class='ocrx_word' id='word_1_411' title='bbox 835 4029 969 4085; x_wconf 81' lang='lat' dir='ltr'><strong>vendidi?</strong></span> <span class='ocrx_word' id='word_1_412' title='bbox 991 4048 1039 4104; x_wconf 84' lang='lat' dir='ltr'><strong>per</strong></span> <span class='ocrx_word' id='word_1_413' title='bbox 1064 4033 1150 4085; x_wconf 77' lang='lat' dir='ltr'>XXX.</span> <span class='ocrx_word' id='word_1_414' title='bbox 1180 4049 1233 4090; x_wconf 66' lang='lat' dir='ltr'><strong>on·</strong></span> 
     </span>
     <span class='ocr_line' id='line_1_49' title="bbox 113 4103 487 4170; baseline -0.005 -13"><span class='ocrx_word' id='word_1_415' title='bbox 113 4123 161 4164; x_wconf 75' lang='lat' dir='ltr'><strong>pos</strong></span> <span class='ocrx_word' id='word_1_416' title='bbox 180 4103 310 4154; x_wconf 72' lang='lat' dir='ltr'><strong>halremus</strong></span> <span class='ocrx_word' id='word_1_417' title='bbox 327 4118 487 4170; x_wconf 83' lang='lat' dir='ltr'><strong>possessum.</strong></span> 
     </span>
    </p>

    <p class='ocr_par' dir='ltr' id='par_1_17' title="bbox 184 4169 1026 4248">
     <span class='ocr_line' id='line_1_50' title="bbox 184 4169 1026 4248; baseline -0.001 -19"><span class='ocrx_word' id='word_1_418' title='bbox 184 4175 218 4230; x_wconf 86' lang='lat' dir='ltr'><strong>Et</strong></span> <span class='ocrx_word' id='word_1_419' title='bbox 242 4173 312 4229; x_wconf 82' lang='lat' dir='ltr'><strong>hacc</strong></span> <span class='ocrx_word' id='word_1_420' title='bbox 334 4172 434 4247; x_wconf 81' lang='lat' dir='ltr'><strong>placitu</strong></span> <span class='ocrx_word' id='word_1_421' title='bbox 453 4169 591 4248; x_wconf 74' lang='lat' dir='ltr'><strong>depositio</strong></span> <span class='ocrx_word' id='word_1_422' title='bbox 613 4178 670 4234; x_wconf 78' lang='lat' dir='ltr'><strong>est,</strong></span> <span class='ocrx_word' id='word_1_423' title='bbox 698 4169 865 4243; x_wconf 80' lang='lat' dir='ltr'><strong>(secuudum</strong></span> <span class='ocrx_word' id='word_1_424' title='bbox 883 4169 1026 4245; x_wconf 71' lang='lat' dir='ltr'><strong>amentes)</strong></span> 
     </span>
    </p>
   </div>
   <div class='ocr_carea' id='block_1_15' title="bbox 0 0 1320 4822">
    <p class='ocr_par' dir='ltr' id='par_1_18' title="bbox 0 0 1320 4822">
     <span class='ocr_line' id='line_1_51' title="bbox 0 0 1320 4822; baseline 0 2"><span class='ocrx_word' id='word_1_425' title='bbox 0 0 1320 4822; x_wconf 95' lang='lat' dir='ltr'><strong> </strong></span> 
     </span>
    </p>
   </div>
  </div>
 </body>
</html>
