2648 4874
137 245 214 324 496
331 261 436 326 tuens
453 262 745 322 wtstaovaonuu
763 264 827 318 un.
846 265 893 320 tv.
911 267 981 320 aar.
1000 265 1037 320 11.

138 408 228 470 iuxta
248 403 445 488 superiorem
465 404 598 466 modum
624 402 773 464 tuitionis
800 403 912 466 ordine
933 415 1031 488 regat.
1073 406 1120 466 lta
1138 413 1248 465 tamen

139 501 176 554 ut
202 487 416 550 inventarium
438 487 597 548 derebus
624 487 764 546 filiorum
786 508 934 566 suorum,
968 510 1065 547 manu
1092 509 1147 548 sua
1169 508 1250 546 con-

139 573 295 655 scriptum
318 591 424 630 coram
445 568 571 646 iudice,
601 567 654 631 vel
686 568 857 630 heredibus
881 570 1049 632 defunctae
1085 569 1247 645 mulieris,

141 665 272 718 strenue
294 651 411 730 faciat,
439 659 472 713 et
493 652 550 712 tali
572 673 605 712 se
632 650 742 734 placiti
768 653 914 713 cautione
940 651 973 710 in
994 653 1151 713 heredum
1172 651 1248 711 illo-

139 759 214 800 rum
240 735 371 796 nomine
401 735 613 816 constringat,
643 735 758 815 quibus
788 734 887 796 tutela
918 733 986 817 ipsa
1010 735 1191 817 pertinere,
1220 732 1246 794 si

138 829 231 902 pater
252 817 414 895 defuisset,
435 817 578 899 legitime
600 824 741 898 poterat:
763 826 799 876 ut
823 817 905 878 nihil
928 818 968 878 de
994 819 1089 878 rebus
1108 816 1247 876 filiorum

139 925 272 965 suorum
286 907 416 977 evertat,
438 900 495 961 sed
515 899 656 959 filiorum
675 920 804 958 suorum
824 900 920 959 vitam
943 899 1082 960 sollicito
1103 907 1178 959 voto
1194 897 1247 959 vel

140 996 214 1047 actu
236 1004 361 1045 servare
393 982 558 1059 intendat,
588 989 621 1041 et
642 1001 692 1041 res
721 1002 832 1041 eorum
860 982 978 1063 absque
1005 983 1112 1062 aliqua
1135 979 1247 1062 perdi-

138 1067 238 1130 tionis
260 1065 472 1130 diminutione
491 1063 640 1140 tuendas,
658 1063 804 1146 accipiat,
818 1063 844 1123 si
861 1073 967 1125 tamen
982 1063 1128 1124 voluerit.
1151 1062 1247 1140 Quod

139 1149 166 1211 si
186 1161 277 1232 pater
303 1147 370 1232 ipse
397 1147 454 1228 qui
479 1167 649 1208 novercam
671 1145 812 1222 duxerit,
835 1146 1006 1207 tuitionem
1028 1145 1189 1227 suscipere
1207 1145 1247 1204 fi-

139 1232 258 1292 liorum
280 1229 438 1292 nolueritr
458 1239 537 1291 tunc
565 1250 583 1286 a
604 1227 709 1288 iudice
731 1227 946 1310 propinquior
970 1249 1010 1288 ex
1035 1237 1134 1287 matre
1160 1235 1248 1286 tutor

140 1313 309 1397 eligendus
328 1320 385 1388 est,
409 1311 465 1392 qui
489 1311 661 1372 tuitionem
685 1310 882 1392 pupillorum
902 1309 1047 1392 accipiat.
1091 1312 1172 1370 Cum
1188 1329 1246 1370 ve-

139 1419 175 1458 ro
200 1397 284 1456 filius
307 1393 434 1454 duxerit
454 1415 605 1469 uxorem,
635 1401 689 1452 aut
709 1394 774 1452 filia
796 1391 943 1452 maritum
970 1393 1150 1475 acceperit,
1180 1400 1245 1452 sta-

138 1479 198 1542 tim
220 1487 345 1558 epatre
366 1477 406 1536 de
428 1477 522 1537 rebus
544 1475 694 1536 maternis
716 1497 803 1537 suam
824 1473 957 1557 accipiat
977 1477 1176 1558 portionem:
1200 1475 1245 1534 ita

139 1571 176 1622 ut
196 1558 430 1620 usufructuario
451 1557 537 1635 iure,
558 1557 640 1640 patri
664 1558 756 1619 tertia
784 1579 856 1640 pars
876 1559 1056 1639 praedictae
1085 1557 1244 1640 portionis

139 1644 349 1724 relinquatur.
371 1643 466 1702 Pater
481 1651 586 1702 autem
598 1649 662 1700 tam
678 1639 746 1702 filio
767 1661 862 1722 quam
883 1640 979 1718 filiae,
1003 1663 1076 1702 cum
1098 1642 1167 1703 XX.
1189 1662 1245 1700 an·

51 1723 54 1732 ’
140 1746 200 1788 nos
211 1724 321 1786 aetatis
332 1724 553 1805 impleverint,
575 1723 712 1784 mediam
723 1743 764 1783 ex
775 1723 885 1784 eadem
896 1767 905 1799 ,
925 1744 1020 1805 quam
1033 1745 1244 1806 unumquem-

139 1829 201 1890 que
225 1807 412 1888 contigerit,
436 1807 476 1866 de
498 1806 592 1866 rebus
613 1806 763 1866 maternis
785 1806 930 1866 restituat
950 1806 1150 1887 portionem,
1182 1807 1243 1867 eti-

139 1891 219 1954 amsi
243 1889 341 1950 nullis
363 1888 482 1972 nuptiis
501 1887 621 1948 luerint
642 1887 792 1969 copulati.
834 1887 1038 1949 Medietatem
1058 1910 1145 1966 vero,
1167 1888 1243 1949 dum

138 1972 315 2049 advixerit,
336 1981 427 2053 pater
447 1969 507 2032 sibi
527 1970 687 2047 vindicet,
710 1971 785 2030 filiis
810 1980 882 2052 post
904 1971 1025 2031 obitum
1049 1972 1243 2052 relinquen-

139 2057 223 2116 dam.
246 2055 310 2132 Qui
325 2065 430 2114 autem
440 2061 505 2113 tam
520 2074 689 2113 novercam
699 2051 929 2135 superduxerit,
948 2049 1059 2115 omnes
1074 2055 1242 2114 facultates

137 2149 298 2200 maternas
320 2136 396 2196 filiis
422 2157 497 2196 mox
522 2136 692 2204 reformet3
722 2157 775 2213 ne,
802 2136 878 2196 dum
900 2134 960 2195 filii
981 2157 1054 2196 cum
1082 2136 1176 2198 rebus
1200 2137 1242 2198 ad

138 2221 269 2282 domum
293 2227 460 2279 transeunt
481 2216 630 2294 alienam,
654 2238 808 2300 novercae
833 2239 905 2278 suae
927 2227 1084 2279 vexentur
1104 2219 1240 2281 iniuriis.

136 2302 259 2364 Eadem
292 2321 420 2382 quoque
448 2309 481 2362 et
505 2300 544 2361 de
567 2300 737 2381 nepotibus
768 2303 868 2360 forma
897 2309 1047 2361 servetur.
1091 2302 1187 2378 Quod
1215 2301 1240 2362 si

135 2395 228 2466 pater
249 2385 287 2446 de
310 2383 360 2444 his
379 2383 473 2442 rebus
494 2383 619 2462 aliquid
636 2383 794 2459 everterit,
816 2391 871 2442 aut
888 2404 983 2464 super
999 2392 1136 2465 tempus,
1154 2382 1241 2465 quod

137 2465 426 2541 constitutumest,
451 2484 503 2524 res
532 2465 680 2524 filiorum
698 2473 810 2526 tenere
838 2466 1103 2547 praesumpserit,
1135 2466 1241 2526 omnia

136 2549 176 2610 de
198 2549 291 2609 rebus
314 2547 403 2624 eius,
426 2545 502 2606 liliis
523 2546 605 2624 illis,
627 2546 665 2606 de
688 2548 776 2608 cuius
797 2556 895 2607 matre
917 2568 967 2608 res
991 2569 1061 2609 esse
1082 2548 1241 2611 videbun-

133 2640 206 2710 tur,
228 2639 260 2692 et
279 2627 444 2692 reddenda
464 2637 539 2690 sunt
559 2628 749 2690 omnimodis
770 2640 803 2691 et
823 2629 995 2694 sarcienda.

528 2771 616 2834 XIV.
675 2792 822 2848 auricus.

56 2961 58 2965 ¹
138 2889 177 2951 St
197 2901 297 2950 mater
317 2888 351 2948 in
373 2886 523 2950 viduitate
543 2891 772 2970 permanserit,
794 2886 955 2970 aequalem
976 2891 1059 2950 inter
1068 2885 1166 2970 filios
1186 2907 1241 2968 ro-

133 2974 203 3059 piat
220 2971 423 3057 portionem
452 2970 583 3056 etquid
609 2969 648 3030 de
679 2972 771 3032 rebus
790 2971 941 3056 filiorum
961 2993 1052 3052 agere
1073 2971 1243 3031 conveniat

347 3067 348 3070 ’
645 3065 785 3114 matrem.

221 3137 324 3198 Mater
345 3135 371 3196 si
400 3135 435 3195 in
458 3133 612 3197 viduitate
635 3135 862 3217 permanserit,
893 3137 1061 3218 aequalem
1088 3133 1175 3194 inter
1201 3133 1243 3192 fi-

137 3218 199 3282 lios
221 3241 307 3294 suos,
327 3217 360 3279 id
380 3227 438 3294 est,
461 3219 590 3300 qualem
611 3218 829 3299 unusquisque
849 3241 889 3280 ex
913 3219 988 3280 filiis
1007 3216 1071 3280 suis
1092 3217 1243 3276 usufruc-

137 3302 240 3364 tuario
261 3301 329 3361 iure
352 3301 391 3361 de
414 3301 564 3366 facultate
588 3299 693 3361 mariti
714 3301 830 3361 habeat
851 3301 1042 3384 portionem,
1073 3320 1169 3380 quam
1187 3319 1244 3356 us-

138 3408 201 3468 que
223 3385 264 3446 ad
285 3392 412 3466 tempus
431 3382 513 3444 ritae
539 3405 612 3444 suae
638 3381 870 3445 usufructuario
893 3384 961 3445 iure
981 3381 1135 3466 posideat.
1179 3382 1243 3440 Ce-

137 3477 242 3529 terum
273 3487 332 3527 nec
355 3467 473 3526 donare
500 3487 562 3527 uec
583 3466 736 3544 vendere,
759 3488 820 3526 nec
848 3466 904 3526 uni
929 3488 969 3527 ex
995 3465 1071 3526 filiis
1093 3465 1242 3524 conferre

138 3559 328 3634 praesumat.
373 3548 468 3627 Quod
489 3549 517 3609 si
539 3570 608 3609 eam
633 3550 816 3631 portionem
838 3549 897 3609 filii
926 3557 1059 3609 matrem
1081 3556 1242 3622 evertere,

139 3655 198 3694 seu
217 3655 276 3714 per
297 3631 543 3713 negligentiam,
572 3631 638 3692 sive
664 3653 723 3713 per
743 3631 870 3710 odium,
897 3633 980 3692 forte
1001 3628 1242 3713 perspexerint;

139 3717 180 3776 ad
211 3715 367 3775 Comitem
401 3713 553 3792 civitatis,
583 3716 636 3776 vel
669 3714 710 3774 ad
733 3714 874 3776 iudicem
901 3715 1021 3776 referre
1052 3734 1117 3774 non
1149 3710 1244 3772 diffe-

138 3806 229 3868 rant;
270 3806 305 3856 ut
326 3805 458 3856 matrem
480 3818 569 3856 suam
590 3798 823 3858 contestatione
847 3807 1095 3873 commoneant,
1126 3815 1167 3855 ne
1190 3813 1243 3853 res

139 3901 217 3962 quas
239 3878 484 3938 usufructuariae
505 3881 640 3962 accepit,
657 3889 784 3941 evertat.
825 3881 904 3940 Nam
928 3882 1126 3942 usufructum
1146 3897 1244 3958 quem

139 3963 206 4046 ipsa
231 3965 333 4022 fuerat
352 3972 559 4042 perceptura,
583 3958 656 4023 dare
677 3963 729 4022 cui
747 3963 887 4023 voluerit
905 3963 973 4023 filio
999 3963 1051 4022 vel
1072 3961 1157 4021 filiae
1175 3979 1242 4018 non

137 4055 274 4108 vetetur.
317 4045 380 4104 Sed
404 4053 435 4104 et
459 4045 546 4124 quod
566 4045 605 4105 de
627 4046 696 4128 ipso
716 4068 775 4108 usu
796 4045 856 4106 sibi
875 4046 982 4106 debito
1005 4045 1086 4105 iuste
1105 4041 1242 4123 conqui-
1318 4075 1320 4080 ·

138 4151 208 4190 rere
231 4127 391 4209 potuerit,
412 4125 510 4186 faeiat
530 4128 745 4210 quodcunque
772 4128 822 4188 illi
849 4129 1042 4190 omnimodIs
1069 4125 1241 4187 iustissime

139 4211 307 4297 placuerit.
347 4211 467 4275 Verum
497 4209 524 4272 si
550 4230 591 4280 cx
618 4231 655 4274 ea
682 4211 913 4275 usufructuaria
943 4210 1090 4294 portione
1117 4207 1242 4292 aliquid
