2648 4874
286 277 393 332 erois
413 270 838 329 u1s1oornonnuu1uv.
859 270 934 328 riu.
952 269 974 324 1.
1108 251 1182 326 tos

71 419 154 498 ricis,
176 425 310 500 praeter
338 435 530 476 consensum
551 421 750 474 caeterorum
771 409 974 489 clericorum,
994 411 1124 493 uliqnld·
1141 413 1182 474 tle

72 505 163 566 rebus
188 499 352 562 ecclesiae
373 496 556 560 vendiderit
576 497 629 556 vel
659 494 844 571 donaverit,
873 493 937 554 hoc
968 495 1094 554 firmum
1116 515 1181 556 non

73 607 136 648 esse
158 582 401 666 praecipimus:
424 581 487 642 nisi
514 580 559 639 ita
579 579 678 639 fuerit
697 579 782 638 facta
794 577 939 640 venditio
961 576 1025 638 sive
1041 578 1184 652 donatio,

73 666 345 750 quemadmodum
366 673 550 725 sauctorum
568 683 729 724 canonum
749 660 894 722 instituta
915 660 1116 722 constituunt
1135 670 1184 721 at-

73 769 131 834 que
155 749 351 810 decernunt.
913 761 915 772 ·

515 863 573 925 IV.
593 881 741 936 auricus.

92 949 139 1009 De
162 947 256 1010 rebus
277 943 426 1007 ecclesiae
446 943 484 1005 ab
508 945 557 1004 bis
576 945 742 1028 possessis,
767 942 823 1025 qai
841 955 913 1004 sunt
938 943 1085 1006 ecelesiae
1107 943 1164 1006 ob·

470 1027 586 1110 sequiis
606 1027 786 1109 mancipati.
1153 1035 1159 1045 ·

75 1111 219 1176 Heredes
245 1107 398 1192 Episcopi
424 1129 481 1169 seu
512 1107 648 1169 aliorum
674 1108 886 1187 clericorum,
920 1108 976 1192 qui
1001 1107 1085 1170 filios
1110 1127 1185 1168 suos

77 1199 111 1257 in
133 1193 328 1276 obsequium
350 1190 508 1252 ecclesiae
532 1189 848 1269 commendaverint,
871 1199 905 1252 et
929 1201 1030 1252 terras
1055 1191 1107 1254 vel
1129 1190 1187 1249 ali·

76 1279 156 1362 quid
185 1299 227 1338 ex
246 1273 471 1335 munificentia
499 1272 656 1335 ecclesiae
677 1273 897 1355 possederintz
935 1275 961 1336 si
983 1274 1044 1370 ipsi
1072 1275 1106 1333 in
1130 1273 1187 1333 lai-

77 1384 131 1424 cos
153 1359 275 1421 reversi
301 1357 435 1434 fuerint,
457 1365 512 1417 aut
533 1356 572 1417 de
594 1355 724 1417 servitio
745 1355 921 1434 ecclesiae,
957 1377 1049 1418 curus
1069 1365 1188 1418 terram

74 1445 125 1507 vel
144 1439 507 1525 aliquamsubstantiam
542 1439 738 1516 assidebunt,
751 1438 968 1515 discesserint,
991 1440 1186 1518 statimquae

75 1527 284 1611 possidebant
305 1523 461 1583 amittant.
505 1462 570 1583 §bd
594 1527 626 1583 et
647 1523 682 1582 in
707 1521 856 1583 omnibus
886 1522 1032 1599 clericis,
1065 1521 1122 1604 qui
1145 1521 1186 1581 de

75 1609 171 1671 rebus
194 1605 350 1670 ecclesiae
379 1626 593 1688 quaecunque
614 1605 826 1687 possederint,
848 1613 993 1666 servetur
1015 1603 1096 1665 haec
1119 1604 1188 1662 for-

74 1715 143 1754 ma:
169 1713 210 1752 ne
230 1688 373 1770 quamvis
397 1690 492 1772 longa
508 1687 668 1771 possessio
690 1687 857 1750 dominum
875 1687 1029 1748 ccclesiae
1052 1709 1070 1746 a
1090 1685 1186 1748 rebus

75 1774 136 1838 sibi
159 1773 277 1836 debitis
302 1771 497 1854 quandoque
520 1771 683 1848 secludat,
713 1769 790 1854 quia
814 1778 846 1831 et
867 1792 1028 1836 canonum
1047 1767 1189 1828 auctori-

76 1870 123 1921 tas
145 1858 189 1916 ita
214 1854 425 1917 commendat.
467 1854 531 1915 Sed
556 1863 588 1915 et
612 1853 726 1914 viduae
750 1852 952 1914 sacerdotum
975 1852 1026 1913 vel
1050 1851 1188 1912 aliorum

77 1939 289 2016 elericorum,
319 1958 401 2019 quae
425 1936 510 1998 filios
534 1959 608 1998 suos
635 1936 670 1996 iu
694 1935 886 2018 obsequium
911 1934 1068 1997 ecclesiae
1098 1955 1189 1993 com-

76 2024 260 2098 mendant,
294 2041 352 2102 pro
377 2019 445 2080 sola
469 2019 694 2097 miseratione,
731 2020 770 2080 de
805 2018 902 2079 rebus
938 2015 1188 2093 ecclesiasticis,

76 2128 157 2192 quas
177 2113 270 2189 pater
289 2101 405 2180 tenuit,
431 2124 497 2164 non
524 2101 705 2164 efficiuntur
724 2109 877 2163 extorres.

428 2219 471 2285 V.
497 2238 628 2282 suavius
649 2239 747 2281 amos
768 2239 842 2280 nux.

139 2327 189 2386 De
213 2323 412 2409 reparatione
439 2322 662 2396 ecclesiarum,
691 2323 739 2382 vel
764 2320 902 2382 diversis
928 2320 1000 2382 aliis
1023 2321 1134 2388 causis,

163 2411 368 2488 Quamquam
387 2406 421 2466 in
443 2405 624 2488 praeteritis
653 2415 836 2467 sauctorum
863 2415 988 2487 patrum
1017 2403 1057 2465 de
1079 2403 1190 2466 diver-

81 2492 124 2554 sis
155 2490 323 2551 sententiis
351 2488 526 2564 enitentes,
558 2487 614 2549 sed
640 2497 672 2549 ct
692 2487 792 2565 haec,
820 2509 902 2570 quae
930 2497 1074 2569 tempore
1101 2488 1191 2549 ordi-

82 2592 191 2654 neque
221 2579 424 2654 cougrunnt,
463 2570 612 2631 ordinato
641 2569 712 2631 iure
741 2570 938 2631 instituenda
972 2578 1056 2634 sunt.
1110 2571 1192 2630 Nam·

80 2657 167 2718 sicut
191 2654 363 2737 antiquitas
391 2654 430 2716 de
459 2653 561 2715 causis
582 2651 807 2736 ingruentibus
829 2651 915 2714 edita
936 2652 1110 2714 multitudo
1125 2652 1193 2714 edi·
1254 2697 1256 2704 .

80 2748 204 2814 tarum,
234 2737 276 2798 ita
301 2759 390 2798 nunc
424 2735 526 2798 nostri
554 2736 704 2819 temporis
727 2735 877 2798 ecclesias
898 2736 977 2813 Dei,
1007 2756 1091 2817 qnae
1111 2757 1192 2796 con-

80 2828 206 2895 ruunt,
235 2829 271 2880 ut
292 2819 413 2880 faciant
438 2818 602 2880 convenit.
662 2819 866 2900 Quapropter
894 2817 927 2876 in
951 2819 1058 2878 medio
1078 2827 1191 2878 coetus

82 2901 182 2963 nostri
206 2901 349 2962 delatum
370 2910 417 2962 est
440 2900 642 2982 quorundam
664 2901 864 2962 consuetudo
887 2900 1069 2962 inordinata
1089 2920 1192 2961 sacer-

82 2985 210 3059 dotum,
243 2984 333 3065 quod
352 2983 516 3066 paroecias
537 3003 607 3044 suas
634 2981 719 3043 ultra
743 2983 873 3044 modum
890 2981 1026 3045 diversis
1046 2982 1191 3044 exactio-

82 3067 193 3142 nibus,
225 3064 438 3148 velangariis
461 3063 688 3146 comprimant,
717 3065 771 3125 vel
799 3064 977 3147 quidquam
1002 3064 1112 3146 plures
1135 3085 1190 3126 eo·

81 3149 196 3210 clasiae
220 3147 391 3210 destitutae
413 3147 593 3230 persistant.
635 3146 760 3208 Idcirco
783 3148 861 3209 uuio
877 3157 1004 3209 nostrae
1026 3147 1193 3207 adunatio·

83 3231 132 3290 nis
147 3230 314 3304 decernit,
345 3240 442 3313 atque
462 3229 609 3291 instituta
631 3229 787 3308 instituit,
818 3239 856 3292 ut
880 3230 988 3294 tertias
1009 3250 1088 3310 quas
1107 3228 1193 3288 auti-

82 3313 139 3394 qui
168 3333 308 3374 canones
331 3314 370 3374 de
384 3313 542 3395 paroeciis
559 3310 721 3374 habendas
743 3313 966 3394 episcoporum
983 3321 1192 3387 censuerunt,¹

81 3396 109 3456 ei
135 3416 188 3456 eas
213 3393 387 3477 exigendus
410 3393 625 3470 credideriut,
647 3394 686 3455 ab
708 3386 1014 3476 episcopis‘dirataa
1036 3393 1192 3456 ecclesiae

80 3486 285 3560 reparentur.
334 3478 369 3539 Si
392 3497 469 3539 vero
490 3475 665 3538 maluerint
692 3478 843 3552 credere,
875 3475 914 3536 ab
942 3476 1127 3538 earumdem
1142 3495 1193 3538 ec·

82 3559 256 3620 elesiarum
279 3560 472 3636 cultoribus,
501 3560 560 3621 sub
587 3579 665 3620 cura
698 3569 731 3620 et
758 3559 979 3620 sollicitudine
1007 3559 1057 3620 sui
1077 3559 1193 3622 Ponti-

81 3642 150 3702 licis
183 3643 419 3725 reparationem
449 3641 564 3703 iisdem
589 3651 636 3702 est
667 3641 850 3702 adhibenda
888 3639 1039 3703 basilicis.
1096 3635 1195 3718 Quod

81 3722 186 3786 omnis
216 3725 388 3802 ecclesiae,
420 3733 474 3784 aut
509 3723 682 3785 incolumis
708 3723 809 3788 fuerit
838 3724 1023 3784 secundum
1041 3723 1194 3804 antiquo-

80 3827 154 3868 rum
175 3827 338 3868 canonum
358 3805 504 3870 instituta
518 3805 626 3867 tertias
637 3805 698 3866 sibi
716 3805 837 3866 debitas
859 3806 1084 3888 unusquisque
1106 3805 1194 3901 epis·

81 3910 201 3972 copus,
223 3888 249 3950 si
260 3889 419 3968 voluerit,
440 3890 575 3950 facultas
594 3886 644 3947 illi
664 3887 849 3949 omnimodo
868 3887 946 3965 erit,
971 3886 1014 3948 ita
1039 3887 1194 3950 videlicet

81 3981 119 4032 ut
141 3981 282 4032 caeteras
308 3971 408 4053 ipsius
431 3971 541 4032 tertias
565 3969 675 4031 nullos
697 3969 919 4052 episcoporum
942 3969 1107 4054 quippiam
1135 3991 1194 4052 pro

79 4053 145 4116 reis
173 4051 441 4134 inquisitionibus
468 4051 681 4136 paroeeitanis
707 4051 852 4113 ecclesiis
877 4051 1005 4133 exigat,
1043 4050 1193 4132 nihilque

81 4137 122 4196 de
146 4134 288 4221 praediis
314 4137 457 4221 ipsarum
485 4135 637 4217 cuiquam
660 4134 783 4217 aliquid
806 4157 899 4196 causa
934 4133 1085 4216 stipendii
1116 4134 1193 4194 dare

80 4224 274 4301 praesumat.
340 4220 404 4282 Sed
428 4218 608 4282 necessario
632 4216 831 4280 instituendo
863 4217 1035 4302 elegimus,
1067 4225 1102 4306 ut
1124 4217 1194 4300 plu-
