2684 4868
128 301 203 385 536
372 320 480 385 mors
498 319 794 433 ntsreornotun
812 325 878 387 sto.
895 327 944 388 u
961 325 1034 400 nr.
1053 332 1079 390 s.

127 475 218 543 rant:
250 475 287 531 ut
309 487 384 532 cam
408 467 526 552 quibus
550 465 716 534 exercitus
740 467 982 556 expeditionem
999 489 1154 556 perngero
1198 495 1247 540 os·

128 550 473 637 sssspsassmttsttsss
494 571 552 616 cos
575 550 750 615 clementis
768 553 958 638 principalis
981 552 1137 624 institunt.
1166 495 1247 638 gui-
1268 621 1271 628 ,

130 655 262 719 cunque
294 653 373 698 vero
393 655 435 696 ex
460 635 507 698 eis
532 644 571 697 ut
595 634 720 698 dutum
741 645 807 715 est,
833 644 978 720 tempore
1002 637 1161 703 exercitos
1185 642 1247 703 do-
1294 673 1297 680 ι

130 715 344 798 miserendus
361 717 633 802 praesumpserit,
668 727 704 780 et
724 717 858 782 minime
884 740 960 784 cum
979 719 1137 801 coeteris,'
1160 722 1247 786 sicut

130 799 249 886 regalis
284 794 447 874 ordinatio
477 799 597 882 fuerit,
634 798 669 862 in
702 799 866 886 publicem
898 797 1140 886 expeditionem
1170 827 1247 889 per-

119 883 273 962 senesit,
307 882 436 948 noterit
461 905 496 948 se
519 883 559 945 ed
583 882 734 968 propriae
763 883 927 948 servitutis
958 881 1070 968 iugum
1105 887 1248 968 reverti,

129 991 177 1035 ex
216 987 282 1049 quo
317 976 447 1048 ereptos
479 965 639 1030 libertatis
674 975 837 1032 meruerat
872 987 1045 1052 personam
1078 989 1251 1042 assumere.

131 1050 187 1121 Illi
216 1047 439 1115 tantummodo
461 1047 555 1112 banc
575 1055 674 1113 erunt
701 1049 914 1114 senteutiom'
932 1047 1080 1129 evasuri,
1110 1049 1170 1148 qui
1202 1072 1252 1114 or·

131 1133 265 1199 boante
290 1120 467 1228 Prihcipe,
497 1134 589 1197 Duce
615 1129 821 1195 vel‘Comite
848 1155 927 1210 sno,
964 1129 1097 1215 ‘aliquid
1119 1127 1252 1196 iniunc-

126 1224 207 1286 tum,
233 1235 293 1297 prc
325 1203 465 1297 publreis
498 1213 694 1278 utilitatibus
723 1215 764 1278 ed
790 1214 1020 1300 percendum
1044 1215 1253 1302 occeperint,

132 1298 186 1363 rel
213 1304 296 1384 quos
318 1306 433 1381 petens
452 1297 619 1382 agritudo,
650 1305 707 1360 sut
738 1237 945 1384 quorundam
963 1294 1260 1387 impedimentum·

132 1377 322 1456 nullatenus
351 1400 526 1468 properare
554 1378 710 1465 permisit,
1209 1394 1212 1403 ·

491 1495 588 1566 XXI.
617 1517 680 1566 rus.
698 1515 797 1561 soros
824 1516 898 1562 m.

394 1611 445 1678 De
477 1615 761 1696 transgressoribus
793 1613 990 1682 libertorum.

189 1771 191 1783 .
218 1690 329 1784 Saepe·
350 1697 536 1774 andivimus
557 1697 741 1782 multosque
769 1697 982 1782 cognovimus
1012 1695 1169 1778 libertos,
1200 1719 1256 1764 re·

135 1779 326 1868 linquentes
347 1779 593 1844 manumissores
620 1802 714 1862 suos,
734 1799 817 1866 quos
841 1784 874 1841 et
899 1779 1047 1843 dominos
1070 1803 1140 1844 esse
1159 1791 1256 1846 testa-

134 1859 228 1947 ¹ruur,
259 1863 335 1950 quie
364 1862 556 1950 voluptuose
579 1862 765 1942 voluntate,
797 1862 875 1925 dum
896 1863 1042 1927 relexeto
1061 1865 1156 1926 freno
1182 1879 1260 1928 se'r-

58 1971 61 1977 ’
133 1945 247 2030 titulis
269 1955 462 2032 erumpunt,
483 1946 635 2030 aequales
655 1968 690 2010 se
712 1943 851 2009 dominis
872 1945 939 2008 suis
960 1946 1016 2008 tel
1046 1943 1159 2008 cortina
1185 1967 1260 2012 suc·
1299 1951 1303 1968 '

135 2025 317 2104 sessoribus
338 2049 407 2092 esse
428 2025 597 2092 affirment.
644 2028 741 2110 Quod
771 2049 829 2090 nos
849 2027 946 2090 modo
969 2033 1001 2090 et
1016 2027 1130 2092 'debite
1151 2051 1259 2094 vene-

135 2112 265 2178 ratione
294 2118 328 2174 et
355 2109 476 2174 salubri
497 2109 704 2175 ordinatione
726 2111 884 2174 relitnrue
906 2101 988 2194 legis
1019 2129 1189 2175 censemus
1211 2122 1259 2175 ut·

136 2215 205 2292 que
226 2195 392 2258 iubemus:
413 2203 450 2256 ut
482 2193 672 2280 quicunque
700 2193 838 2257 libertus
859 2201 915 2255 ant
936 2193 1077 2274 liberta,
1115 2196 1169 2258 vel
1195 2196 1260 2258 tilii

138 2275 353 2356 libertorum,
380 2277 408 2340 si
429 2275 711 2340 manumissoribus
737 2277 822 2356 suis,
859 2275 926 2342 sive
955 2277 1052 2338 etiem
1072 2277 1149 2339 filiis
1177 2298 1260 2362 pro-

137 2361 293 2446 libusque
315 2359 368 2424 vel
391 2359 565 2447 nepotibus
586 2381 716 2437 eornm,
744 2359 798 2424 vel
820 2357 942 2442 qui-ex
963 2359 1010 2421 eis
1030 2361 1155 2422 fuerint
1168 2362 1261 2448 geni·

136 2437 183 2525 tl,
209 2465 406 2532 quocunque
426 2441 574 2527 tempore'
591 2440 813 2524 superbientes
837 2461 875 2504 ec
897 2433 1121 2514 inobedientes
1139 2445 1263 2526 extite-

131 2522 228 2608 rint,
250 2536 305 2589 ant
325 2546 520 2610 quocunqne
542 2524 720 2587 subtilitate
741 2532 797 2587 ant
828 2522 971 2608 ingenio·
990 2526 1045 2588 vel
1066 2529 1261 2610 argumento

130 2603 288 2690 'fraudis5
317 2609 372 2671 vel
401 2607 520 2672 leviter
539 2607 580 2670 de
602 2628 715 2670 eorum
735 2606 916 2694 patrocinio
937 2626 971 2670 se
993 2608 1121 2672 aulone
1142 2609 1262 2672 volue-

121 2688 228 2776 nint,¹
253 2705 331 2755 tunc
355 2691 389 2752 in
411 2693 556 2775 ternpore
583 2699 672 2752 trans
695 2690 848 2753 sessionis
870 2711 984 2752 eorum
1001 2701 1139 2765 careant
1155 2691 1263 2756 llber-

139 2785 219 2843 tate.
258 2770 338 2859 Filii
357 2783 464 2836 tamen
485 2770 543 2858 qui
565 2773 605 2836 de
625 2712 740 2847 iisdem
761 2773 886 2834 fuerint
906 2771 1007 2856 geniti
1028 2773 1075 2836 sie
1096 2784 1263 2853 errantes,

141 2859 306 2946 proedicto
333 2855 509 2942 superioris
536 2853 617 2942 legis
638 2855 869 2921 constitutione
891 2856 1084 2942 perenuiter
1105 2853 1264 2922 servituri

144 2942 298 3010 tradendi
324 2949 410 3004 sunt.

229 3123 311 3193 nm.
331 3121 390 3192 vr.
429 3121 488 3188 oe
530 3119 788 3194 scennatsus
829 3121 888 3188 nr
926 3120 1204 3224 roaomnrrs,

262 3263 355 3362 Tru,
378 3265 410 3340 1.
457 3267 519 3340 De
542 3268 829 3342 accusationibus
854 3269 1148 3341 criminosorum.
1263 3339 1266 3344 .

432 3419 458 3489 1.
498 3439 639 3499 anricus
679 3441 742 3486 ses.
782 3443 870 3487 enos.
912 3444 981 3490 neu.

270 3531 313 3600 Ut
337 3533 467 3606 dominc
490 3538 540 3602 vel
558 3539 734 3602 senioribus
762 3537 827 3602 loci
845 3549 973 3623 petatur
991 3559 1102 3604 seruus
1122 3540 1159 3602 in
1258 3581 1259 3588 κ

531 3623 664 3684 crimine
707 3633 879 3685 accusatus.
985 3627 986 3632 ’

232 3699 267 3762 si
281 3722 390 3766 servus
403 3701 439 3768 iu
460 3704 571 3789 aliquo
586 3704 720 3768 crimine
742 3713 925 3784 accusetur,
946 3703 1047 3766 iudex
1059 3705 1150 3788 prius
1167 3703 1273 3767 domi-

148 3803 240 3862 num,
261 3784 484 3860 villicumnel
502 3797 642 3850 actorem
662 3788 732 3852 eius
753 3785 818 3849 loci
831 3833 840 3866 ,
855 3788 947 3849 cuius
968 3809 1078 3849 servus
1099 3783 1197 3850 fuerit
1218 3811 1271 3851 nc·

151 3876 301 3949 ousatus,
332 3865 503 3933 admoneat
523 3880 560 3933 ut
582 3892 654 3932 cum
677 3869 710 3931 in
730 3869 852 3933 iudicio
876 3879 1067 3952 praesentet.
1108 3871 1209 3949 Quod
1241 3871 1270 3934 si

151 3973 245 4012 reum
266 3964 470 4034 praesentare
497 3953 659 4031 noluerit,
691 3953 758 4036 ipse
780 3953 929 4016 dominus
952 3953 1005 4014 vel
1026 3961 1116 4014 actor
1132 3963 1188 4013 aut
1204 3954 1271 4015 sil-

150 4034 254 4112 licus,
284 4035 388 4098 donec
409 4058 538 4099 servum
563 4043 765 4118 praesentet,
797 4060 815 4097 a
842 4035 958 4098 comite
986 4035 1123 4096 civitatis
1144 4037 1197 4097 vel
1220 4037 1271 4098 iu·

151 4117 224 4180 dice
246 4116 464 4198 distringetur.
515 4119 609 4182 Certe
631 4116 657 4180 si
679 4117 845 4195 dominns,
878 4120 933 4181 vel
963 4114 1080 4201 quibus
1103 4117 1273 4182 commissa

134 4221 203 4291 ³res
225 4210 292 4274 est,
326 4201 501 4264 difficulter
519 4201 559 4263 ed
581 4201 689 4264 locum
711 4199 952 4288 approximent,
980 4223 998 4262 a
1020 4199 1129 4268 iudice
1150 4209 1272 4266 leneu-

150 4283 211 4344 dus
233 4292 265 4344 et
285 4279 509 4352 discutiendus
531 4293 579 4348 est
599 4305 717 4350 servus.
