2648 4874
243 303 769 366 .neo1sw1s1eornosuun1a.
789 307 826 361 u.
845 305 918 362 ur.
938 309 975 364 n.
1093 291 1172 370 445

56 457 180 513 coaetus
207 447 369 513 exsolvat.
411 446 509 524 Quod
530 446 556 508 si
577 445 675 506 iudex
704 446 760 507 ille
782 442 838 530 qui
865 446 1052 513 dilationem
1082 455 1171 535 fecit,

53 555 157 595 rerum
180 541 319 594 suarum
337 529 580 613 possibilitatem
602 529 763 596 in'vicino
786 551 851 590 non
866 530 990 610 habeat,
1015 537 1101 598 unde
1122 540 1171 599 al.

54 627 100 677 ter
120 615 227 676 iudex
253 613 312 696 qui
336 613 544 687 commonuit,
567 613 699 695 petitori
719 622 884 693 repensct;
906 622 985 676 tune
1010 618 1050 677 de
1074 622 1171 680 terri-

52 699 133 760 torio
161 695 459 758 eiusdem·iudicis
485 695 673 771 differentis,
702 697 927 776 cuiuscunque
952 720 1021 759 rem
1047 710 1172 764 tantum

55 783 204 855 auferat,
237 787 397 860 quantum
431 777 553 858 petenti
582 779 775 860 consignet,
809 787 865 837 aut
893 790 981 841 certe
1019 783 1172 866 obsigna-

55 874 117 925 tam
142 861 283 945 petitori
313 859 412 920 faciat
433 859 640 938 cessionem,
675 861 707 920 in
737 882 800 944 qua
829 861 974 944 pignoris
1007 869 1173 946 quantita-

55 957 119 1008 tem
143 945 291 1019 adnotet,
309 964 368 1026 per
392 963 487 1024 quam
506 943 626 1023 petitor
647 945 871 1024 praesumendi
894 945 954 1006 sibi
979 945 1095 1009 habeat
1117 972 1172 1030 po·
1282 941 1284 948 ’

57 1037 217 1091 testatem.
260 1028 346 1086 Dum
370 1046 446 1085 vero
467 1023 524 1084 ille
541 1025 595 1108 qui
616 1026 802 1108 pigneratus
820 1026 973 1104 extiterit,
995 1029 1088 1113 Regi,
1106 1033 1174 1092 Du-

58 1112 88 1174 ei
111 1109 166 1171 vel
194 1107 327 1180 Comiti,
353 1129 413 1190 pro
441 1106 498 1167 tali
523 1107 622 1169 fuerit
653 1110 787 1190 pignore
822 1111 1025 1190 querelatus,
1058 1115 1171 1176 eadem

58 1193 207 1281 pignoris
232 1193 387 1273 dampna,
413 1211 494 1272 quae
529 1188 616 1251 idem
642 1212 815 1272 suggerens
842 1193 994 1272 pertulit,
1029 1194 1062 1253 in
1095 1217 1173 1278 quu-

60 1276 219 1360 druplum
243 1273 273 1335 ei
303 1275 343 1334 de
368 1293 426 1332 suo
450 1271 547 1332 iudex
575 1273 641 1358 ipse
669 1273 831 1334 dilationis
861 1285 988 1336 coactus
1011 1277 1170 1342 restituat.

62 1358 161 1438 Quod
187 1356 216 1418 si
243 1357 284 1418 de
318 1354 416 1416 rebus
442 1355 598 1418 debitoris
622 1358 741 1440 petitor
769 1356 886 1438 pignus
911 1359 1101 1438 abstulerit,
1130 1363 1172 1423 ad

60 1441 265 1524 superiorem
285 1437 535 1502 satisfactionem
558 1437 657 1499 iudex
677 1439 780 1499 teneri
802 1460 866 1498 non
895 1442 1021 1522 poterit.
1075 1444 1171 1506 Certe

60 1527 89 1589 si
109 1524 199 1584 idem
221 1523 320 1583 iudex
341 1521 532 1581 ammonitus
560 1521 678 1602 absque
704 1520 858 1582 dilatione
891 1545 1031 1584 caussam
1063 1526 1173 1587 audie·

60 1607 105 1671 rit
127 1606 294 1688 petitoris,
321 1603 362 1664 in
388 1625 452 1686 qua
478 1623 552 1663 eum
594 1604 738 1666 reveniat
758 1602 875 1666 habere
899 1605 1083 1668 nuliatenus
1112 1630 1173 1670 ve-

61 1692 207 1766 ritatem,
232 1685 390 1748 iudicium
418 1707 478 1768 per
497 1627 592 1769 quod
612 1687 680 1748 eius
708 1686 865 1760 iniustitia
887 1689 1009 1770 patuit,
1036 1689 1174 1752 eviden-

62 1775 153 1834 tibus
186 1769 505 1852 scripturisemittat.
555 1771 604 1830 De
638 1767 731 1832 cuius
763 1779 853 1830 textu
880 1772 1044 1852 exemplar
1065 1773 1174 1834 fideti-

62 1866 115 1918 ter
136 1854 347 1929 translatum,
376 1873 497 1932 suaque
524 1872 620 1912 manu
651 1853 866 1935 subscriptum
895 1863 991 1934 atque
1012 1853 1175 1937 signatum

62 1937 199 2013 iudici,
236 1957 254 1994 a
287 1956 354 2016 quo
389 1933 580 1995 ammonitus
613 1933 748 2012 fuerat,
786 1935 925 2015 dirigere
964 1957 1028 1995 non
1067 1959 1176 1997 more-

62 2031 127 2083 tur.
191 2021 235 2080 Et
265 2017 291 2078 si
329 2025 399 2100 post
432 2016 494 2078 hoe
527 2016 698 2097 aequitatis
726 2016 884 2078 iudicium
921 2019 1061 2102 patuerit
1085 2039 1178 2100 prae·

63 2102 207 2186 sumptio
237 2099 462 2182 pignorautis,
494 2098 656 2180 ingenuus
683 2100 709 2164 si
732 2101 864 2182 quidem
892 2122 928 2162 ea
959 2122 1042 2182 quae
1067 2121 1177 2161 caussa

63 2186 212 2270 pignoris
230 2183 409 2259 abstulerit,
432 2181 585 2263 dupplam
603 2182 635 2241 id
651 2194 697 2244 est
720 2184 863 2243 amissam
887 2205 967 2261 rem,
989 2205 1062 2243 cum
1079 2181 1178 2244 siusili

64 2292 102 2330 re
125 2270 158 2328 in
182 2265 395 2328 satisfactione
418 2264 576 2329 restituat.
618 2265 732 2326 Servus
754 2276 859 2326 autern
877 2267 934 2348 qui
955 2265 1030 2326 talia
1048 2265 1178 2327 commi·

66 2351 144 2416 sisse
173 2349 345 2431 detegitur,
369 2347 404 2408 C.
427 2348 508 2408 ictus
527 2346 661 2428 accipiat
681 2349 894 2430 flagellorum,
919 2359 1015 2430 atque
1038 2349 1178 2431 turpiter

66 2435 254 2497 decalvatus
285 2431 319 2489 in
348 2429 509 2513 integrum
534 2451 609 2490 mox
641 2433 793 2492 reformet
822 2453 916 2509 rem,
949 2453 1044 2514 quam
1069 2454 1179 2494 caussa

64 2515 213 2602 pignoris
236 2513 414 2596 occupavit.
457 2512 513 2575 Illi
537 2533 615 2573 vero
640 2515 696 2595 qui
724 2515 763 2575 ad
788 2515 1026 2596 pignorandum
1055 2537 1178 2576 couve-

64 2600 190 2676 nerint,
213 2597 238 2656 si
265 2596 349 2656 servi
372 2596 455 2673 sint,
484 2604 517 2655 et
536 2616 593 2657 sua
620 2606 732 2678 sponte
759 2598 1002 2674 concurrerint,
1030 2599 1177 2659 centenis

65 2693 98 2745 et
121 2682 184 2764 ipsi
211 2678 426 2739 verberentur
447 2677 593 2758 flagellis.
644 2679 678 2739 Si
706 2701 780 2740 vero
804 2680 962 2761 ingenui,
991 2682 1080 2741 aliud
1104 2690 1178 2740 tun·

63 2775 136 2824 tum
164 2760 294 2824 domino
319 2760 512 2836 restituant,
540 2770 697 2840 quantum
729 2762 759 2822 ci
789 2763 953 2824 abstulisse
976 2765 1177 2844 probantur,

65 2854 264 2929 sequestrata
290 2844 379 2904 illius
405 2844 648 2928 compositione,
674 2844 732 2925 qui
751 2844 869 2928 pignus
894 2845 1039 2908 indebite
1059 2847 1177 2908 fecisse

67 2928 286 2993 convincitur.

465 3009 559 3076 Vlll.
620 3008 776 3082 Astreus.

129 3094 180 3155 De
199 3093 248 3151 his
269 3093 324 3171 qui
349 3094 382 3152 in
405 3096 522 3153 caussis
544 3091 655 3152 alienis
678 3093 881 3174 patrocinare
902 3105 1114 3177 praesumunt.

149 3175 348 3256 Quicunque
378 3175 500 3237 habens
525 3195 667 3235 caussam
694 3174 734 3235 ad
762 3175 915 3236 maiorem
943 3197 1113 3257 personam
1142 3197 1176 3238 se

67 3268 239 3342 propterea
263 3258 460 3336 contulerit,
490 3267 525 3318 ut
551 3258 585 3316 in
613 3256 735 3317 iudicio
757 3280 815 3339 per
843 3259 932 3320 illius
960 3259 1177 3341 patrocinium

68 3341 287 3402 adversarium
314 3363 408 3402 suum
429 3342 530 3422 possit
548 3340 740 3422 opprimere,
766 3342 867 3424 ipsam
890 3364 1032 3402 caussam
1053 3343 1092 3402 de
1113 3365 1179 3422 qua

68 3425 184 3506 agitur,
199 3424 258 3484 etsi
269 3423 351 3483 iusta
362 3423 471 3500 fuerit,
487 3425 576 3506 quasi
591 3423 697 3483 victus
715 3427 842 3504 perdat:
856 3425 954 3485 iudex
973 3435 1089 3502 autem,
1102 3447 1177 3487 mox

69 3517 104 3566 ut
125 3507 243 3567 viderit
265 3527 492 3588 quemcunque
511 3515 675 3589 potentem
697 3506 730 3564 in
747 3529 855 3568 caussa
876 3509 1048 3569 cuiuslibet
1069 3519 1179 3589 patro-

70 3589 183 3664 cinari,
196 3589 294 3648 lieeat
311 3589 341 3648 ei
360 3589 399 3649 de
411 3590 532 3651 iudicio
548 3612 622 3650 eum
644 3591 792 3650 abiicere.
814 3592 910 3668 Quod
923 3593 948 3652 si
969 3602 1083 3674 potens
1103 3614 1180 3652 con·

68 3671 238 3754 tempserit
264 3672 428 3749 iudicem,
465 3680 496 3733 ct
523 3681 669 3755 proterve
691 3674 842 3733 resistens
866 3672 904 3734 ‹l'e
923 3674 1044 3734 iudicio
1067 3675 1178 3757 egredi

69 3757 120 3816 vel
143 3757 254 3814 locum
274 3755 348 3815 dare
372 3755 526 3816 iudicanti
550 3756 709 3833 noluerit,
732 3765 922 3839 potestatem
947 3759 1062 3819 habeat
1081 3760 1180 3820 iudex

72 3841 109 3899 ab
137 3839 208 3920 ipso
228 3845 358 3920 potente
382 3838 459 3898 duas
482 3839 550 3898 auri
576 3838 693 3916 libras,
716 3861 813 3906 arnam
835 3840 915 3916 sibi,
941 3843 1072 3902 alteram
1097 3842 1180 3924 parti

73 3923 157 3996 eius,
182 3920 236 3980 cui
260 3929 374 4001 potens
402 3921 468 4001 ipse
491 3921 689 3982 adversarius
709 3923 831 4000 extitit,
861 3926 1043 4007 profuturas
1068 3927 1181 4006 exige-

71 4026 116 4080 re,
137 4003 283 4064 et-hune
307 4025 381 4061 cum
405 4003 523 4063 iniuria
547 4004 691 4064 violenta
710 4028 727 4063 a
750 4006 870 4066 iudicio
894 4011 1093 4090 propulsare.
1115 4011 1188 4084 Re-⁴

74 4087 154 4166 liqui
172 4107 250 4146 vero
272 4085 407 4167 ingenui
428 4087 493 4146 sive
517 4087 610 4162 servi,
632 4088 687 4168 qui
708 4090 872 4149 ammoniti
900 4113 916 4148 a
935 4091 1043 4151 iudice
1071 4091 1181 4150 absce-

75 4170 148 4229 dere
176 4169 217 4230 de
243 4167 366 4230 iudicio
398 4189 463 4228 nou
492 4171 732 4248 consenserint,
762 4172 882 4253 singuli
909 4175 1039 4256 publice
1068 4182 1182 4234 exten-

76 4253 211 4330 dantur,
243 4260 276 4314 et
296 4252 534 4336 quinquagenis
557 4251 758 4338 flagellorum
784 4256 902 4318 ictibus
924 4257 1141 4320 verberentur.
1186 4304 1189 4308 .
