<?xml version="1.0" encoding="UTF-8"?>
<!DOCTYPE html PUBLIC "-//W3C//DTD XHTML 1.0 Transitional//EN"
    "http://www.w3.org/TR/xhtml1/DTD/xhtml1-transitional.dtd">
<html xmlns="http://www.w3.org/1999/xhtml" xml:lang="en" lang="en">
 <head>
  <title>
</title>
<meta http-equiv="Content-Type" content="text/html;charset=utf-8" />
  <meta name='ocr-system' content='tesseract 3.04.00' />
  <meta name='ocr-capabilities' content='ocr_page ocr_carea ocr_par ocr_line ocrx_word'/>
</head>
<body>
  <div class='ocr_page' id='page_1' title='image "./corpusiurisgerm00visigoog_0024.png"; bbox 0 0 2648 4874; ppageno 0'>
   <div class='ocr_carea' id='block_1_1' title="bbox 268 261 1177 347">
    <p class='ocr_par' dir='ltr' id='par_1_1' title="bbox 268 261 1177 347">
     <span class='ocr_line' id='line_1_1' title="bbox 268 261 1177 347; baseline 0.008 -14"><span class='ocrx_word' id='word_1_1' title='bbox 268 270 374 333; x_wconf 76' lang='lat' dir='ltr'><strong>suess</strong></span> <span class='ocrx_word' id='word_1_2' title='bbox 392 276 683 334; x_wconf 80' lang='lat' dir='ltr'><strong>wrsreoruoauu</strong></span> <span class='ocrx_word' id='word_1_3' title='bbox 701 280 766 336; x_wconf 82' lang='lat' dir='ltr'><strong>nra.</strong></span> <span class='ocrx_word' id='word_1_4' title='bbox 785 279 823 336; x_wconf 86' lang='lat' dir='ltr'><strong>u.</strong></span> <span class='ocrx_word' id='word_1_5' title='bbox 841 279 914 336; x_wconf 83' lang='lat' dir='ltr'><strong>rrr.</strong></span> <span class='ocrx_word' id='word_1_6' title='bbox 933 285 955 338; x_wconf 82' lang='lat' dir='ltr'><strong>n</strong></span> <span class='ocrx_word' id='word_1_7' title='bbox 1104 261 1177 347; x_wconf 75' lang='grc'><strong>431</strong></span> 
     </span>
    </p>
   </div>
   <div class='ocr_carea' id='block_1_2' title="bbox 64 414 1178 584">
    <p class='ocr_par' dir='ltr' id='par_1_2' title="bbox 64 414 1178 584">
     <span class='ocr_line' id='line_1_2' title="bbox 66 414 1178 500; baseline 0.007 -20"><span class='ocrx_word' id='word_1_8' title='bbox 66 424 226 500; x_wconf 88' lang='lat' dir='ltr'><strong>ceperunt</strong></span> <span class='ocrx_word' id='word_1_9' title='bbox 240 415 403 499; x_wconf 82' lang='lat' dir='ltr'><strong>vigorem,</strong></span> <span class='ocrx_word' id='word_1_10' title='bbox 431 414 597 480; x_wconf 86' lang='lat' dir='ltr'><strong>habebunt</strong></span> <span class='ocrx_word' id='word_1_11' title='bbox 612 417 646 480; x_wconf 92' lang='lat' dir='ltr'><strong>in</strong></span> <span class='ocrx_word' id='word_1_12' title='bbox 668 419 892 486; x_wconf 85' lang='lat' dir='ltr'><strong>discernendis</strong></span> <span class='ocrx_word' id='word_1_13' title='bbox 911 420 966 488; x_wconf 80' lang='lat' dir='ltr'><strong>rel</strong></span> <span class='ocrx_word' id='word_1_14' title='bbox 986 419 1178 491; x_wconf 73' lang='lat' dir='ltr'>ordinandis</span> 
     </span>
     <span class='ocr_line' id='line_1_3' title="bbox 64 495 695 584; baseline 0.003 -22"><span class='ocrx_word' id='word_1_15' title='bbox 64 495 318 584; x_wconf 78' lang='lat' dir='ltr'><strong>quibuscunque</strong></span> <span class='ocrx_word' id='word_1_16' title='bbox 333 500 477 583; x_wconf 82' lang='lat' dir='ltr'><strong>negotiis</strong></span> <span class='ocrx_word' id='word_1_17' title='bbox 494 511 695 584; x_wconf 85' lang='lat' dir='ltr'><strong>potestatem.</strong></span> 
     </span>
    </p>
   </div>
   <div class='ocr_carea' id='block_1_3' title="bbox 395 617 846 688">
    <p class='ocr_par' dir='ltr' id='par_1_3' title="bbox 395 617 846 688">
     <span class='ocr_line' id='line_1_4' title="bbox 395 617 846 688; baseline 0.004 -8"><span class='ocrx_word' id='word_1_18' title='bbox 395 617 466 680; x_wconf 89' lang='lat' dir='ltr'><strong>XV.</strong></span> <span class='ocrx_word' id='word_1_19' title='bbox 494 634 556 683; x_wconf 78' lang='lat' dir='ltr'><strong>aas.</strong></span> <span class='ocrx_word' id='word_1_20' title='bbox 579 639 646 679; x_wconf 81' lang='lat' dir='ltr'><strong>css.</strong></span> <span class='ocrx_word' id='word_1_21' title='bbox 668 639 755 687; x_wconf 82' lang='lat' dir='ltr'><strong>nens.</strong></span> <span class='ocrx_word' id='word_1_22' title='bbox 776 638 846 688; x_wconf 80' lang='lat' dir='ltr'><strong>aas.</strong></span> 
     </span>
    </p>
   </div>
   <div class='ocr_carea' id='block_1_4' title="bbox 62 729 1218 1459">
    <p class='ocr_par' dir='ltr' id='par_1_4' title="bbox 63 729 1178 823">
     <span class='ocr_line' id='line_1_5' title="bbox 63 729 1178 823; baseline 0.006 -29"><span class='ocrx_word' id='word_1_23' title='bbox 63 731 182 818; x_wconf 82' lang='lat' dir='ltr'><strong>Quales</strong></span> <span class='ocrx_word' id='word_1_24' title='bbox 203 750 330 795; x_wconf 83' lang='lat' dir='ltr'><strong>caussas</strong></span> <span class='ocrx_word' id='word_1_25' title='bbox 350 729 461 792; x_wconf 81' lang='lat' dir='ltr'><strong>audire</strong></span> <span class='ocrx_word' id='word_1_26' title='bbox 482 729 618 794; x_wconf 85' lang='lat' dir='ltr'><strong>debeant</strong></span> <span class='ocrx_word' id='word_1_27' title='bbox 639 733 785 816; x_wconf 75' lang='lat' dir='ltr'><strong>tiuphadi</strong></span> <span class='ocrx_word' id='word_1_28' title='bbox 805 737 860 812; x_wconf 78' lang='lat' dir='ltr'><strong>li),</strong></span> <span class='ocrx_word' id='word_1_29' title='bbox 890 745 920 796; x_wconf 87' lang='lat' dir='ltr'><strong>ct</strong></span> <span class='ocrx_word' id='word_1_30' title='bbox 943 735 1087 820; x_wconf 77' lang='lat' dir='ltr'><strong>qualibus</strong></span> <span class='ocrx_word' id='word_1_31' title='bbox 1100 759 1178 823; x_wconf 87' lang='lat' dir='ltr'><strong>per-</strong></span> 
     </span>
    </p>

    <p class='ocr_par' dir='ltr' id='par_1_5' title="bbox 353 815 1218 898">
     <span class='ocr_line' id='line_1_6' title="bbox 353 815 1218 898; baseline 0.013 -25"><span class='ocrx_word' id='word_1_32' title='bbox 353 817 439 876; x_wconf 86' lang='lat' dir='ltr'><strong>sonis</strong></span> <span class='ocrx_word' id='word_1_33' title='bbox 461 835 587 874; x_wconf 79' lang='lat' dir='ltr'><strong>caussas</strong></span> <span class='ocrx_word' id='word_1_34' title='bbox 607 815 784 877; x_wconf 84' lang='lat' dir='ltr'><strong>audiendus</strong></span> <span class='ocrx_word' id='word_1_35' title='bbox 802 819 977 898; x_wconf 84' lang='lat' dir='ltr'><strong>iniungant.</strong></span> <span class='ocrx_word' id='word_1_36' title='bbox 1215 877 1218 884; x_wconf 21' lang='grc' dir='ltr'><strong><em>Δ</em></strong></span> 
     </span>
    </p>

    <p class='ocr_par' dir='ltr' id='par_1_6' title="bbox 147 895 1178 979">
     <span class='ocr_line' id='line_1_7' title="bbox 147 895 1178 979; baseline 0.004 -19"><span class='ocrx_word' id='word_1_37' title='bbox 147 899 233 960; x_wconf 89' lang='lat' dir='ltr'><strong>Cum</strong></span> <span class='ocrx_word' id='word_1_38' title='bbox 251 895 368 958; x_wconf 86' lang='lat' dir='ltr'><strong>ceteris</strong></span> <span class='ocrx_word' id='word_1_39' title='bbox 388 896 524 979; x_wconf 82' lang='lat' dir='ltr'><strong>negotiis</strong></span> <span class='ocrx_word' id='word_1_40' title='bbox 551 895 767 959; x_wconf 79' lang='lat' dir='ltr'><strong>criminalium</strong></span> <span class='ocrx_word' id='word_1_41' title='bbox 794 900 890 962; x_wconf 89' lang='lat' dir='ltr'><strong>etiam</strong></span> <span class='ocrx_word' id='word_1_42' title='bbox 910 923 1092 964; x_wconf 79' lang='lat' dir='ltr'><strong>caussarum</strong></span> <span class='ocrx_word' id='word_1_43' title='bbox 1111 902 1178 965; x_wconf 85' lang='lat' dir='ltr'><strong>tiu-</strong></span> 
     </span>
    </p>

    <p class='ocr_par' dir='ltr' id='par_1_7' title="bbox 62 979 1178 1459">
     <span class='ocr_line' id='line_1_8' title="bbox 62 979 1178 1069; baseline 0.004 -27"><span class='ocrx_word' id='word_1_44' title='bbox 62 981 179 1066; x_wconf 88' lang='lat' dir='ltr'><strong>phadis</strong></span> <span class='ocrx_word' id='word_1_45' title='bbox 205 979 372 1041; x_wconf 81' lang='lat' dir='ltr'><strong>iudicandi</strong></span> <span class='ocrx_word' id='word_1_46' title='bbox 400 1001 550 1040; x_wconf 90' lang='lat' dir='ltr'><strong>concessa</strong></span> <span class='ocrx_word' id='word_1_47' title='bbox 565 979 698 1041; x_wconf 88' lang='lat' dir='ltr'><strong>licentia</strong></span> <span class='ocrx_word' id='word_1_48' title='bbox 719 981 780 1061; x_wconf 90' lang='lat' dir='ltr'><strong>sit,</strong></span> <span class='ocrx_word' id='word_1_49' title='bbox 810 982 997 1046; x_wconf 87' lang='lat' dir='ltr'><strong>criminosos</strong></span> <span class='ocrx_word' id='word_1_50' title='bbox 1023 1008 1041 1044; x_wconf 87' lang='lat' dir='ltr'><strong>a</strong></span> <span class='ocrx_word' id='word_1_51' title='bbox 1068 986 1178 1069; x_wconf 83' lang='lat' dir='ltr'><strong>legum</strong></span> 
     </span>
     <span class='ocr_line' id='line_1_9' title="bbox 63 1061 1176 1145; baseline 0.005 -19"><span class='ocrx_word' id='word_1_52' title='bbox 63 1063 236 1126; x_wconf 85' lang='lat' dir='ltr'><strong>sententiis</strong></span> <span class='ocrx_word' id='word_1_53' title='bbox 252 1062 314 1145; x_wconf 91' lang='lat' dir='ltr'><strong>ipsi</strong></span> <span class='ocrx_word' id='word_1_54' title='bbox 328 1061 492 1123; x_wconf 82' lang='lat' dir='ltr'><strong>vindicare</strong></span> <span class='ocrx_word' id='word_1_55' title='bbox 511 1082 576 1122; x_wconf 91' lang='lat' dir='ltr'><strong>non</strong></span> <span class='ocrx_word' id='word_1_56' title='bbox 592 1063 750 1143; x_wconf 88' lang='lat' dir='ltr'><strong>audeant,</strong></span> <span class='ocrx_word' id='word_1_57' title='bbox 773 1065 830 1127; x_wconf 90' lang='lat' dir='ltr'><strong>sed</strong></span> <span class='ocrx_word' id='word_1_58' title='bbox 853 1066 993 1127; x_wconf 84' lang='lat' dir='ltr'><strong>debiturn</strong></span> <span class='ocrx_word' id='word_1_59' title='bbox 1012 1067 1045 1128; x_wconf 94' lang='lat' dir='ltr'><strong>in</strong></span> <span class='ocrx_word' id='word_1_60' title='bbox 1071 1069 1116 1132; x_wconf 89' lang='lat' dir='ltr'><strong>eis</strong></span> <span class='ocrx_word' id='word_1_61' title='bbox 1139 1079 1176 1132; x_wconf 90' lang='lat' dir='ltr'><strong>ut</strong></span> 
     </span>
     <span class='ocr_line' id='line_1_10' title="bbox 62 1146 1175 1235; baseline 0.004 -26"><span class='ocrx_word' id='word_1_62' title='bbox 62 1146 239 1230; x_wconf 88' lang='lat' dir='ltr'><strong>competit,</strong></span> <span class='ocrx_word' id='word_1_63' title='bbox 269 1165 437 1206; x_wconf 88' lang='lat' dir='ltr'><strong>censuram</strong></span> <span class='ocrx_word' id='word_1_64' title='bbox 457 1154 639 1212; x_wconf 80' lang='lat' dir='ltr'><strong>exerceant.</strong></span> <span class='ocrx_word' id='word_1_65' title='bbox 682 1147 747 1225; x_wconf 90' lang='lat' dir='ltr'><strong>Qui</strong></span> <span class='ocrx_word' id='word_1_66' title='bbox 766 1147 912 1230; x_wconf 87' lang='lat' dir='ltr'><strong>tiuphadi</strong></span> <span class='ocrx_word' id='word_1_67' title='bbox 936 1152 1016 1212; x_wconf 91' lang='lat' dir='ltr'><strong>tales</strong></span> <span class='ocrx_word' id='word_1_68' title='bbox 1041 1151 1175 1235; x_wconf 81' lang='lat' dir='ltr'><strong>eligant,</strong></span> 
     </span>
     <span class='ocr_line' id='line_1_11' title="bbox 63 1227 1177 1316; baseline 0.007 -28"><span class='ocrx_word' id='word_1_69' title='bbox 63 1231 184 1313; x_wconf 89' lang='lat' dir='ltr'><strong>quibus</strong></span> <span class='ocrx_word' id='word_1_70' title='bbox 206 1227 447 1292; x_wconf 74' lang='lat' dir='ltr'><strong>vicissitudines</strong></span> <span class='ocrx_word' id='word_1_71' title='bbox 472 1249 543 1289; x_wconf 89' lang='lat' dir='ltr'><strong>suas</strong></span> <span class='ocrx_word' id='word_1_72' title='bbox 558 1227 734 1291; x_wconf 86' lang='lat' dir='ltr'><strong>audiendas</strong></span> <span class='ocrx_word' id='word_1_73' title='bbox 757 1229 949 1314; x_wconf 80' lang='lat' dir='ltr'><strong>iniungant,</strong></span> <span class='ocrx_word' id='word_1_74' title='bbox 972 1243 1008 1295; x_wconf 89' lang='lat' dir='ltr'><strong>ut</strong></span> <span class='ocrx_word' id='word_1_75' title='bbox 1025 1233 1101 1316; x_wconf 92' lang='lat' dir='ltr'><strong>ipsis</strong></span> <span class='ocrx_word' id='word_1_76' title='bbox 1118 1235 1177 1296; x_wconf 86' lang='lat' dir='ltr'><strong>ab·</strong></span> 
     </span>
     <span class='ocr_line' id='line_1_12' title="bbox 63 1311 1175 1396; baseline 0.004 -22"><span class='ocrx_word' id='word_1_77' title='bbox 63 1313 210 1375; x_wconf 86' lang='lat' dir='ltr'><strong>sentibus</strong></span> <span class='ocrx_word' id='word_1_78' title='bbox 232 1311 282 1373; x_wconf 89' lang='lat' dir='ltr'><strong>illi</strong></span> <span class='ocrx_word' id='word_1_79' title='bbox 309 1331 453 1390; x_wconf 88' lang='lat' dir='ltr'><strong>caussas,</strong></span> <span class='ocrx_word' id='word_1_80' title='bbox 484 1320 516 1372; x_wconf 88' lang='lat' dir='ltr'><strong>et</strong></span> <span class='ocrx_word' id='word_1_81' title='bbox 537 1320 711 1396; x_wconf 86' lang='lat' dir='ltr'><strong>temperate</strong></span> <span class='ocrx_word' id='word_1_82' title='bbox 738 1311 930 1394; x_wconf 86' lang='lat' dir='ltr'><strong>discutiant,</strong></span> <span class='ocrx_word' id='word_1_83' title='bbox 958 1325 990 1379; x_wconf 90' lang='lat' dir='ltr'><strong>et</strong></span> <span class='ocrx_word' id='word_1_84' title='bbox 1013 1315 1097 1380; x_wconf 86' lang='lat' dir='ltr'><strong>iuste</strong></span> <span class='ocrx_word' id='word_1_85' title='bbox 1123 1317 1175 1381; x_wconf 89' lang='lat' dir='ltr'><strong>di-</strong></span> 
     </span>
     <span class='ocr_line' id='line_1_13' title="bbox 62 1401 226 1459; baseline 0.012 -1"><span class='ocrx_word' id='word_1_86' title='bbox 62 1401 226 1459; x_wconf 89' lang='lat' dir='ltr'><strong>sceruaut.</strong></span> 
     </span>
    </p>
   </div>
   <div class='ocr_carea' id='block_1_5' title="bbox 427 1508 808 1578">
    <p class='ocr_par' dir='ltr' id='par_1_8' title="bbox 427 1508 808 1578">
     <span class='ocr_line' id='line_1_14' title="bbox 427 1508 808 1578; baseline 0.003 -6"><span class='ocrx_word' id='word_1_87' title='bbox 427 1508 521 1576; x_wconf 86' lang='lat' dir='ltr'><strong>XVI.</strong></span> <span class='ocrx_word' id='word_1_88' title='bbox 548 1531 611 1578; x_wconf 81' lang='lat' dir='ltr'><strong>sss.</strong></span> <span class='ocrx_word' id='word_1_89' title='bbox 630 1529 718 1578; x_wconf 86' lang='lat' dir='ltr'><strong>nens.</strong></span> <span class='ocrx_word' id='word_1_90' title='bbox 739 1533 808 1575; x_wconf 84' lang='lat' dir='ltr'><strong>anx.</strong></span> 
     </span>
    </p>
   </div>
   <div class='ocr_carea' id='block_1_6' title="bbox 61 1624 1175 2290">
    <p class='ocr_par' dir='ltr' id='par_1_9' title="bbox 110 1624 1134 1777">
     <span class='ocr_line' id='line_1_15' title="bbox 110 1624 1134 1711; baseline 0.004 -21"><span class='ocrx_word' id='word_1_91' title='bbox 110 1625 155 1692; x_wconf 86' lang='lat' dir='ltr'><strong>Ut</strong></span> <span class='ocrx_word' id='word_1_92' title='bbox 176 1624 297 1688; x_wconf 85' lang='lat' dir='ltr'><strong>iudices</strong></span> <span class='ocrx_word' id='word_1_93' title='bbox 319 1638 384 1689; x_wconf 85' lang='lat' dir='ltr'><strong>tam</strong></span> <span class='ocrx_word' id='word_1_94' title='bbox 404 1625 601 1704; x_wconf 78' lang='lat' dir='ltr'><strong>criminales,</strong></span> <span class='ocrx_word' id='word_1_95' title='bbox 628 1646 722 1711; x_wconf 83' lang='lat' dir='ltr'><strong>quam</strong></span> <span class='ocrx_word' id='word_1_96' title='bbox 742 1646 937 1711; x_wconf 87' lang='lat' dir='ltr'><strong>communes,</strong></span> <span class='ocrx_word' id='word_1_97' title='bbox 965 1631 1134 1695; x_wconf 87' lang='lat' dir='ltr'><strong>terminent</strong></span> 
     </span>
     <span class='ocr_line' id='line_1_16' title="bbox 552 1719 746 1777; baseline -0.01 -5"><span class='ocrx_word' id='word_1_98' title='bbox 552 1729 688 1777; x_wconf 89' lang='lat' dir='ltr'><strong>caussas.</strong></span> <span class='ocrx_word' id='word_1_99' title='bbox 741 1719 746 1730; x_wconf 85' lang='grc'><strong>“</strong></span> 
     </span>
    </p>

    <p class='ocr_par' dir='ltr' id='par_1_10' title="bbox 61 1790 1175 2290">
     <span class='ocr_line' id='line_1_17' title="bbox 147 1790 1175 1880; baseline 0.007 -28"><span class='ocrx_word' id='word_1_100' title='bbox 147 1790 303 1853; x_wconf 88' lang='lat' dir='ltr'><strong>Omnium</strong></span> <span class='ocrx_word' id='word_1_101' title='bbox 320 1791 524 1875; x_wconf 83' lang='lat' dir='ltr'><strong>negotiorum</strong></span> <span class='ocrx_word' id='word_1_102' title='bbox 543 1813 667 1855; x_wconf 87' lang='lat' dir='ltr'><strong>caussas</strong></span> <span class='ocrx_word' id='word_1_103' title='bbox 685 1793 728 1854; x_wconf 88' lang='lat' dir='ltr'><strong>ita</strong></span> <span class='ocrx_word' id='word_1_104' title='bbox 742 1793 866 1856; x_wconf 89' lang='lat' dir='ltr'><strong>iudices</strong></span> <span class='ocrx_word' id='word_1_105' title='bbox 883 1793 1024 1856; x_wconf 81' lang='lat' dir='ltr'><strong>habeant</strong></span> <span class='ocrx_word' id='word_1_106' title='bbox 1037 1796 1175 1880; x_wconf 88' lang='lat' dir='ltr'><strong>deputa-</strong></span> 
     </span>
     <span class='ocr_line' id='line_1_18' title="bbox 61 1874 1175 1958; baseline 0.004 -22"><span class='ocrx_word' id='word_1_107' title='bbox 61 1885 129 1952; x_wconf 87' lang='lat' dir='ltr'><strong>tas,</strong></span> <span class='ocrx_word' id='word_1_108' title='bbox 151 1884 188 1934; x_wconf 89' lang='lat' dir='ltr'><strong>nt</strong></span> <span class='ocrx_word' id='word_1_109' title='bbox 203 1883 237 1936; x_wconf 93' lang='lat' dir='ltr'><strong>et</strong></span> <span class='ocrx_word' id='word_1_110' title='bbox 249 1874 428 1937; x_wconf 89' lang='lat' dir='ltr'><strong>criminalia</strong></span> <span class='ocrx_word' id='word_1_111' title='bbox 443 1885 474 1937; x_wconf 89' lang='lat' dir='ltr'><strong>et</strong></span> <span class='ocrx_word' id='word_1_112' title='bbox 490 1885 598 1938; x_wconf 89' lang='lat' dir='ltr'><strong>cetera</strong></span> <span class='ocrx_word' id='word_1_113' title='bbox 611 1875 737 1958; x_wconf 82' lang='lat' dir='ltr'><strong>negotia</strong></span> <span class='ocrx_word' id='word_1_114' title='bbox 755 1877 948 1939; x_wconf 76' lang='lat' dir='ltr'><strong>terminandi</strong></span> <span class='ocrx_word' id='word_1_115' title='bbox 964 1888 1005 1939; x_wconf 79' lang='lat' dir='ltr'><strong>stt</strong></span> <span class='ocrx_word' id='word_1_116' title='bbox 1018 1879 1083 1940; x_wconf 78' lang='lat' dir='ltr'><strong>illis</strong></span> <span class='ocrx_word' id='word_1_117' title='bbox 1098 1902 1175 1941; x_wconf 90' lang='lat' dir='ltr'><strong>con·</strong></span> 
     </span>
     <span class='ocr_line' id='line_1_19' title="bbox 62 1953 1173 2035; baseline 0.003 -16"><span class='ocrx_word' id='word_1_118' title='bbox 62 1979 152 2021; x_wconf 90' lang='lat' dir='ltr'><strong>cessa</strong></span> <span class='ocrx_word' id='word_1_119' title='bbox 180 1957 324 2024; x_wconf 88' lang='lat' dir='ltr'><strong>licentia.</strong></span> <span class='ocrx_word' id='word_1_120' title='bbox 365 1953 456 2020; x_wconf 86' lang='lat' dir='ltr'><strong>Pacis</strong></span> <span class='ocrx_word' id='word_1_121' title='bbox 482 1967 590 2020; x_wconf 87' lang='lat' dir='ltr'><strong>autem</strong></span> <span class='ocrx_word' id='word_1_122' title='bbox 614 1969 803 2035; x_wconf 84' lang='lat' dir='ltr'><strong>assertores,</strong></span> <span class='ocrx_word' id='word_1_123' title='bbox 834 1979 900 2020; x_wconf 91' lang='lat' dir='ltr'><strong>non</strong></span> <span class='ocrx_word' id='word_1_124' title='bbox 921 1959 998 2020; x_wconf 88' lang='lat' dir='ltr'><strong>alias</strong></span> <span class='ocrx_word' id='word_1_125' title='bbox 1019 1961 1173 2023; x_wconf 86' lang='lat' dir='ltr'><strong>dirimant</strong></span> 
     </span>
     <span class='ocr_line' id='line_1_20' title="bbox 62 2039 1173 2136; baseline 0.005 -36"><span class='ocrx_word' id='word_1_126' title='bbox 62 2061 206 2119; x_wconf 83' lang='lat' dir='ltr'><strong>caussas,</strong></span> <span class='ocrx_word' id='word_1_127' title='bbox 231 2039 293 2102; x_wconf 91' lang='lat' dir='ltr'><strong>nisi</strong></span> <span class='ocrx_word' id='word_1_128' title='bbox 310 2060 389 2122; x_wconf 88' lang='lat' dir='ltr'><strong>quus</strong></span> <span class='ocrx_word' id='word_1_129' title='bbox 406 2040 472 2102; x_wconf 90' lang='lat' dir='ltr'><strong>illis</strong></span> <span class='ocrx_word' id='word_1_130' title='bbox 490 2040 580 2124; x_wconf 82' lang='lat' dir='ltr'><strong>regia</strong></span> <span class='ocrx_word' id='word_1_131' title='bbox 602 2041 805 2123; x_wconf 85' lang='lat' dir='ltr'><strong>deputaverit</strong></span> <span class='ocrx_word' id='word_1_132' title='bbox 825 2041 1013 2101; x_wconf 80' lang='lat' dir='ltr'><strong>ordinandi.</strong></span> <span class='ocrx_word' id='word_1_133' title='bbox 1023 2053 1173 2136; x_wconf 90' lang='lat' dir='ltr'><strong>potestas.</strong></span> 
     </span>
     <span class='ocr_line' id='line_1_21' title="bbox 61 2119 1173 2210; baseline 0.003 -27"><span class='ocrx_word' id='word_1_134' title='bbox 61 2119 154 2184; x_wconf 86' lang='lat' dir='ltr'><strong>Pacis</strong></span> <span class='ocrx_word' id='word_1_135' title='bbox 176 2133 282 2184; x_wconf 89' lang='lat' dir='ltr'><strong>autem</strong></span> <span class='ocrx_word' id='word_1_136' title='bbox 303 2132 473 2185; x_wconf 86' lang='lat' dir='ltr'><strong>assertores</strong></span> <span class='ocrx_word' id='word_1_137' title='bbox 493 2132 589 2202; x_wconf 90' lang='lat' dir='ltr'><strong>sunt,</strong></span> <span class='ocrx_word' id='word_1_138' title='bbox 611 2121 669 2206; x_wconf 90' lang='lat' dir='ltr'><strong>qui</strong></span> <span class='ocrx_word' id='word_1_139' title='bbox 686 2123 753 2185; x_wconf 91' lang='lat' dir='ltr'><strong>sola</strong></span> <span class='ocrx_word' id='word_1_140' title='bbox 769 2122 937 2186; x_wconf 86' lang='lat' dir='ltr'><strong>faciendae</strong></span> <span class='ocrx_word' id='word_1_141' title='bbox 959 2145 1047 2210; x_wconf 77' lang='lat' dir='ltr'><strong>pacis</strong></span> <span class='ocrx_word' id='word_1_142' title='bbox 1062 2124 1173 2188; x_wconf 86' lang='lat' dir='ltr'><strong>inten-</strong></span> 
     </span>
     <span class='ocr_line' id='line_1_22' title="bbox 61 2203 797 2290; baseline 0.003 -25"><span class='ocrx_word' id='word_1_143' title='bbox 61 2203 153 2270; x_wconf 85' lang='lat' dir='ltr'><strong>tione</strong></span> <span class='ocrx_word' id='word_1_144' title='bbox 174 2205 277 2290; x_wconf 82' lang='lat' dir='ltr'><strong>regali</strong></span> <span class='ocrx_word' id='word_1_145' title='bbox 293 2205 362 2266; x_wconf 88' lang='lat' dir='ltr'><strong>sola</strong></span> <span class='ocrx_word' id='word_1_146' title='bbox 378 2205 583 2269; x_wconf 87' lang='lat' dir='ltr'><strong>destinantur</strong></span> <span class='ocrx_word' id='word_1_147' title='bbox 597 2207 797 2268; x_wconf 89' lang='lat' dir='ltr'><strong>auctoritate.</strong></span> 
     </span>
    </p>
   </div>
   <div class='ocr_carea' id='block_1_7' title="bbox 402 2318 822 2390">
    <p class='ocr_par' dir='ltr' id='par_1_11' title="bbox 402 2318 822 2390">
     <span class='ocr_line' id='line_1_23' title="bbox 402 2318 822 2390; baseline -0.002 -5"><span class='ocrx_word' id='word_1_148' title='bbox 402 2318 511 2389; x_wconf 88' lang='lat' dir='ltr'><strong>XVll.</strong></span> <span class='ocrx_word' id='word_1_149' title='bbox 552 2345 615 2386; x_wconf 81' lang='lat' dir='ltr'><strong>sss.</strong></span> <span class='ocrx_word' id='word_1_150' title='bbox 637 2344 724 2390; x_wconf 84' lang='lat' dir='ltr'><strong>cuns.</strong></span> <span class='ocrx_word' id='word_1_151' title='bbox 754 2343 822 2390; x_wconf 82' lang='lat' dir='ltr'><strong>unx.</strong></span> 
     </span>
    </p>
   </div>
   <div class='ocr_carea' id='block_1_8' title="bbox 61 2433 1178 4098">
    <p class='ocr_par' dir='ltr' id='par_1_12' title="bbox 61 2433 1173 2582">
     <span class='ocr_line' id='line_1_24' title="bbox 61 2433 1173 2522; baseline 0.004 -26"><span class='ocrx_word' id='word_1_152' title='bbox 61 2436 113 2497; x_wconf 88' lang='lat' dir='ltr'><strong>De</strong></span> <span class='ocrx_word' id='word_1_153' title='bbox 134 2433 258 2498; x_wconf 86' lang='lat' dir='ltr'><strong>damnis</strong></span> <span class='ocrx_word' id='word_1_154' title='bbox 276 2437 404 2517; x_wconf 78' lang='lat' dir='ltr'><strong>eorum,</strong></span> <span class='ocrx_word' id='word_1_155' title='bbox 426 2435 482 2522; x_wconf 84' lang='lat' dir='ltr'><strong>qui</strong></span> <span class='ocrx_word' id='word_1_156' title='bbox 502 2457 567 2500; x_wconf 88' lang='lat' dir='ltr'><strong>non</strong></span> <span class='ocrx_word' id='word_1_157' title='bbox 589 2451 717 2522; x_wconf 84' lang='lat' dir='ltr'><strong>accepta</strong></span> <span class='ocrx_word' id='word_1_158' title='bbox 733 2447 888 2522; x_wconf 84' lang='lat' dir='ltr'><strong>potestate</strong></span> <span class='ocrx_word' id='word_1_159' title='bbox 903 2440 1173 2522; x_wconf 81' lang='lat' dir='ltr'><strong>praesumpserint</strong></span> 
     </span>
     <span class='ocr_line' id='line_1_25' title="bbox 534 2519 686 2582; baseline 0.007 -2"><span class='ocrx_word' id='word_1_160' title='bbox 534 2519 686 2582; x_wconf 84' lang='lat' dir='ltr'><strong>iudicare.</strong></span> 
     </span>
    </p>

    <p class='ocr_par' dir='ltr' id='par_1_13' title="bbox 61 2599 1178 4098">
     <span class='ocr_line' id='line_1_26' title="bbox 145 2599 1174 2681; baseline 0.001 -18"><span class='ocrx_word' id='word_1_161' title='bbox 145 2601 262 2679; x_wconf 85' lang='lat' dir='ltr'><strong>Nullus</strong></span> <span class='ocrx_word' id='word_1_162' title='bbox 279 2602 314 2664; x_wconf 90' lang='lat' dir='ltr'><strong>in</strong></span> <span class='ocrx_word' id='word_1_163' title='bbox 329 2599 493 2664; x_wconf 88' lang='lat' dir='ltr'><strong>territorio</strong></span> <span class='ocrx_word' id='word_1_164' title='bbox 518 2604 660 2664; x_wconf 90' lang='lat' dir='ltr'><strong>nonsibi</strong></span> <span class='ocrx_word' id='word_1_165' title='bbox 682 2602 867 2681; x_wconf 88' lang='lat' dir='ltr'><strong>commisso,</strong></span> <span class='ocrx_word' id='word_1_166' title='bbox 898 2603 953 2665; x_wconf 83' lang='lat' dir='ltr'><strong>vel</strong></span> <span class='ocrx_word' id='word_1_167' title='bbox 968 2602 1025 2664; x_wconf 88' lang='lat' dir='ltr'><strong>ubi</strong></span> <span class='ocrx_word' id='word_1_168' title='bbox 1044 2603 1102 2666; x_wconf 93' lang='lat' dir='ltr'><strong>ille</strong></span> <span class='ocrx_word' id='word_1_169' title='bbox 1120 2604 1174 2674; x_wconf 87' lang='lat' dir='ltr'><strong>iu-</strong></span> 
     </span>
     <span class='ocr_line' id='line_1_27' title="bbox 62 2682 1176 2771; baseline 0.006 -28"><span class='ocrx_word' id='word_1_170' title='bbox 62 2682 196 2750; x_wconf 87' lang='lat' dir='ltr'><strong>dicandi</strong></span> <span class='ocrx_word' id='word_1_171' title='bbox 211 2694 401 2768; x_wconf 90' lang='lat' dir='ltr'><strong>potestatem</strong></span> <span class='ocrx_word' id='word_1_172' title='bbox 418 2686 542 2747; x_wconf 89' lang='lat' dir='ltr'><strong>nnllam</strong></span> <span class='ocrx_word' id='word_1_173' title='bbox 555 2684 652 2748; x_wconf 83' lang='lat' dir='ltr'><strong>habet</strong></span> <span class='ocrx_word' id='word_1_174' title='bbox 671 2687 803 2747; x_wconf 89' lang='lat' dir='ltr'><strong>omnino</strong></span> <span class='ocrx_word' id='word_1_175' title='bbox 819 2687 1034 2764; x_wconf 90' lang='lat' dir='ltr'><strong>commissam,</strong></span> <span class='ocrx_word' id='word_1_176' title='bbox 1056 2708 1176 2771; x_wconf 89' lang='lat' dir='ltr'><strong>qnem-</strong></span> 
     </span>
     <span class='ocr_line' id='line_1_28' title="bbox 62 2767 1172 2852; baseline 0.006 -26"><span class='ocrx_word' id='word_1_177' title='bbox 62 2787 196 2849; x_wconf 89' lang='lat' dir='ltr'><strong>cunque</strong></span> <span class='ocrx_word' id='word_1_178' title='bbox 220 2777 402 2848; x_wconf 86' lang='lat' dir='ltr'><strong>praesumat</strong></span> <span class='ocrx_word' id='word_1_179' title='bbox 420 2791 480 2851; x_wconf 91' lang='lat' dir='ltr'><strong>per</strong></span> <span class='ocrx_word' id='word_1_180' title='bbox 499 2768 691 2845; x_wconf 89' lang='lat' dir='ltr'><strong>iussionem,</strong></span> <span class='ocrx_word' id='word_1_181' title='bbox 721 2778 777 2830; x_wconf 86' lang='lat' dir='ltr'><strong>aut</strong></span> <span class='ocrx_word' id='word_1_182' title='bbox 801 2767 944 2832; x_wconf 87' lang='lat' dir='ltr'><strong>saionem</strong></span> <span class='ocrx_word' id='word_1_183' title='bbox 966 2769 1172 2852; x_wconf 82' lang='lat' dir='ltr'><strong>distringere,</strong></span> 
     </span>
     <span class='ocr_line' id='line_1_29' title="bbox 62 2851 1172 2934; baseline 0.005 -26"><span class='ocrx_word' id='word_1_184' title='bbox 62 2859 121 2909; x_wconf 89' lang='lat' dir='ltr'><strong>aut</strong></span> <span class='ocrx_word' id='word_1_185' title='bbox 140 2851 176 2910; x_wconf 93' lang='lat' dir='ltr'><strong>in</strong></span> <span class='ocrx_word' id='word_1_186' title='bbox 203 2852 314 2934; x_wconf 89' lang='lat' dir='ltr'><strong>aliquo</strong></span> <span class='ocrx_word' id='word_1_187' title='bbox 340 2851 505 2914; x_wconf 89' lang='lat' dir='ltr'><strong>molestius</strong></span> <span class='ocrx_word' id='word_1_188' title='bbox 531 2857 730 2929; x_wconf 78' lang='lat' dir='ltr'><strong>convexare,</strong></span> <span class='ocrx_word' id='word_1_189' title='bbox 761 2851 824 2913; x_wconf 90' lang='lat' dir='ltr'><strong>uisi</strong></span> <span class='ocrx_word' id='word_1_190' title='bbox 847 2873 887 2914; x_wconf 86' lang='lat' dir='ltr'><strong>ex</strong></span> <span class='ocrx_word' id='word_1_191' title='bbox 909 2851 999 2934; x_wconf 82' lang='lat' dir='ltr'><strong>regia</strong></span> <span class='ocrx_word' id='word_1_192' title='bbox 1018 2851 1172 2931; x_wconf 90' lang='lat' dir='ltr'><strong>iussione,</strong></span> 
     </span>
     <span class='ocr_line' id='line_1_30' title="bbox 61 2933 1172 3016; baseline 0.002 -22"><span class='ocrx_word' id='word_1_193' title='bbox 61 2933 117 2994; x_wconf 84' lang='lat' dir='ltr'><strong>vel</strong></span> <span class='ocrx_word' id='word_1_194' title='bbox 136 2933 276 3016; x_wconf 88' lang='lat' dir='ltr'><strong>partium</strong></span> <span class='ocrx_word' id='word_1_195' title='bbox 298 2933 478 3013; x_wconf 88' lang='lat' dir='ltr'><strong>electione,</strong></span> <span class='ocrx_word' id='word_1_196' title='bbox 508 2933 575 2996; x_wconf 83' lang='lat' dir='ltr'><strong>sive</strong></span> <span class='ocrx_word' id='word_1_197' title='bbox 593 2956 633 2995; x_wconf 87' lang='lat' dir='ltr'><strong>ex</strong></span> <span class='ocrx_word' id='word_1_198' title='bbox 658 2954 835 3011; x_wconf 88' lang='lat' dir='ltr'><strong>consensu,</strong></span> <span class='ocrx_word' id='word_1_199' title='bbox 865 2935 919 2995; x_wconf 83' lang='lat' dir='ltr'><strong>vel</strong></span> <span class='ocrx_word' id='word_1_200' title='bbox 946 2934 1172 2997; x_wconf 87' lang='lat' dir='ltr'><strong>commissoriis</strong></span> 
     </span>
     <span class='ocr_line' id='line_1_31' title="bbox 63 3011 1173 3096; baseline 0.004 -22"><span class='ocrx_word' id='word_1_201' title='bbox 63 3023 164 3096; x_wconf 89' lang='lat' dir='ltr'><strong>atque</strong></span> <span class='ocrx_word' id='word_1_202' title='bbox 186 3011 467 3079; x_wconf 84' lang='lat' dir='ltr'><strong>informationibus</strong></span> <span class='ocrx_word' id='word_1_203' title='bbox 486 3017 665 3093; x_wconf 88' lang='lat' dir='ltr'><strong>Comitum,</strong></span> <span class='ocrx_word' id='word_1_204' title='bbox 687 3017 755 3078; x_wconf 85' lang='lat' dir='ltr'><strong>sive</strong></span> <span class='ocrx_word' id='word_1_205' title='bbox 780 3018 875 3078; x_wconf 90' lang='lat' dir='ltr'><strong>etiam</strong></span> <span class='ocrx_word' id='word_1_206' title='bbox 901 3016 1065 3094; x_wconf 86' lang='lat' dir='ltr'><strong>iudicum,</strong></span> <span class='ocrx_word' id='word_1_207' title='bbox 1088 3017 1173 3079; x_wconf 92' lang='lat' dir='ltr'><strong>sicut</strong></span> 
     </span>
     <span class='ocr_line' id='line_1_32' title="bbox 64 3090 1172 3183; baseline 0.006 -27"><span class='ocrx_word' id='word_1_208' title='bbox 64 3090 99 3156; x_wconf 91' lang='lat' dir='ltr'><strong>in</strong></span> <span class='ocrx_word' id='word_1_209' title='bbox 131 3096 203 3180; x_wconf 79' lang='lat' dir='ltr'><strong>lege</strong></span> <span class='ocrx_word' id='word_1_210' title='bbox 227 3099 386 3183; x_wconf 89' lang='lat' dir='ltr'><strong>superiori</strong></span> <span class='ocrx_word' id='word_1_211' title='bbox 405 3092 551 3177; x_wconf 76' lang='lat' dir='ltr'><strong>tenetur,</strong></span> <span class='ocrx_word' id='word_1_212' title='bbox 580 3099 682 3160; x_wconf 81' lang='lat' dir='ltr'><strong>iudex</strong></span> <span class='ocrx_word' id='word_1_213' title='bbox 705 3093 843 3182; x_wconf 87' lang='lat' dir='ltr'><strong>quisque</strong></span> <span class='ocrx_word' id='word_1_214' title='bbox 869 3097 970 3159; x_wconf 87' lang='lat' dir='ltr'><strong>fuerit</strong></span> <span class='ocrx_word' id='word_1_215' title='bbox 993 3099 1172 3167; x_wconf 85' lang='lat' dir='ltr'><strong>institutus.</strong></span> 
     </span>
     <span class='ocr_line' id='line_1_33' title="bbox 67 3181 1171 3266; baseline 0.004 -26"><span class='ocrx_word' id='word_1_216' title='bbox 67 3181 164 3242; x_wconf 87' lang='lat' dir='ltr'><strong>Certe</strong></span> <span class='ocrx_word' id='word_1_217' title='bbox 195 3182 252 3265; x_wconf 93' lang='lat' dir='ltr'><strong>qui</strong></span> <span class='ocrx_word' id='word_1_218' title='bbox 284 3203 350 3243; x_wconf 91' lang='lat' dir='ltr'><strong>non</strong></span> <span class='ocrx_word' id='word_1_219' title='bbox 386 3183 566 3265; x_wconf 86' lang='lat' dir='ltr'><strong>praedictus</strong></span> <span class='ocrx_word' id='word_1_220' title='bbox 599 3181 699 3244; x_wconf 82' lang='lat' dir='ltr'><strong>iudex</strong></span> <span class='ocrx_word' id='word_1_221' title='bbox 730 3190 1011 3266; x_wconf 87' lang='lat' dir='ltr'><strong>praesumptuosus</strong></span> <span class='ocrx_word' id='word_1_222' title='bbox 1043 3182 1171 3246; x_wconf 90' lang='lat' dir='ltr'><strong>inlicite</strong></span> 
     </span>
     <span class='ocr_line' id='line_1_34' title="bbox 64 3261 1173 3348; baseline 0.005 -26"><span class='ocrx_word' id='word_1_223' title='bbox 64 3261 163 3340; x_wconf 91' lang='lat' dir='ltr'><strong>haec,</strong></span> <span class='ocrx_word' id='word_1_224' title='bbox 185 3285 267 3348; x_wconf 90' lang='lat' dir='ltr'><strong>quae</strong></span> <span class='ocrx_word' id='word_1_225' title='bbox 279 3264 502 3348; x_wconf 86' lang='lat' dir='ltr'><strong>prohibentur,</strong></span> <span class='ocrx_word' id='word_1_226' title='bbox 524 3266 770 3347; x_wconf 87' lang='lat' dir='ltr'><strong>praesumpserit</strong></span> <span class='ocrx_word' id='word_1_227' title='bbox 786 3287 892 3348; x_wconf 79' lang='lat' dir='ltr'><strong>agere,</strong></span> <span class='ocrx_word' id='word_1_228' title='bbox 914 3264 1083 3326; x_wconf 85' lang='lat' dir='ltr'><strong>confestim</strong></span> <span class='ocrx_word' id='word_1_229' title='bbox 1098 3288 1173 3327; x_wconf 87' lang='lat' dir='ltr'><strong>curn</strong></span> 
     </span>
     <span class='ocr_line' id='line_1_35' title="bbox 65 3347 1172 3431; baseline 0 -24"><span class='ocrx_word' id='word_1_230' title='bbox 65 3367 176 3407; x_wconf 88' lang='lat' dir='ltr'><strong>caussa</strong></span> <span class='ocrx_word' id='word_1_231' title='bbox 196 3348 384 3430; x_wconf 85' lang='lat' dir='ltr'><strong>pervenerit</strong></span> <span class='ocrx_word' id='word_1_232' title='bbox 397 3349 436 3410; x_wconf 90' lang='lat' dir='ltr'><strong>ad</strong></span> <span class='ocrx_word' id='word_1_233' title='bbox 451 3348 635 3431; x_wconf 82' lang='lat' dir='ltr'><strong>provinciae</strong></span> <span class='ocrx_word' id='word_1_234' title='bbox 652 3349 794 3425; x_wconf 89' lang='lat' dir='ltr'><strong>Ducem,</strong></span> <span class='ocrx_word' id='word_1_235' title='bbox 817 3370 857 3408; x_wconf 89' lang='lat' dir='ltr'><strong>au</strong></span> <span class='ocrx_word' id='word_1_236' title='bbox 870 3368 930 3431; x_wconf 89' lang='lat' dir='ltr'><strong>per</strong></span> <span class='ocrx_word' id='word_1_237' title='bbox 949 3368 983 3409; x_wconf 90' lang='lat' dir='ltr'><strong>se</strong></span> <span class='ocrx_word' id='word_1_238' title='bbox 1003 3347 1083 3408; x_wconf 76' lang='lat' dir='ltr'><strong>velit</strong></span> <span class='ocrx_word' id='word_1_239' title='bbox 1093 3393 1103 3421; x_wconf 90' lang='lat'>‚</span> <span class='ocrx_word' id='word_1_240' title='bbox 1131 3369 1172 3407; x_wconf 91' lang='lat' dir='ltr'><strong>an</strong></span> 
     </span>
     <span class='ocr_line' id='line_1_36' title="bbox 64 3429 1175 3514; baseline 0 -24"><span class='ocrx_word' id='word_1_241' title='bbox 64 3451 127 3513; x_wconf 89' lang='lat' dir='ltr'><strong>per</strong></span> <span class='ocrx_word' id='word_1_242' title='bbox 147 3449 244 3510; x_wconf 90' lang='lat' dir='ltr'><strong>quem</strong></span> <span class='ocrx_word' id='word_1_243' title='bbox 264 3429 333 3513; x_wconf 91' lang='lat' dir='ltr'><strong>ipse</strong></span> <span class='ocrx_word' id='word_1_244' title='bbox 357 3432 576 3514; x_wconf 87' lang='lat' dir='ltr'><strong>praeceperit,</strong></span> <span class='ocrx_word' id='word_1_245' title='bbox 607 3440 673 3491; x_wconf 90' lang='lat' dir='ltr'><strong>tam</strong></span> <span class='ocrx_word' id='word_1_246' title='bbox 700 3429 859 3492; x_wconf 89' lang='lat' dir='ltr'><strong>inlicitam</strong></span> <span class='ocrx_word' id='word_1_247' title='bbox 879 3429 1175 3514; x_wconf 87' lang='lat' dir='ltr'><strong>praesumptionem</strong></span> 
     </span>
     <span class='ocr_line' id='line_1_37' title="bbox 66 3509 1174 3596; baseline 0.002 -24"><span class='ocrx_word' id='word_1_248' title='bbox 66 3521 218 3574; x_wconf 75' lang='lat' dir='ltr'><strong>coercere</strong></span> <span class='ocrx_word' id='word_1_249' title='bbox 249 3523 411 3595; x_wconf 88' lang='lat' dir='ltr'><strong>procuret.</strong></span> <span class='ocrx_word' id='word_1_250' title='bbox 467 3514 509 3575; x_wconf 90' lang='lat' dir='ltr'><strong>Et</strong></span> <span class='ocrx_word' id='word_1_251' title='bbox 540 3509 590 3573; x_wconf 91' lang='lat' dir='ltr'><strong>illi</strong></span> <span class='ocrx_word' id='word_1_252' title='bbox 621 3513 783 3595; x_wconf 89' lang='lat' dir='ltr'><strong>siquidem</strong></span> <span class='ocrx_word' id='word_1_253' title='bbox 809 3512 863 3574; x_wconf 94' lang='lat' dir='ltr'><strong>cui</strong></span> <span class='ocrx_word' id='word_1_254' title='bbox 890 3523 1174 3596; x_wconf 88' lang='lat' dir='ltr'><strong>praesumptuosus</strong></span> 
     </span>
     <span class='ocr_line' id='line_1_38' title="bbox 66 3586 1175 3674; baseline 0.002 -20"><span class='ocrx_word' id='word_1_255' title='bbox 66 3586 192 3672; x_wconf 83' lang='lat' dir='ltr'><strong>extitit,</strong></span> <span class='ocrx_word' id='word_1_256' title='bbox 225 3587 252 3656; x_wconf 91' lang='lat' dir='ltr'><strong>si</strong></span> <span class='ocrx_word' id='word_1_257' title='bbox 271 3597 376 3657; x_wconf 91' lang='lat' dir='ltr'><strong>solum</strong></span> <span class='ocrx_word' id='word_1_258' title='bbox 398 3597 626 3658; x_wconf 86' lang='lat' dir='ltr'><strong>contumeliam</strong></span> <span class='ocrx_word' id='word_1_259' title='bbox 646 3596 699 3657; x_wconf 77' lang='lat' dir='ltr'><strong>vel</strong></span> <span class='ocrx_word' id='word_1_260' title='bbox 725 3594 876 3656; x_wconf 89' lang='lat' dir='ltr'><strong>iniuriam</strong></span> <span class='ocrx_word' id='word_1_261' title='bbox 895 3595 1031 3674; x_wconf 84' lang='lat' dir='ltr'><strong>fecerit,</strong></span> <span class='ocrx_word' id='word_1_262' title='bbox 1060 3595 1175 3656; x_wconf 87' lang='lat' dir='ltr'><strong>libram</strong></span> 
     </span>
     <span class='ocr_line' id='line_1_39' title="bbox 65 3676 1175 3760; baseline 0.002 -22"><span class='ocrx_word' id='word_1_263' title='bbox 65 3676 139 3738; x_wconf 89' lang='lat' dir='ltr'><strong>auri</strong></span> <span class='ocrx_word' id='word_1_264' title='bbox 164 3688 291 3740; x_wconf 89' lang='lat' dir='ltr'><strong>coactus</strong></span> <span class='ocrx_word' id='word_1_265' title='bbox 319 3680 479 3743; x_wconf 77' lang='lat' dir='ltr'><strong>exsolvat:</strong></span> <span class='ocrx_word' id='word_1_266' title='bbox 507 3680 631 3741; x_wconf 83' lang='lat' dir='ltr'><strong>sivero</strong></span> <span class='ocrx_word' id='word_1_267' title='bbox 654 3700 724 3739; x_wconf 89' lang='lat' dir='ltr'><strong>rem</strong></span> <span class='ocrx_word' id='word_1_268' title='bbox 742 3679 884 3760; x_wconf 90' lang='lat' dir='ltr'><strong>aliquam</strong></span> <span class='ocrx_word' id='word_1_269' title='bbox 903 3687 1099 3740; x_wconf 86' lang='lat' dir='ltr'><strong>temeranter</strong></span> <span class='ocrx_word' id='word_1_270' title='bbox 1118 3679 1175 3740; x_wconf 91' lang='lat' dir='ltr'><strong>ab·</strong></span> 
     </span>
     <span class='ocr_line' id='line_1_40' title="bbox 64 3756 1176 3844; baseline -0.002 -20"><span class='ocrx_word' id='word_1_271' title='bbox 64 3756 211 3839; x_wconf 80' lang='lat' dir='ltr'><strong>stulerit,</strong></span> <span class='ocrx_word' id='word_1_272' title='bbox 245 3763 298 3822; x_wconf 83' lang='lat' dir='ltr'><strong>vel</strong></span> <span class='ocrx_word' id='word_1_273' title='bbox 325 3763 453 3824; x_wconf 87' lang='lat' dir='ltr'><strong>auferre</strong></span> <span class='ocrx_word' id='word_1_274' title='bbox 482 3760 698 3844; x_wconf 86' lang='lat' dir='ltr'><strong>praeceperit,</strong></span> <span class='ocrx_word' id='word_1_275' title='bbox 735 3762 927 3823; x_wconf 88' lang='lat' dir='ltr'><strong>tantundem</strong></span> <span class='ocrx_word' id='word_1_276' title='bbox 958 3783 1032 3824; x_wconf 87' lang='lat' dir='ltr'><strong>cum</strong></span> <span class='ocrx_word' id='word_1_277' title='bbox 1063 3761 1176 3823; x_wconf 89' lang='lat' dir='ltr'><strong>eadem</strong></span> 
     </span>
     <span class='ocr_line' id='line_1_41' title="bbox 64 3844 1176 3925; baseline -0.001 -19"><span class='ocrx_word' id='word_1_278' title='bbox 64 3864 102 3906; x_wconf 90' lang='lat' dir='ltr'><strong>re</strong></span> <span class='ocrx_word' id='word_1_279' title='bbox 130 3864 227 3925; x_wconf 91' lang='lat' dir='ltr'><strong>quam</strong></span> <span class='ocrx_word' id='word_1_280' title='bbox 253 3845 389 3923; x_wconf 88' lang='lat' dir='ltr'><strong>tulerat,</strong></span> <span class='ocrx_word' id='word_1_281' title='bbox 433 3845 522 3905; x_wconf 90' lang='lat' dir='ltr'><strong>aliud</strong></span> <span class='ocrx_word' id='word_1_282' title='bbox 551 3853 674 3906; x_wconf 87' lang='lat' dir='ltr'><strong>tautum</strong></span> <span class='ocrx_word' id='word_1_283' title='bbox 704 3844 743 3905; x_wconf 90' lang='lat' dir='ltr'><strong>de</strong></span> <span class='ocrx_word' id='word_1_284' title='bbox 775 3867 833 3906; x_wconf 90' lang='lat' dir='ltr'><strong>suo</strong></span> <span class='ocrx_word' id='word_1_285' title='bbox 863 3853 993 3907; x_wconf 87' lang='lat' dir='ltr'><strong>coactus</strong></span> <span class='ocrx_word' id='word_1_286' title='bbox 1022 3845 1176 3905; x_wconf 82' lang='lat' dir='ltr'><strong>exsolvat.</strong></span> 
     </span>
     <span class='ocr_line' id='line_1_42' title="bbox 65 3926 1177 4009; baseline 0.002 -23"><span class='ocrx_word' id='word_1_287' title='bbox 65 3926 165 4002; x_wconf 86' lang='lat' dir='ltr'><strong>Quod</strong></span> <span class='ocrx_word' id='word_1_288' title='bbox 193 3926 220 3988; x_wconf 91' lang='lat' dir='ltr'><strong>si</strong></span> <span class='ocrx_word' id='word_1_289' title='bbox 251 3928 440 4009; x_wconf 88' lang='lat' dir='ltr'><strong>quicunque</strong></span> <span class='ocrx_word' id='word_1_290' title='bbox 471 3928 572 3988; x_wconf 88' lang='lat' dir='ltr'><strong>iudex</strong></span> <span class='ocrx_word' id='word_1_291' title='bbox 601 3949 730 3991; x_wconf 86' lang='lat' dir='ltr'><strong>servum</strong></span> <span class='ocrx_word' id='word_1_292' title='bbox 750 3950 862 4006; x_wconf 87' lang='lat' dir='ltr'><strong>suum,</strong></span> <span class='ocrx_word' id='word_1_293' title='bbox 892 3929 947 3989; x_wconf 83' lang='lat' dir='ltr'><strong>vel</strong></span> <span class='ocrx_word' id='word_1_294' title='bbox 968 3926 1110 3988; x_wconf 86' lang='lat' dir='ltr'><strong>alienum</strong></span> <span class='ocrx_word' id='word_1_295' title='bbox 1136 3927 1177 3988; x_wconf 88' lang='lat' dir='ltr'><strong>ad</strong></span> 
     </span>
     <span class='ocr_line' id='line_1_43' title="bbox 66 4003 1178 4098; baseline -0.002 -27"><span class='ocrx_word' id='word_1_296' title='bbox 66 4003 272 4088; x_wconf 84' lang='lat' dir='ltr'><strong>discutienda</strong></span> <span class='ocrx_word' id='word_1_297' title='bbox 292 4013 422 4095; x_wconf 83' lang='lat' dir='ltr'><strong>negotia</strong></span> <span class='ocrx_word' id='word_1_298' title='bbox 444 4009 581 4094; x_wconf 82' lang='lat' dir='ltr'><strong>elegerit</strong></span> <span class='ocrx_word' id='word_1_299' title='bbox 594 4011 829 4098; x_wconf 78' lang='lat' dir='ltr'><strong>deputandums</strong></span> <span class='ocrx_word' id='word_1_300' title='bbox 851 4031 910 4096; x_wconf 91' lang='lat' dir='ltr'><strong>pro</strong></span> <span class='ocrx_word' id='word_1_301' title='bbox 924 4009 976 4073; x_wconf 88' lang='lat' dir='ltr'><strong>his</strong></span> <span class='ocrx_word' id='word_1_302' title='bbox 992 4031 1074 4093; x_wconf 89' lang='lat' dir='ltr'><strong>quae</strong></span> <span class='ocrx_word' id='word_1_303' title='bbox 1090 4008 1178 4070; x_wconf 91' lang='lat' dir='ltr'><strong>idem</strong></span> 
     </span>
    </p>
   </div>
   <div class='ocr_carea' id='block_1_9' title="bbox 135 4231 479 4308">
    <p class='ocr_par' dir='ltr' id='par_1_14' title="bbox 135 4231 479 4308">
     <span class='ocr_line' id='line_1_44' title="bbox 135 4231 479 4308; baseline 0.003 -20"><span class='ocrx_word' id='word_1_304' title='bbox 135 4231 176 4301; x_wconf 80' lang='lat' dir='ltr'><strong>la)</strong></span> <span class='ocrx_word' id='word_1_305' title='bbox 194 4234 240 4294; x_wconf 80' lang='lat' dir='ltr'><strong>Al.</strong></span> <span class='ocrx_word' id='word_1_306' title='bbox 258 4253 320 4289; x_wconf 88' lang='lat' dir='ltr'><strong>mss.</strong></span> <span class='ocrx_word' id='word_1_307' title='bbox 344 4233 479 4308; x_wconf 75' lang='lat' dir='ltr'><strong>tiumsadi.</strong></span> 
     </span>
    </p>
   </div>
   <div class='ocr_carea' id='block_1_10' title="bbox 0 0 1332 4874">
    <p class='ocr_par' dir='ltr' id='par_1_15' title="bbox 0 0 1332 4874">
     <span class='ocr_line' id='line_1_45' title="bbox 0 0 1332 4874; baseline 0 0"><span class='ocrx_word' id='word_1_308' title='bbox 0 0 1332 4874; x_wconf 95' lang='lat' dir='ltr'><strong> </strong></span> 
     </span>
    </p>
   </div>
  </div>
 </body>
</html>
