2632 4822
337 223 557 311 narramur
593 251 720 308 maun
755 205 819 308 na
837 251 884 310 vr.
1073 226 1085 332 j
1113 235 1218 320 799,

3 419 5 422 ’
67 400 164 479 serit,
196 403 370 482 componat
401 393 566 478 widrigild
594 413 694 454 sumn·
719 392 754 453 in
785 415 875 456 sacro
896 393 1033 477 palatin,
1062 400 1186 483 etipsa

21 497 25 500 ’
65 507 144 548 cum
163 481 259 544 rebus
281 481 347 544 suis
369 477 411 540 sit
432 479 465 538 in
486 486 643 560 potestate
665 477 858 540 Mundualdi
881 477 941 538 sui.
1007 480 1094 543 11.6.
1116 505 1142 549 1.
1173 489 1175 496 “

95 633 97 638 ,
150 565 188 634 Ο,
231 561 389 643 (XLVII.)
432 561 467 624 si
490 582 554 643 qua
576 559 694 621 mulier
713 548 882 644 religidnis
902 560 1051 624 velamen
1074 565 1186 626 induta

66 648 185 728 tuerit,
220 646 394 709 observatis
424 644 592 721 omnihus,
632 643 773 725 qualiter
800 644 834 702 in
865 645 1021 726 superiori
1044 649 1184 731 capitulo

67 735 160 794 affixa
189 741 282 809 sunt,
319 737 352 789 et
381 725 612 790 monasterium
640 727 758 788 intrare
779 727 936 804 voluerit,
975 730 1001 790 si
1024 730 1109 792 filios
1130 741 1187 793 aut

67 816 150 876 filias
176 811 354 888 habuerit,
373 811 407 872 in
438 831 576 894 quorum
605 809 741 870 mundio
775 829 844 871 esse
873 811 1074 891 inveniatur,
1113 837 1188 882 cum

67 897 163 960 tertia
179 897 333 980 portione
369 895 410 956 de
431 893 571 978 propriis
594 893 658 952 suis
679 894 775 954 rebus
796 893 894 954 intret
915 895 949 954 in
971 898 1164 960 monasterio
1175 911 1187 961 Ιε
1241 932 1246 938 -
1311 901 1312 904 ’

68 991 101 1044 et
121 990 195 1064 post
211 979 341 1040 obitum
362 978 431 1040 eius
453 985 617 1040 remaneat
639 975 672 1034 in
695 975 763 1058 ipso
794 979 1007 1057 monasterio,
1042 980 1096 1041 nbi
1119 982 1187 1066 ipsa

68 1063 244 1132 intraverit.
286 1061 320 1121 Si
342 1083 417 1122 vero
440 1059 524 1121 filios
545 1069 600 1120 aut
621 1058 704 1119 [ilias
726 1081 792 1118 non
816 1059 986 1139 habuerit,
1021 1084 1097 1124 cum
1118 1087 1189 1126 mc·-

69 1146 124 1209 dio
146 1147 186 1208 de
208 1145 306 1207 rebus
332 1144 395 1206 suis
418 1143 535 1205 intret:
571 1150 603 1202 et
632 1151 705 1224 post
733 1142 801 1202 eius
825 1144 994 1204 decessum
1024 1157 1189 1210 remaneat

68 1230 137 1313 ipsa
149 1215 313 1289 'medietas
336 1227 371 1288 in
393 1235 557 1310 potestate,
572 1224 767 1286 monasterii.
809 1227 888 1287 Nam
911 1228 936 1288 si
958 1227 992 1286 in
1016 1229 1112 1292 domo
1133 1254 1189 1293 re-

68 1311 236 1390 manserit,
257 1316 449 1392 potestatem
470 1308 587 1369 habeat
609 1308 647 1368 de
670 1307 766 1376 rebus
787 1309 854 1370 suis
877 1309 1019 1372 iudicare
1040 1335 1099 1394 pro
1121 1315 1190 1374 ani-

67 1417 120 1474 ma
142 1413 217 1472 sua,
239 1393 296 1454 uhi
317 1392 473 1470 voluerit,
495 1391 530 1450 in
551 1391 679 1452 tertiam
699 1399 840 1474 partem:
864 1393 945 1454 duae
967 1415 1043 1455 vero
1064 1398 1189 1480 portio·

68 1499 128 1552 nes
150 1499 190 1542 ex
211 1477 308 1540 rebus
331 1476 394 1538 suis
426 1476 491 1535 sint
518 1474 552 1534 in
580 1483 738 1557 potestate
772 1475 857 1553 eius,
889 1476 930 1538 ad
961 1499 1060 1560 quem
1089 1503 1188 1542 mun.

68 1561 158 1624 dium
176 1559 216 1620 de
237 1581 275 1620 ea
294 1560 446 1642 pertinet.
508 1559 551 1620 ΙΙ.
572 1579 621 1640 27.
642 1559 673 1633 lp.

152 1667 209 1732 cl.
253 1666 440 1748 (XLVIII.)
483 1665 517 1727 si
548 1666 619 1748 quis
648 1666 878 1748 Langobardus
908 1665 1057 1730 habuerit
1081 1663 1187 1749 filiuni
1294 1710 1302 1722 κ

67 1752 250 1830 masculum
272 1751 594 1834 legitimumunum,
629 1757 662 1810 et
685 1746 787 1809 'filiam
815 1749 990 1833 legitimam
1013 1765 1188 1820 unam-aut

66 1837 196 1920 plures,
219 1844 252 1895 et
273 1844 445 1917 antequam
466 1854 518 1894 cas
540 1832 580 1894 ad
601 1831 751 1892 maritum
772 1821 892 1909 tradat,
916 1833 956 1894 ad
977 1846 1113 1898 mortem
1133 1861 1188 1908 ve-

69 1917 175 1995 nerit,
209 1925 399 2000 potestatem
430 1908 546 1977 habeat
575 1916 615 1976 ad
645 1915 729 1976 filias
750 1938 809 1999 per
829 1915 969 1976 chartam
993 1919 1187 2000 donationis,

68 2001 95 2064 si
116 1997 275 2077 voluerit,
310 2021 411 2082 usque
435 1999 475 2060 ad
496 2008 641 2080 quartam
662 1999 844 2080 portionem
867 2000 907 2060 de
928 2002 1026 2062 rebus
1047 2005 1187 2077 suisiu-

68 2083 187 2145 dicare.
229 2083 272 2142 Et
301 2082 555 2156 uindicauerit,
585 2074 697 2142 stabile
719 2090 913 2164 permaneat.
955 2085 1035 2144 Nam
1056 2087 1083 2148 si
1106 2089 1186 2155 duos
1297 2089 1301 2110 ’

68 2167 153 2228 filios
175 2165 337 2248 legitimos
357 2165 527 2242 habuerit,
559 2175 592 2227 et
611 2165 709 2224 filiam
733 2186 830 2224 unam
852 2173 907 2225 aut
925 2166 1053 2248 plures,
1084 2171 1186 2256 septi-

68 2271 153 2309 mam
174 2249 356 2331 p'ortionem
379 2248 419 2310 de
442 2248 537 2309 rebus
558 2247 623 2308 suis
646 2247 789 2325 iudicet,
812 2246 1008 2315 sivoluerit.
1050 2253 1084 2314 Si
1106 2276 1184 2331 vero

68 2331 206 2415 amplius
227 2331 352 2393 fuerint
373 2331 453 2408 filii,
489 2331 660 2414 perhanc
690 2331 847 2390 rationem
870 2343 1105 2414 computentur.
1147 2338 1183 2410 Si

66 2436 144 2476 vero
165 2423 257 2497 pater
276 2413 404 2476 virente
427 2435 459 2476 se
482 2435 534 2474 eas
554 2413 595 2474 ad
616 2412 766 2474 maritum
788 2413 929 2493 dederit,
953 2417 1081 2479 ordinet
1094 2420 1183 2484 iuxta
1222 2415 1223 2420 ¹

66 2499 191 2582 Iegem,
215 2496 356 2580 qualiter
375 2496 526 2562 voluerit.
587 2497 629 2555 II.
652 2517 701 2557 20.
725 2519 753 2557 2.

135 2597 215 2632 roan.
255 2581 334 2634 Patre
349 2587 378 2632 te
395 2580 517 2650 appellat
533 2579 682 2642 Martinus,
707 2579 782 2650 quod
798 2586 828 2632 tu
846 2585 924 2632 tenes
938 2580 989 2633 sibi
1005 2585 1078 2638 malo
1090 2587 1198 2641 ordine<

65 2659 166 2705 terram
183 2651 213 2701 in
232 2651 282 2702 tali
300 2651 371 2704 loco.
402 2654 463 2720 Ipsa
480 2659 550 2702 terra
568 2665 629 2702 mea
645 2652 752 2720 propria
770 2658 811 2702 est
829 2649 864 2702 de
881 2652 997 2705 muliere
1010 2673 1079 2708 mea.
1108 2659 1185 2728 Quid

65 2721 119 2773 sibi
143 2720 287 2790 pertinet?
322 2719 395 2773 Eece
420 2729 513 2782 carta,
543 2737 625 2791 quam
648 2728 726 2789 pater
753 2737 835 2783 suus,
866 2730 894 2773 et
911 2730 975 2775 tuus
992 2725 1060 2778 lecit
1076 2726 1128 2779 sibi
1147 2730 1183 2783 de

88 2800 165 2842 rrarta
182 2800 260 2861 parte
276 2789 463 2854 substantiae,
490 2791 601 2860 quando
623 2790 699 2843 venit
723 2791 756 2842 ad
782 2798 904 2842 mortem.
942 2793 969 2846 Si
996 2805 1071 2850 carta
1097 2801 1184 2855 mani.

65 2809 149 2914 instat
168 2863 229 2929 plus
248 2862 283 2912 de
301 2871 398 2931 quarta
414 2861 556 2931 portione,
576 2861 651 2932 quod
668 2861 730 2930 plus
749 2868 805 2924 cst,
825 2860 930 2914 reddat.

151 2929 221 2994 CII.
265 2933 405 3012 (XLIX.)
444 2930 534 2993 Nulli
555 2930 595 2992 sit
616 2930 749 2991 licentia
771 2931 904 3015 coniugi
925 2955 1002 2995 snae
1023 2934 1062 2996 de
1084 2937 1182 3000 rebus

68 3011 134 3074 suis
157 3013 231 3073 dare
253 3014 390 3097 amplius
410 3035 470 3097 per
491 3013 725 3097 qualecumque
747 3013 932 3096 ingenium,
957 3017 1129 3100 nisilquod
1150 3020 1182 3082 ci

68 3095 103 3153 in
127 3095 179 3156 die
200 3093 350 3156 votorum
372 3097 406 3156 in
423 3096 544 3160 methio
562 3101 607 3176 w)
628 3105 660 3159 et
680 3099 875 3180 morgengab
897 3098 1039 3179 dederit,
1062 3123 1182 3163 secun-

66 3175 147 3248 dum
168 3177 311 3238 anterius
332 3180 501 3252 Edictum
538 3189 569 3242 et
590 3181 679 3262 quod
699 3180 940 3263 superdederit,
965 3203 1032 3256 non
1054 3183 1096 3246 sit
1111 3193 1182 3256 ¹sta-

67 3258 144 3335 Irile.
209 3259 250 3320 II.
270 3261 301 3336 4.
322 3263 353 3322 3.

138 3359 217 3395 rona.
252 3343 370 3396 Martine
395 3341 507 3396 insimul
531 3359 593 3396 cum
621 3344 700 3410 Petro
726 3349 819 3396 tutore
843 3349 873 3396 te
896 3345 1019 3412 appellat
1044 3347 1182 3410 Iohannes

69 3412 145 3482 quod
162 3423 194 3465 tu
214 3411 238 3464 ei
254 3420 332 3465 tenes
349 3421 447 3466 terram
464 3415 492 3464 in
510 3413 560 3466 tali
577 3414 641 3465 loco
659 3414 732 3464 malo
750 3413 852 3466 ordine.
887 3412 960 3465 Ecce
979 3415 1091 3484 charta,
1112 3439 1183 3491 quo-

68 3483 150 3534 modo
167 3479 230 3534 talis
247 3482 330 3534 homo
349 3482 416 3534 mihi
434 3481 518 3537 dedit.
555 3483 630 3554 Quid
647 3482 787 3552 pertinuit.
821 3484 873 3536 Per
896 3485 1067 3550 chartulam,
1097 3508 1180 3560 quam

68 3553 110 3606 vir
127 3570 202 3604 meus
220 3552 288 3605 fecit
305 3552 365 3605 sibi.
402 3553 466 3622 Ipsa
483 3560 578 3605 contra
603 3554 690 3619 legem
715 3561 770 3615 cst,
802 3555 868 3623 quia
885 3553 944 3624 ipse
968 3572 1028 3608 eam
1053 3559 1122 3614 fecit
1145 3580 1180 3616 eo
1288 3603 1289 3612 ,

70 3623 212 3683 colludio,
232 3633 264 3676 ut
282 3624 360 3678 daret
375 3622 428 3676 tibi
444 3625 505 3694 plus
524 3631 649 3694 quartam
668 3640 738 3675 a...

156 3693 244 3761 CIII.
274 3693 353 3773 ¹(L.)
394 3693 428 3754 Si
460 3715 569 3755 servus
600 3692 832 3775 cuiuscumque
862 3692 985 3755 habens
1005 3694 1180 3778 legitimam

69 3797 225 3853 uxorem,
255 3777 351 3837 aliam
372 3777 525 3837 ancillam
550 3797 738 3859 supeream
760 3776 903 3854 duxerit,
927 3793 1099 3861 componat
1121 3783 1181 3856 do-

69 3859 178 3920 minus
200 3859 282 3922 servi
303 3859 355 3939 x),
378 3859 460 3922 sicut
479 3858 631 3921 Edictum
652 3855 691 3920 de
713 3859 872 3920 adulterio
895 3861 1053 3943 continet,
1075 3865 1105 3926 ei
1129 3869 1184 3927 cnss
1256 3856 1260 3867 ’

67 3940 119 4004 ius
149 3943 302 4004 ancillam
335 3952 449 4028 postea
484 3943 569 4012 tulit.
621 3941 752 4004 Ancilla
779 3964 856 4006 vero
882 3943 951 4027 ipsa
978 3968 1038 4028 pro
1066 3948 1182 4012 illicita

75 4075 427 4104 -ι--ι-Ι-ι--η-

3 4179 4 4184 ¹
102 4239 113 4292 l
139 4170 178 4242 w)
203 4170 246 4225 n.
270 4168 358 4225 coar.
383 4167 501 4242 mepta.
519 4166 630 4225 aaron
648 4167 750 4268 mfsfio.
820 4171 853 4243 a)
869 4171 923 4229 nn.
940 4171 1010 4228 coa.
1028 4147 1181 4236 ,avam

69 4256 100 4292 80
