2684 4868
282 282 386 342 neers
403 283 694 348 susteornoaun
711 283 775 338 ms.
795 281 841 338 vt.
861 281 931 338 nr.
948 281 981 338 v.
1023 333 1026 344 ,
1116 266 1199 346 551·

503 425 561 492 XI.
610 443 756 497 cursous.

387 539 424 600 Si
444 559 555 601 servus
582 559 708 600 seruum
728 537 879 600 debilitet.

160 625 196 688 si
229 644 342 687 servus
372 643 465 685 servo
491 620 693 683 debilitatem
720 620 883 697 intulerit,
911 631 1047 706 excepto
1069 624 1187 689 vulne·

71 711 119 772 ris
142 705 427 790 compositionem,
457 703 493 766 C.
514 703 641 786 flagella
662 703 822 786 suscipiat.
868 704 910 766 Et
935 705 962 766 si
990 706 1109 770 exinde
1133 709 1188 772 de·

72 792 223 854 bilitatus
245 787 446 872 agnoscitur,
468 797 626 868 quantum
647 785 789 848 deterior
810 786 955 849 extiterit
975 786 1043 871 ipse
1065 811 1187 870 servus,

74 875 179 936 iudex
207 871 328 955 poterit
357 869 533 934 aestimare.
581 867 675 930 Etsi
706 867 774 951 ipse
804 867 954 931 domiuus
984 872 1187 955 compositio-

74 977 155 1018 nem
174 954 321 1037 accipere
343 952 503 1030 noluerit,
540 950 678 1013 similem
706 971 835 1012 servum
863 961 919 1012 ant
941 953 1081 1048 pretium
1102 955 1188 1018 servi

76 1037 217 1117 abillo,
246 1036 338 1098 cuins
367 1055 494 1096 servum
515 1054 589 1095 eum
609 1032 805 1111 debilitavit,
851 1033 1004 1116 accipiet,
1039 1037 1188 1100 stillum

76 1121 283 1184 debilitatum
303 1137 430 1180 servum
450 1115 510 1178 sibi
532 1123 673 1198 usurpet.
733 1115 802 1178 Hoc
832 1114 936 1202 ipsum
967 1115 1064 1182 etiam
1094 1128 1127 1183 et
1147 1119 1188 1184 de

76 1203 208 1266 ancillis
227 1198 441 1287 praecipimus
463 1197 628 1263 custodiri.

217 1387 305 1457 Tru.
332 1387 378 1466 V.
419 1385 478 1457 De
503 1385 612 1456 caede
645 1396 683 1456 et
711 1396 831 1456 morte
854 1384 1055 1466 hominum.

410 1513 437 1582 Ι.
478 1536 541 1584 sus,
575 1536 640 1582 cns.
670 1536 757 1577 nens.
790 1536 860 1582 nux.

305 1630 343 1692 Si
366 1632 437 1716 quis
459 1633 600 1692 nesciens
619 1629 772 1693 occiderit
792 1631 959 1698 bominem.

161 1713 361 1796 Quicunque
394 1712 541 1775 nesciens
574 1712 739 1774 homiuem
779 1712 952 1791 occiderit,
996 1719 1027 1774 et
1060 1710 1190 1773 nullum

78 1809 192 1869 contra
213 1819 288 1860 eum
308 1797 418 1858 odium
438 1795 605 1874 habuerit,
627 1795 717 1856 iuxta
732 1795 865 1856 Domini
887 1815 997 1857 vocem
1018 1814 1093 1855 reus
1106 1817 1189 1856 mor·

77 1884 120 1944 tis
139 1902 205 1942 non
227 1880 298 1944 erit.
337 1880 410 1940 Non
439 1879 526 1940 euim
563 1887 611 1941 est
649 1877 785 1955 iustum,
818 1887 853 1939 ut
880 1877 973 1938 illum
1007 1875 1188 1940 homicidae

79 1966 234 2026 damnum
255 1970 310 2023 aut
324 1979 429 2048 poena
448 1960 628 2047 percutiat,
650 1980 746 2044 quem
765 1961 914 2022 voluutas
931 1957 1098 2021 homicidii
1120 1979 1186 2022 non

80 2055 240 2110 cruentat.

452 2155 499 2221 II.
540 2179 603 2225 sus.
632 2178 720 2223 ncns.
752 2178 819 2220 arx.

211 2274 249 2336 Si
270 2276 340 2370 quis
364 2275 539 2348 bominem,
570 2273 646 2335 dum
668 2293 731 2335 non
753 2271 858 2349 videt,
886 2269 1047 2334 occiderit.

162 2358 198 2420 Si
226 2356 499 2441 qmshominem,
522 2357 599 2419 dum
618 2378 692 2419 eum
722 2376 786 2416 nou
812 2354 920 2432 ridet,
951 2363 1103 2434 stantem,
1135 2377 1188 2419 ve·

79 2442 245 2518 nientem,
272 2439 324 2501 vel
349 2449 608 2522 praetereuntem
629 2436 808 2524 ignorando
832 2436 1002 2498 occiderit:
1032 2439 1060 2500 si
1094 2439 1187 2500 nulla

79 2524 207 2587 occasio
227 2521 415 2583 inimicitiae
437 2532 531 2584 antee
552 2544 626 2584 cum
646 2544 685 2584 eo
709 2519 825 2596 fuerit,
854 2528 887 2580 et
914 2518 971 2580 ille
994 2521 1110 2584 nolens
1124 2520 1187 2583 ho·

78 2607 247 2669 mieidium
265 2604 451 2682 admiserit,
484 2615 516 2666 at
539 2626 579 2666 ue
607 2612 680 2667 aute
707 2601 846 2664 iudicem
868 2601 930 2664 hoc
958 2603 1100 2688 potuerit
1132 2626 1185 2690 ap-

77 2689 236 2774 probare,
264 2708 395 2751 securus
417 2627 574 2750 abscedat.

417 2799 481 2879 111,
501 2824 561 2864 rus.
584 2823 648 2868 aas.
669 2775 754 2866 acus.
773 2820 845 2864 unx.
913 2873 922 2883 ,Ι

313 2918 352 2978 St
372 2920 441 3001 quis
463 2917 614 3002 impulsus
636 2917 760 2979 occidat
786 2917 950 2980 bominem.

162 2999 197 3060 si
234 3001 307 3083 quis
345 3011 401 3062 aut
428 3023 505 3063 casu
532 3010 587 3060 eut
614 3021 648 3061 re
685 3021 878 3096 quacunque
916 2998 1088 3084 impulsus,
1130 2999 1185 3062 vel

79 3083 323 3165 praecipitatus,
346 3084 379 3143 iu
394 3084 541 3144 ¹alterum
565 3092 737 3161 corruerit,
767 3081 996 3164 hominemque
1018 3081 1184 3158 occiderit,

78 3187 137 3246 pro
156 3164 333 3227 homicidio
366 3187 426 3226 nec
447 3165 570 3227 damnis
602 3185 662 3226 nec
684 3167 796 3247 poeuis
817 3165 1004 3228 damnabilis
1035 3163 1105 3229 erit.
1148 3162 1183 3222 Si

79 3257 164 3308 certe
189 3247 285 3308 homo
310 3247 475 3333 impulerit
495 3247 612 3324 alium,
639 3247 731 3310 cuius
753 3247 945 3330 impulsione
976 3246 1081 3308 illisus
1102 3244 1185 3328 peri-

77 3339 142 3390 mat
171 3327 337 3410 alterum,
363 3331 390 3392 si
418 3330 475 3391 ille
499 3330 556 3412 qui
580 3330 727 3413 impulit,
759 3331 877 3410 absque
911 3331 993 3390 mala
1018 3331 1183 3391 voluntate

76 3409 140 3471 hoc
166 3412 298 3493 fecerit,
327 3413 399 3474 auri
428 3412 529 3476 librae
554 3414 706 3476 damnum
735 3413 885 3492 habebit,
908 3433 1006 3495 quare
1026 3411 1184 3473 lesionem

77 3494 179 3556 vitare
205 3495 395 3580 neglexerit.

399 3611 458 3675 IV.
499 3633 569 3673 rm.-
590 3632 653 3677 cas.
684 3632 770 3674 sons.
799 3631 867 3678 asx.

77 3723 114 3784 Si
136 3728 207 3808 quis
226 3726 359 3787 alterum
377 3739 541 3810 percutere
563 3729 692 3805 volens,
719 3725 853 3788 alterum
876 3723 1001 3788 occidat
1016 3724 1183 3792 bominem,

158 3810 356 3891 Quicunque
377 3819 489 3870 exorta
510 3809 583 3887 lite,
612 3809 687 3870 dum
712 3830 785 3870 eum
806 3829 879 3870 cum
905 3829 970 3888 quo
995 3805 1183 3886 contendit,

76 3901 245 3971 percutere
270 3892 415 3972 quaerit,
461 3893 597 3952 alterum
627 3892 741 3954 nolens
769 3890 940 3954 occiderit:
963 3888 1185 3971 quaerendum

77 3983 141 4051 est,
171 3995 274 4055 aquo
294 3975 408 4036 caedes
429 3975 598 4038 exordium
619 3973 777 4036 hahuerit
809 3973 898 4035 Etsi
922 3974 961 4034 ah
985 3972 1068 4049 alio,
1088 3991 1186 4052 quem

76 4076 246 4134 percussor
268 4056 372 4116 voluit
392 4067 581 4139 percutere,
613 4065 758 4126 exortam
779 4059 921 4155 caedem⁸
937 4076 1004 4118 esse
1031 4054 1184 4116 constite-

75 4136 133 4218 rit:
169 4139 226 4199 ilie
258 4141 314 4220 qui
338 4140 511 4200 concitavit
535 4140 641 4216 litem,
675 4140 754 4200 licet
773 4139 911 4201 evaserit
932 4137 1183 4222 percussionem,

75 4223 153 4304 quia
185 4232 290 4283 tamen
320 4243 377 4305 per
408 4223 514 4307 ipsum
538 4233 662 4286 constat
690 4223 903 4285 homicidium
932 4245 1000 4285 esse
1034 4218 1183 4282 commis·
