2632 4822
120 250 197 330 758
418 260 636 321 narramur
671 262 799 322 trouu
833 263 897 322 urs.
915 259 940 322 t.
955 297 974 310 ··

120 412 252 499 spirali,
288 407 386 472 simili
416 405 513 470 mado
539 428 596 479 ea,
632 427 712 491 quae
737 409 919 483 iantaDei
940 410 1041 491 legem
1065 407 1163 473 nabis
1194 414 1247 474 iu-

120 515 260 576 cougraa
284 500 518 578 apparuerunt,
563 492 764 571 subtrahere,
807 506 839 554 et
859 510 941 575 quae
960 505 1048 554 recta
1072 494 1246 576 videntur,

120 577 242 642 addere
274 573 495 649 decrevimus,
534 576 616 634 sicut
646 585 679 633 et
705 576 739 634 in
763 579 926 658 praesenti
947 579 1067 660 pagiua
1099 578 1245 639 scribere

119 662 275 725 iussimus.
321 656 369 720 Ob
384 657 443 717 boa
459 675 515 734 ego
532 658 565 716 in
582 658 650 717 Deo
668 659 891 740 omnipotentis
909 662 1035 720 nomine
1055 659 1247 740 Lintprand

121 742 420 817 excellentissimus,
443 740 632 800 christianus
654 751 685 799 et
704 742 877 802 catholicus
891 743 962 803 Deo
985 741 1123 803 dilectae
1138 745 1244 821 gentis

118 824 404 904 Langobardorum
420 821 509 897 Rea,
532 843 633 900 anno,
661 823 731 883 Deo
744 825 903 906 propitio,
928 826 1030 905 Regni
1047 825 1111 884 mei
1121 827 1243 908 primo,

115 908 225 992 pridie
243 904 380 970 Kalend.
399 905 555 976 Martias,
587 903 761 966 indictione
782 905 967 985 undecima,
1000 929 1066 968 una
1081 927 1159 968 eum
1176 929 1243 970 om·

118 991 211 1052 nibus
233 989 398 1052 iudicibus
428 986 469 1046 de
496 988 643 1048 Austriae
677 1001 709 1047 et
732 990 900 1050 Naustrbae
932 992 1102 1074 partibas,
1142 1003 1173 1052 et
1199 989 1240 1051 de

121 1072 255 1133 Tusciae
273 1071 401 1157 finibus
427 1090 497 1130 cum
523 1071 652 1153 reliquis
669 1068 829 1154 fidelibus
854 1074 931 1134 meis
955 1071 1183 1153 Langobardis
1209 1085 1241 1134 et

118 1167 233 1218 cuncto
252 1154 372 1240 populo
398 1153 580 1230 assistente,
610 1155 686 1214 baec
707 1173 786 1236 quae
805 1156 899 1217 nobis
918 1157 1079 1218 communi
1103 1156 1240 1217 consilio

118 1236 303 1316 statuenda,
335 1239 429 1297 iuxta
445 1236 510 1295 Dei
526 1237 672 1296 timorem
693 1249 784 1318 atque
814 1259 953 1299 amorem
977 1250 1055 1322 apta
1077 1250 1108 1300 et
1129 1251 1241 1300 sancta

118 1331 380 1406 comparuerunt,
402 1331 433 1380 et
450 1317 655 1403 placuerunt,
679 1317 799 1380 addere
818 1319 1022 1384 decrevimus.

311 1463 428 1532 Legibus
448 1471 565 1518 armatus
584 1463 711 1535 splendet
726 1481 775 1517 rex
792 1463 839 1520 hic
858 1466 1039 1540 liuprandus.

202 1569 230 1638 1.
271 1567 306 1632 Si
333 1557 406 1654 quis
425 1569 654 1654 Langobardus
683 1569 753 1632 sine
776 1570 851 1634 filiis
873 1571 1026 1656 legitimis
1047 1559 1245 1637 masculinis

118 1661 264 1716 mortuus
291 1653 408 1735 fuerit,
444 1666 476 1716 et
504 1653 604 1716 filium
626 1653 838 1735 dereliquerit
858 1678 956 1716 unam
976 1666 1032 1718 aut
1051 1659 1168 1740 plures
1189 1660 1242 1719 le-

119 1737 264 1821 gitimas,
297 1737 382 1822 ipsae
412 1737 443 1800 ei
465 1737 498 1798 in
520 1759 651 1798 omnem
672 1736 886 1800 hereditatem
912 1741 1013 1822 patris
1044 1741 1098 1802 vel
1128 1741 1242 1804 matris

117 1843 193 1969 ique
206 1831 380 1981 ,tamquam
401 1819 461 1882 lilii
481 1819 618 1906 legitimi
640 1819 812 1882 masculini
832 1819 969 1886 heredes
993 1824 1185 1886 succedant.

156 1947 164 1963 .
191 1926 201 1964 1
230 1948 238 1964 .
262 1927 272 1964 1
301 1950 309 1966 .

185 1987 248 2060 ll.
279 1927 325 2050 9Si
352 1986 425 2069 quis
445 1985 675 2068 Langobardos
702 2007 736 2048 se
765 1981 892 2050 virente
916 1987 999 2051 filias
1022 2011 1096 2052 suas
1118 1983 1241 2073 nuptui

117 2069 303 2150 tradiderit,
337 2079 370 2132 et
390 2069 468 2130 alias
489 2078 562 2151 post
582 2080 718 2131 mortem
740 2070 774 2130 in
797 2071 915 2154 capillo
937 2072 973 2132 in
995 2093 1068 2134 oasa
1087 2073 1241 2156 relique-

116 2153 177 2234 rit,
211 2165 291 2217 tunc
323 2175 436 2216 omnes
457 2153 637 2234 aequaliter
657 2153 692 2213 iu
714 2151 782 2215 eius
804 2155 979 2218 substantia
999 2155 1138 2220 heredes
1161 2177 1241 2218 suc-

118 2238 234 2301 cedere
257 2237 387 2312 debent,
407 2245 570 2317 tamquam
590 2234 650 2296 lilii
671 2236 809 2318 legitimi
829 2238 1009 2304 masculini.
1052 2239 1095 2307 11.
1119 2242 1168 2317 ¹4·
1188 2261 1240 2301 20.

114 2394 123 2405 .
202 2322 260 2382 lll.
302 2321 336 2384 Si
358 2319 431 2402 quis
451 2318 680 2402 Langobardus
700 2341 824 2382 sorores
844 2321 1030 2403 reliquerit,
1053 2331 1086 2384 et
1106 2323 1239 2385 vivente

118 2425 158 2472 eo
180 2403 221 2465 ad
242 2403 390 2465 maritum
411 2402 666 2477 ambulaverint,
688 2409 814 2464 tautum
834 2403 975 2466 habeant
995 2426 1037 2465 ex
1056 2407 1166 2470 fratris
1187 2409 1239 2469 fe-

118 2487 260 2565 cultate,
294 2487 321 2547 si
343 2487 409 2569 ipse
431 2485 517 2546 filios
536 2487 590 2547 vel
612 2485 694 2546 filias
714 2486 904 2568 reliquerit,
939 2497 1099 2569 quantum
1123 2488 1159 2550 in
1182 2489 1238 2550 die

116 2579 265 2633 votorum
284 2569 480 2654 acceperint,
502 2567 633 2650 qnando
648 2568 688 2628 ad
703 2570 855 2631 maritum
873 2571 1117 2632 ambulaverint.
1154 2573 1240 2634 Nam

119 2653 146 2714 si
167 2653 235 2735 ipse
257 2653 355 2714 irater
376 2674 484 2734 neque
506 2652 607 2726 lilios,
630 2672 735 2732 neque
753 2652 835 2714 filias
848 2653 1035 2735 reliquerit,
1058 2662 1114 2714 aut
1131 2654 1159 2715 si
1176 2655 1240 2716 ha-

118 2735 246 2813 buerit,
278 2745 310 2796 et
332 2745 406 2797 aute
429 2757 504 2796 eum
524 2734 642 2794 mortui
663 2735 715 2796 vel
741 2745 885 2798 mortuae
907 2737 1029 2798 fuerint
1049 2737 1170 2815 absque
1194 2739 1239 2797 fi-

118 2819 172 2881 liis
193 2817 245 2880 vel
267 2818 410 2879 filiabus:
444 2826 525 2877 tuno
547 2837 672 2879 sorores
703 2816 856 2878 eiustam
878 2820 1014 2900 quaein
1036 2818 1154 2900 capillo
1175 2839 1237 2880 re-

119 2899 307 2979 manseriut,
329 2923 426 2984 quam
446 2919 528 2981 quae
551 2899 592 2959 ad
612 2899 760 2960 maritum
780 2902 1021 2980 ambulaverint,
1043 2901 1076 2962 iu
1097 2921 1236 2962 omnem

121 2983 330 3049 substantiam
352 2983 422 3045 eius
444 2981 623 3062 aequaliter
643 2983 826 3045 succedant.
889 2985 935 3052 ll.
963 2988 1007 3063 14.
1028 3007 1077 3046 21.

202 3069 258 3131 lv.
300 3067 335 3128 si
357 3065 429 3149 quis
447 3065 674 3147 Langobardos
696 3066 777 3127 filias
799 3077 832 3128 et
851 3090 977 3131 sorores
999 3068 1033 3128 in
1056 3066 1175 3151 capillo
1200 3067 1237 3127 in

119 3174 192 3218 casa
209 3150 389 3232 reliquerit,
410 3147 530 3232 pariter
550 3158 644 3228 atque
665 3150 844 3230 aequaliter
865 3160 1142 3235 quantaecumque
1165 3151 1239 3211 fue·

118 3236 202 3314 rint,
224 3233 258 3293 in
279 3232 493 3296 hereditatem
515 3228 584 3290 eius
606 3231 636 3292 ei
658 3235 831 3296 succedere
854 3235 992 3313 debent,
1021 3242 1186 3317 tamquam
1209 3232 1238 3294 si

121 3318 198 3381 filiis
220 3317 374 3400 legitimis
396 3313 631 3397 dereliquisset.
693 3315 737 3382 ll.
764 3319 809 3393 14.
832 3339 882 3378 22.
975 3335 980 3344 ·

199 3402 241 3467 V.
283 3401 317 3462 si
338 3401 442 3477 filiae,
466 3407 521 3458 aut
543 3417 668 3458 sorores
689 3408 799 3460 contra
821 3402 1022 3463 voluntatem
1041 3398 1159 3483 patris,
1180 3407 1237 3458 aut

117 3483 224 3548 fratris
245 3483 388 3568 egerint,
415 3490 606 3566 potestatem
626 3479 743 3542 habeat
786 3491 854 3544 ater
873 3492 927 3544 aut
947 3486 1047 3545 frater
1068 3480 1237 3543 iudicandi

119 3591 171 3632 res
193 3589 281 3645 suas,
304 3568 466 3650 quomodo
489 3573 545 3624 aut
565 3562 707 3645 qualiter
726 3505 873 3632 voiuerit.
936 3565 976 3626 ll.
1004 3565 1123 3643 1423·
1191 3593 1195 3602 ·

202 3653 260 3715 VI.
301 3651 335 3712 si
356 3649 429 3734 quis
451 3649 534 3710 liber
553 3648 800 3727 Langobardos,
832 3660 867 3711 nt
888 3649 985 3710 habet
1006 3669 1097 3709 casus
1118 3647 1239 3707 huma-

121 3757 181 3797 nae
202 3733 400 3817 lragilitatis,
433 3730 661 3815 aegrotaverit,
697 3753 889 3815 quamquam
912 3732 945 3792 iu
968 3732 1091 3794 lectulo
1111 3730 1237 3805 iaceat,

119 3826 310 3906 potestatem
330 3817 464 3894 habeat,
499 3814 575 3876 dum
601 3813 695 3891 vivit,
729 3824 761 3874 et
781 3826 868 3876 recte
897 3815 990 3897 loqui
1011 3822 1135 3898 potest,
1175 3833 1237 3896 pro

121 3901 226 3966 anima
248 3922 305 3962 sna
326 3897 514 3976 iudicandi,
549 3895 602 3959 vel
632 3896 825 3980 disponendi
856 3899 895 3960 de
916 3900 1012 3960 rebus
1033 3897 1117 3973 suis,
1151 3915 1239 3978 quo-

121 3988 217 4050 modo
239 3993 294 4045 aut
316 3983 455 4066 qualiter
472 3978 627 4050 voluerit;
652 3989 684 4041 et
702 3980 788 4063 quod
811 3981 1016 4060 iudicaverit,
1040 3978 1155 4042 stabile
1179 3980 1243 4041 de-

119 4073 194 4135 beat
213 4088 413 4152 permanere.
473 4063 517 4125 ll.
542 4063 587 4125 18.
612 4084 640 4122 a.
1186 4067 1189 4072 '

203 4153 305 4227 (vlt.)
346 4151 384 4211 Si
406 4165 486 4234 quae
515 4166 641 4208 caussae
667 4144 708 4206 de
730 4147 921 4226 supradictis
946 4145 1117 4232 Capitulis,
1148 4167 1241 4242 'qaae

122 4257 223 4320 nuper
248 4237 283 4296 in
302 4229 601 4318 praesentipagina
617 4230 717 4294 ,buius
740 4229 851 4292 Edisti
877 4229 978 4316 adfigi
1001 4247 1241 4312 praecepimus,
