2684 4868
287 303 390 360 esen
408 301 699 362 w1s1o0raonun
717 301 788 364 nn.
806 303 886 361 vua
904 303 980 362 arr:
992 307 1017 360 1.
1136 293 1209 368 577

89 455 185 524 tuat,
208 445 248 509 de
271 444 364 506 cuius
386 443 456 504 iure
478 435 565 506 visus
587 454 636 507 est
655 443 840 516 abstulisse;
861 465 898 505 ac
923 443 1127 529 singulorum
1147 471 1209 512 an·-

92 551 213 592 norum
240 531 370 610 fruges,
394 549 481 610 ¹quas
501 527 742 590 indefideliter
763 527 932 609 collegisse
954 529 1124 612 iuraverit,
1146 554 1207 620 ped

88 614 181 675 titori
202 612 415 693 compellatur
435 612 609 673 exsolvere.
650 613 692 673 Et
708 620 816 672 tamen
837 614 863 671 si
884 633 995 674 servus
1012 616 1135 698 alasque
1152 619 1209 678 do·

89 696 172 758 mini
188 695 353 756 voluntate
371 693 434 753 hoc
449 695 581 773 fecerit,
608 695 669 756 CC?
685 693 818 776 insuper
831 699 1130 780 extensus-publice
1146 699 1210 758 dns

90 780 177 864 gella
194 777 356 860 suscipiat.
399 778 447 837 Ita
464 786 499 836 ut
520 777 545 837 si
565 777 781 859 domiuuspro
799 777 847 838 rei
866 777 1051 860 duplatione
1065 781 1209 842 noluerit

88 863 292 938 satisfacere,
322 879 391 920 rem
420 880 501 942 quae
527 861 632 920 ablata
661 859 766 920 estin
799 881 837 920 eo
859 870 944 922 statu
966 883 1040 922 cum
1060 865 1207 946 frugibus

88 945 259 1021 restituat,
282 952 313 1004 et
334 943 475 1003 eundem
496 963 622 1004 servum
647 963 705 1025 pro
730 941 808 1002 facti
832 944 1011 1007 temeritate
1034 946 1206 1008 insistente

89 1029 201 1089 iudice
223 1027 272 1102 ei,
302 1025 393 1086 cuius
414 1047 465 1086 res
486 1025 602 1088 invasit
624 1025 677 1087 vel
700 1025 840 1101 abstulit,
863 1027 1053 1093 serviturum
1077 1031 1208 1098 tradere

92 1133 161 1173 nou
178 1109 318 1171 desistat.
354 1108 557 1170 Omnimodis
572 1119 680 1172 tamen
701 1108 762 1169 erit
783 1109 922 1170 sollicite
938 1112 1206 1193 perquirendum,

91 1215 135 1256 ne
165 1193 311 1274 qualibet
333 1191 493 1264 suasione,
515 1192 567 1252 vel
589 1190 711 1252 fraudis
733 1190 870 1254 alicuius
893 1202 1094 1272 commento,
1118 1197 1208 1259 idem

90 1271 203 1340 servus
224 1296 298 1336 cum
319 1273 410 1335 illius
432 1274 555 1335 domini
576 1273 740 1335 voluntate
770 1273 833 1334 hoc
860 1274 991 1354 fecerit,
1022 1279 1112 1339 cuius
1134 1301 1206 1340 rem

91 1361 230 1421 ablatam
260 1378 329 1418 esse
358 1357 553 1418 constiterit:
585 1364 618 1418 et
643 1353 670 1416 si
703 1355 747 1418 ita
775 1367 939 1440 repertum
969 1361 1086 1440 fuerit,
1115 1361 1206 1422 iuxta

90 1443 200 1524 legem
221 1440 316 1504 aliam
346 1439 494 1500 dominus
522 1439 578 1522 qui
599 1437 716 1516 suasit,
746 1440 799 1500 vel
823 1441 943 1501 malum
972 1442 1044 1502 fieri
1070 1443 1206 1504 fraudu-

93 1527 203 1586 lenter
225 1520 392 1607 permisit,
413 1532 571 1605 quantum
591 1543 701 1584 servus
721 1521 856 1601 tulerat,
885 1525 1069 1608 septuplum
1098 1525 1205 1585 dorni-

92 1630 154 1669 nus
175 1606 224 1668 rei
254 1605 385 1668 domino
408 1606 489 1666 servi
518 1605 703 1690 persolvat,
734 1613 768 1666 et
790 1627 916 1670 servum
938 1628 1032 1668 suum
1053 1600 1209 1670 dominus*

92 1691 316 1753 eiusasecnrus
348 1689 518 1771 possideat.
1206 1687 1210 1697 “

512 1837 570 1901 Vt.
618 1854 767 1910 armeus.

146 1951 185 2012 Si
207 1949 254 2013 ad
272 1949 488 2036 diripiendum
510 1952 640 2035 quisque
663 1949 743 2013 elios
758 1948 916 2040 'invitasse
941 1950 1149 2035 repperiatur.

175 2068 210 2128 Si
237 2067 310 2150 quis
333 2067 372 2126 ad
395 2064 612 2148 diripiendum
633 2064 713 2124 alios
743 2062 941 2140 invitaverit,
969 2073 1009 2125 ut
1033 2064 1203 2125 cuiuscun-

92 2172 157 2234 que
188 2172 257 2211 rem
292 2157 459 2224 evertant,
496 2157 550 2208 aut
577 2168 696 2229 pecora
718 2146 771 2209 vel
807 2145 957 2207 animalia
986 2167 1202 2230 quaeeunque

93 2234 266 2316 diripiant,
287 2233 336 2291 illi
365 2232 457 2292 cuius
487 2252 538 2290 res
567 2231 690 2311 direpta
718 2237 782 2307 est,
805 2228 838 2286 in
869 2229 1092 2311 undecuplum
1119 2253 1201 2312 quae

69 2319 217 2384 ,sublata
243 2323 319 2374 sunt
346 2314 563 2374 restituantur.
613 2314 654 2371 Hi
677 2333 752 2373 vero
774 2311 832 2393 qui
862 2330 935 2371 cum
958 2311 1029 2394 ipso
1052 2314 1201 2391 'suerint,

90 2403 119 2462 si
144 2398 279 2482 ingenui
308 2405 399 2475 sunt,
431 2397 547 2477 quinos
577 2395 697 2456 solidos
729 2413 924 2476 componere
952 2396 1200 2478 compellantur.

89 2484 154 2545 Aut
182 2483 208 2542 si
239 2502 304 2540 non
327 2480 498 2541 habuerint
521 2478 607 2539 unde
631 2487 848 2561 componant,
878 2480 912 2537 L.
945 2477 1073 2560 flagella
1101 2479 1217 2540 susci·

87 2565 190 2648 piant.
211 2573 214 2582 ¹
232 2563 265 2622 Si
288 2584 364 2625 vero
388 2563 469 2624 servi
499 2562 562 2622 hoc
592 2561 661 2622 sine
692 2561 814 2622 domini
839 2561 1003 2622 voluntate
1029 2562 1201 2622 commise-

87 2649 171 2725 rint,
204 2647 265 2790 ΞΒ.
287 2646 421 2730 flagellis
438 2646 658 2722 verberentur,
680 2652 713 2706 et
732 2643 773 2706 ab
797 2641 912 2728 eislres
935 2643 1040 2706 omnis
1060 2646 1096 2706 in
1115 2653 1217 2708 statu·

45 2769 51 2776 -
88 2753 147 2794 suo
168 2750 203 2791 re
230 2729 330 2789 datur.

519 2873 594 2940 Vll.
621 2895 770 2949 anricus.

108 2991 158 3056 Ne
178 2993 303 3055 absente
322 2987 473 3068 domino,
508 2989 556 3050 vel
579 2991 612 3050 in
632 2988 834 3074 expeditione
858 2989 985 3074 publica
1006 2987 1178 3054 constitdto

369 3076 549 3156 cuiusquam
575 3072 686 3134 domus
715 3074 914 3155 inquietetur.
1151 3085 1153 3092 ’

170 3155 287 3216 Nullus
315 3155 444 3216 domum
470 3153 628 3236 inquietet
656 3153 810 3233 absentis,
844 3151 960 3216 necin
987 3152 1195 3238 expeditione

85 3239 219 3323 publica
243 3237 426 3298 constituti:
466 3245 498 3298 et
530 3237 556 3297 si
582 3237 671 3320 quod
695 3245 763 3320 per*
783 3238 940 3299 iudicium
965 3239 1109 3318 recipere
1135 3259 1197 3320 po·-

84 3323 210 3399 tuisset,
232 3323 361 3382 absente
387 3341 425 3381 eo
449 3343 547 3402 quem
566 3322 670 3381 fuerat
690 3330 916 3397 conventurus,
939 3319 1099 3399 invaserit,
1118 3321 1196 3381 red-

86 3406 142 3466 dat
163 3405 198 3464 in
229 3405 373 3487 duplum.
413 3404 447 3464 Si
470 3423 545 3464 vero
572 3402 739 3480 invaserit,
763 3405 850 3486 quod
873 3424 932 3486 per
957 3405 1084 3463 nullum
1109 3403 1196 3464 iudi-

85 3488 175 3548 cium
195 3487 225 3549 ei
247 3489 439 3564 debebatur,
460 3487 573 3547 reddat
595 3486 628 3544 in
661 3485 801 3568 triplum.
844 3487 877 3545 Si
904 3485 975 3567 quis
997 3494 1102 3546 autem
1135 3507 1195 3545 an-

83 3580 217 3652 tequam
241 3569 273 3629 in
304 3570 541 3655 expeditionem
562 3569 803 3650 proficiscatur,
827 3569 867 3628 ad
894 3569 1059 3650 negotium
1081 3569 1197 3630 dicen-

84 3654 164 3715 dum
184 3653 300 3714 iudicis
321 3653 419 3714 fuerit
438 3653 666 3712 ammonitione
691 3660 879 3728 conventus,
901 3660 956 3709 aut
975 3673 1033 3734 per
1055 3662 1195 3712 secans·

83 3759 152 3798 sam
174 3737 281 3797 dicere
303 3758 369 3796 non
391 3745 540 3813 moretur,
555 3743 608 3794 aut
629 3756 687 3818 per
707 3733 849 3794 mandati
872 3731 1060 3815 scripturam
1081 3749 1222 3816 perso-t

84 3841 160 3878 nam
181 3821 294 3901 eligat,
319 3841 399 3902 quae
418 3818 596 3880 adversario
613 3839 670 3878 suo
687 3816 793 3878 iudice
810 3825 978 3900 praesente
992 3817 1195 3899 respondeat.
1217 3855 1220 3860 -

83 3902 182 3980 Quod
208 3903 234 3963 si
259 3923 320 3962 nec
343 3903 528 3963 mandatum
554 3900 696 3978 dederit,
730 3921 791 3962 nec
819 3900 1014 3982 respondere
1041 3899 1193 3976 voluerit,
1215 3909 1221 3934 ³
1274 3975 1281 3986 .

82 3985 179 4045 etsie
201 3985 235 4045 in
257 3987 496 4068 expeditionem
516 3985 679 4068 profectus
702 4004 843 4045 caussam
865 4003 931 4043 non
954 3983 1083 4061 dixerit,
1102 3991 1194 4065 post*

82 4089 180 4149 qnam
206 4068 303 4129 fuerit
331 4079 510 4131 conventus
546 4089 563 4127 a
596 4067 722 4146 iudice,
761 4068 859 4129 iudex
891 4066 1072 4130 adversario
1114 4077 1192 4141 suo,
1218 4095 1220 4100 v

83 4171 167 4232 quae
188 4153 369 4234 repetebat,
391 4154 500 4213 iubeat
519 4151 696 4214 reformari.
740 4151 794 4213 Illi
819 4159 926 4212 tamen
949 4151 1026 4212 dam
1046 4166 1221 4211 rovensesu

82 4235 202 4314 fuerit,
233 4235 317 4300 actio
337 4245 526 4302 reservetur.
589 4277 591 4282 ,
842 4253 844 4258 ’
1059 4265 1061 4273 2
1191 4263 1197 4270 ·

949 4290 998 4420 'a
