2684 4868
135 270 213 360 566
332 273 437 352 ason
455 287 748 352 wissaoraoaun
768 297 836 355 aas.
853 297 919 353 vn.
937 297 1009 356 rrr.
1027 301 1081 355 ιιι.

539 433 637 498 xxn.
678 455 751 499 arra
774 455 827 500 ua.
1094 467 1098 478 ·
1233 433 1243 492 ί
1321 428 1324 439 ¹

149 519 253 607 ‘Infra
273 515 363 606 qued
378 529 507 602 'tempus
523 517 587 600 sur
613 531 723 598 captus
747 455 853 580 ι11(ιίἰοί
868 523 1066 600 praesentari
1087 525 1233 587 iubetur:

221 603 257 666 Si
287 601 360 686 quis
384 602 490 663 furem
510 607 565 660 aut
586 618 814 683 quemcunque
835 623 926 662 reum
948 605 1247 687 comprehenderit,

140 691 249 754 statim
269 685 425 770 perducat
456 683 496 746 ad
527 682 687 744 iudicema
717 694 858 745 ceterum
885 705 960 748 suae
983 687 1088 749 domui
1109 690 1247 772 amplius

137 795 234 858 qoam
255 792 320 832 una
341 766 393 828 die
415 787 452 826 ac
474 776 569 828 nocte
592 788 671 827 eum
694 767 834 828 retinere
863 788 930 829 nou
952 769 1077 833 audeat.
1115 772 1245 854 siquis

141 854 254 920 cottra
274 851 338 913 hoc
359 848 496 928 feccrit,
525 849 565 914 V.
595 847 715 910 solidos
737 871 795 934 pro
823 849 890 911 sola
910 835 1165 935 praesumptione
1194 855 1246 914 iu-

140 938 207 1006 dici
228 945 360 1020 cogatur
384 933 561 994 exsolvere.
601 932 643 994 Et
662 931 690 992 si
719 953 826 994 servus
854 931 918 994 hoc
945 935 1016 998 sine
1049 933 1170 998 domini
1198 935 1248 997 sui

136 1017 336 1084 conscientia
354 1014 479 1094 fecerit,
502 1015 538 1076 C.
559 1011 686 1096 flagella
707 1015 876 1100 suscipiat:
897 1015 1021 1080 sivero
1047 1040 1155 1080 servus
1177 1039 1253 1079 cum

138 1099 264 1166 domini
296 1100 459 1167 voluntate
488 1096 523 1158 id
550 1097 768 1177 commiserit,
806 1099 997 1182 compositio
1019 1101 1183 1163 redundet
1211 1101 1254 1162 ad

139 1184 317 1250 domiuum.
359 1181 407 1240 lta
434 1187 470 1240 ut
490 1177 517 1241 si
538 1176 733 1242 honestioris
754 1179 818 1243 loci
849 1203 987 1263 persona
1009 1193 1081 1263 est,
1110 1185 1152 1246 X.
1173 1184 1254 1245 soli·-

139 1269 199 1332 dos
226 1261 328 1328 iudici
359 1271 491 1345 cogatur
519 1258 782 1336 exsolveres'ex
807 1263 923 1344 quibus
952 1266 1159 1329 medietatem
1192 1267 1254 1332 sibi

137 1349 238 1415 iudex
258 1351 412 1428 usurpet,
443 1344 539 1404 aliam
559 1365 636 1407 vero
656 1346 861 1412 medietatem
881 1347 933 1408 illi
955 1348 1032 1428 det,
1059 1349 1117 1433 qui
1139 1349 1255 1436 damp.

59 1435 62 1442 “
139 1455 218 1499 uum
237 1427 384 1497 noscitur
402 1428 583 1512 pertulisse.

396 1535 521 1603 XXlll.
581 1557 642 1603 ras.
684 1557 750 1602 aas.
790 1557 878 1602 aens.
919 1559 989 1602 aar.

337 1641 377 1704 Si
389 1641 512 1724 furtiva
532 1641 653 1704 alienus
675 1643 856 1729 quadrupes
878 1644 1052 1710 occidatur.

220 1725 256 1787 Si
278 1724 351 1808 quis
373 1726 533 1788 caballum
553 1727 714 1805 alienum,
745 1737 801 1788 aut
829 1729 962 1808 bovem,
994 1739 1048 1792 aut
1079 1731 1254 1815 quodlibet

141 1809 329 1871 animalium
350 1831 452 1893 genus
474 1818 569 1870 nocte
594 1817 650 1870 aut
683 1812 810 1872 occulte
841 1811 999 1876 occidisse
1029 1815 1253 1891 convincitur,

138 1891 314 1974 novecupli
337 1891 605 1978 compositionem
629 1891 705 1954 dare
731 1903 870 1977 cogatur.
923 1894 1020 1974 Quod
1044 1897 1073 1958 si
1099 1899 1253 1960 convinci

139 1998 206 2038 non
231 1976 398 2059 potuerit,
432 1975 519 2056 quod
544 1974 622 2036 talia
645 1977 782 2056 fecerit,
812 1987 1048 2040 sacramentum
1072 1980 1236 2044 evidentis

138 2057 216 2124 sime
240 2057 336 2120 dabit.
377 2057 512 2119 sivero
540 2057 605 2117 hoc
639 2079 747 2120 servus
775 2057 967 2123 immittente
1001 2063 1135 2123 domino
1161 2086 1255 2125 com-

139 2143 285 2220 miserit,
314 2147 346 2202 ct
373 2140 437 2202 hoc
465 2161 506 2202 ex
534 2139 710 2203 manifestis
732 2141 860 2203 indiciis
882 2143 1065 2221 invenitur,
1099 2147 1252 2208 dominus

82 2221 85 2228 ’
138 2225 222 2290 servi
243 2233 396 2305 tanquam
417 2225 472 2284 fur
501 2223 672 2305 novecupli
695 2224 959 2307 compositionem
987 2225 1123 2309 implere
1153 2249 1253 2311 coga-

13 2313 14 2316 ’
67 2341 69 2346 v
138 2317 200 2370 tur.
242 2308 339 2384 Quod
363 2306 390 2366 si
412 2327 519 2367 seruus
542 2327 608 2368 uon
632 2308 854 2384 convincitur,
877 2308 1083 2370 inscribatur:
1115 2319 1148 2371 et
1178 2332 1253 2372 cum

139 2389 291 2450 inventus
313 2389 409 2448 fuerit
430 2388 506 2447 talia
528 2389 734 2467 commisisse,
761 2398 815 2451 aut
835 2392 1024 2474 sexcuplum
1044 2391 1183 2471 reddat,
1197 2401 1253 2452 aut

141 2469 194 2530 cui
220 2469 395 2552 dampnum
425 2470 558 2547 fecerit,
588 2472 656 2554 ipse
681 2472 853 2534 serviturus
881 2473 1055 2538 subiaceat.
1098 2477 1195 2553 Quod
1224 2475 1252 2536 si

140 2552 294 2612 innoxius
325 2551 424 2611 fuerit
452 2550 619 2632 inventus,
647 2553 736 2614 iuxta
757 2555 847 2638 quod
866 2555 939 2618 aliis
961 2556 1086 2641 legibus
1109 2565 1160 2618 est
1190 2556 1251 2620 dc-

142 2639 286 2708 cretum‚
314 2633 471 2695 satifaciat
490 2634 609 2718 petitor
629 2636 761 2698 domino
786 2637 878 2700 servi.

138 2801 240 2903 ''Prm‘
266 2801 335 2873 III.
385 2801 446 2873 Da
478 2801 755 2919 usurpatoribus
788 2814 826 2875 et
863 2803 1125 2900 plagiatoribus
1148 2782 1253 2879 man-

602 2924 792 2996 caprorum.

433 3051 472 3120 ,Ῑ.
534 3074 597 3120 rus.
639 3074 706 3120 css.
745 3074 831 3115 acus.
875 3075 945 3122 aar.

208 3226 212 3232 ,
276 3174 279 3180 “
358 3157 489 3242 Siquis
519 3163 708 3245 mancipium
730 3161 867 3223 alienum
894 3177 1032 3246 usurpet.

226 3241 425 3322 Quicunque
457 3243 616 3327 ingenuus
637 3243 834 3326 mancipium
862 3247 1062 3328 usurpaverit
1089 3247 1253 3330 alienum,

56 3357 59 3362 ·
139 3323 286 3396 eiusdem
307 3325 411 3388 meriti
434 3327 631 3408 mancipium
651 3328 786 3389 alterum
807 3349 881 3391 cum
902 3349 940 3388 eo
963 3331 1255 3424 compellaturdo-

29 3461 31 3465 ,
139 3409 231 3479 mino
252 3409 438 3472 reformare.
479 3411 513 3472 si
537 3431 613 3471 vero
637 3431 746 3472 servus
770 3409 833 3470 hoc
854 3411 978 3491 fecerit,
1001 3434 1105 3495 ipsum
1122 3413 1256 3474 manci-

140 3489 231 3572 pium
245 3489 296 3550 illi
318 3491 449 3552 domino
470 3492 593 3569 reddat,
615 3501 648 3553 et
672 3500 802 3554 centum
821 3491 949 3575 flagella
972 3495 1134 3576 suscipiat.
1157 3497 1256 3574 Quod

141 3573 170 3633 si
200 3581 385 3656 usurpatum
411 3575 607 3659 mancipium
623 3581 774 3673 praesens
797 3597 862 3636 non
884 3576 992 3654 fuerit,
1015 3577 1165 3639 dominus
1185 3600 1256 3639 ser-

141 3655 175 3718 ui
197 3657 341 3717 eiusdem
367 3656 472 3719 meriti
495 3657 690 3740 mancipium
711 3657 761 3719 illi
784 3657 913 3719 domino
936 3659 1009 3737 det,
1043 3659 1100 3742 qui
1129 3660 1257 3720 manci-

142 3738 234 3820 pium
252 3738 368 3819 amisit,
388 3741 493 3802 donec
512 3740 568 3822 qui
584 3743 707 3803 ablatus
725 3747 773 3802 est
782 3741 982 3820 restituatur,
1005 3749 1039 3803 et
1054 3742 1105 3805 sic
1121 3743 1179 3806 ille
1197 3743 1256 3825 qui

142 3844 203 3904 pro
221 3823 415 3885 codonatus
436 3825 559 3901 fuerat,
592 3823 764 3886 serviturus
785 3824 916 3886 domino
937 3827 1150 3910 reformetur„

478 3937 523 4023 ll.
565 3961 628 4008 ms.
657 3962 723 4003 css.
743 3962 829 4006 neos.
850 3959 919 4008 arx.

213 4047 252 4110 Si
268 4073 397 4114 servum
417 4053 473 4114 uel
492 4054 645 4115 ancillam
659 4055 987 4140 ingenuusplagiosse
1008 4039 1183 4136 detegatur.

225 4133 260 4195 Si
283 4137 355 4214 quis
375 4137 536 4218 ingenuus
556 4157 683 4214 servum
703 4137 845 4199 alienum
864 4138 918 4202 vel
940 4139 1093 4199 ancillam
1114 4139 1255 4200 alienam

143 4213 352 4300 plagiaverit,
395 4227 531 4300 quatuor
564 4239 671 4282 servos
707 4221 760 4283 vel
792 4229 929 4306 quatuor
953 4221 1088 4284 ancillas
1121 4221 1254 4286 domino
