2648 4874
227 301 333 357 neers
351 297 644 357 wrsrooraonnss
662 298 727 352 nra.
746 295 798 354 111.
817 295 890 354 rtr.
908 298 940 352 v.
1108 277 1183 356 485

82 439 235 518 taverint,
274 441 441 503 insistente
478 439 642 502 sacerdote
675 439 728 504 vel
756 437 883 516 iudice,
923 436 1045 501 etiamsi
1072 441 1184 506 uullns

80 533 220 600 accuset,
243 524 390 586 omnibus
407 523 509 586 modis
531 522 666 605 separati
687 521 786 583 exilio
809 521 964 604 perpetuo
984 524 1182 606 relegentur,

77 630 135 668 nec
156 605 268 686 aliqua
294 606 328 664 in
354 605 543 668 defensione
575 605 644 682 sui,
680 623 850 685 quousque
879 603 1039 684 vixerint,
1076 605 1130 666 lon
1157 608 1184 666 i-

74 689 186 751 tndiue
215 687 368 771 temporis
399 697 605 753 excusentur.
660 688 783 748 Eorum
813 685 998 750 verobona
1027 688 1085 770 qui
1106 628 1184 752 tilis

74 769 248 854 gesserint,
285 780 318 831 et
343 792 403 853 pro
428 772 544 832 talibus
566 769 670 851 culpis
693 769 829 849 dampna
855 768 936 850 legis
962 767 1060 831 huius
1087 792 1184 834 exce·

73 854 203 938 perint,
238 852 266 914 si
295 853 342 914 eis
370 854 410 914 de
434 853 534 950 priori
563 851 714 935 coniugio
743 850 802 914 filii
832 849 1012 924 defuerint,
1042 853 1184 936 ipsorum

73 936 149 996 filiis
176 934 297 1016 absque
336 935 486 1000 infamiae
513 935 644 998 omnino
681 934 867 1018 proficiant,
896 931 972 1014 quia
1005 934 1083 998 licet
1118 937 1184 998 sint

73 1019 230 1080 scelerate
263 1019 430 1100 concepti,
466 1028 542 1081 aunt
567 1028 671 1080 tamen
694 1018 779 1078 unda
805 1013 886 1078 sacri
910 1015 1104 1098 baptismatis
1127 1039 1181 1080 ex·

95 1101 163 1162 iati.
218 1100 317 1179 Quod
348 1103 375 1162 si
402 1099 463 1163 filii
489 1101 622 1162 fortasse
645 1099 830 1174 defuerint,
865 1097 914 1158 illi
936 1099 975 1159 ad
992 1099 1183 1185 capiendam

70 1124 287 1245 benedictam
317 1184 511 1259 succedant,
554 1183 671 1265 quibus
708 1183 884 1262 priscarum
912 1181 1021 1263 legum
1057 1184 1180 1246 sanctio

70 1264 249 1348 legitimam
264 1266 499 1327 successionem
511 1264 668 1346 indulget.
699 1263 821 1326 Similis
842 1285 973 1348 quoque
992 1266 1031 1326 de
1046 1265 1181 1347 religio·
1212 1265 1215 1273 ’

72 1349 113 1410 sis
142 1350 246 1408 forma
280 1349 477 1426 servabitur,
516 1348 634 1430 quihus
665 1349 787 1410 nubere
824 1349 991 1406 Cancnum
1021 1348 1180 1408 sententia

69 1429 281 1514 prohibeturs
320 1431 386 1492 illis
412 1441 536 1497 tantum
561 1429 711 1491 foeminis
739 1429 777 1490 ab
808 1429 867 1490 bac
888 1428 1047 1490 sententia
1075 1451 1180 1512 segre·

72 1513 172 1594 gatis,
203 1533 286 1594 qnae
308 1513 495 1576 violentiam
523 1512 763 1574 coniunctionis
790 1511 953 1572 indebitae
985 1511 1055 1573 siue
1085 1533 1180 1593 prae-

73 1593 203 1656 cedenti
230 1595 283 1657 vel
316 1596 465 1678 sequenti
496 1595 707 1657 consensione
732 1593 935 1678 pertulerint.
990 1593 1178 1656 Sacerdotes

71 1697 149 1739 vero
167 1676 222 1740 vel
247 1676 370 1740 iudices
396 1678 423 1739 si
444 1677 521 1740 talia
542 1688 771 1758 cognoscentes
790 1675 902 1737 ulcisci
923 1676 1053 1736 fortasse
1075 1673 1180 1736 distu-

71 1758 194 1834 lerint,
224 1759 340 1839 quinas
368 1760 437 1821 auri
461 1761 557 1822 libras
577 1761 653 1821 fisco
682 1770 837 1844 cogantur
860 1759 1037 1824 exsolvere.
1080 1757 1177 1835 Quod

70 1841 97 1902 si
123 1841 208 1900 forte
229 1841 262 1902 id
283 1843 476 1925 redarguere
495 1843 679 1920 voluerint,
710 1864 771 1904 nec
799 1841 980 1924 potuerint,
1007 1839 1092 1922 regis
1114 1839 1175 1900 boc

70 1922 235 1986 auditibus
261 1923 426 1986 insinuare
453 1935 646 2009 procurents
681 1924 825 2005 utquod
847 1943 958 1984 eornm
983 1943 1045 1981 uon
1071 1923 1177 2004 potuit

69 2004 237 2069 vindicare
267 2008 445 2088 sententia,
473 2007 661 2093 principalis
693 2005 845 2091 dampnet
873 2001 1006 2066 omnino
1032 2024 1178 2067 censura.

399 2133 460 2198 ΙΙΙ.
509 2157 569 2202 aas.
590 2157 653 2201 cns.
675 2155 760 2201 cuns.
780 2154 850 2196 anx.

137 2252 188 2312 De
209 2251 286 2312 viris
310 2270 348 2312 ac
370 2249 553 2312 mulieribus
577 2261 787 2312 consummet
815 2260 927 2310 vestem
950 2247 1111 2330 religionis

477 2331 780 2414 praevaricantibus,

148 2414 350 2500 Apostaticae
372 2414 559 2478 calamitatis
580 2414 788 2496 opprobrium
801 2435 842 2476 ex
859 2411 922 2475 hoc
935 2413 1049 2474 merito
1068 2412 1178 2475 lundi-

70 2507 121 2560 tus
151 2499 311 2580 extirpare
349 2497 592 2580 compellimur,
636 2517 677 2558 ex
701 2518 766 2577 quo
795 2496 961 2558 dominum
990 2497 1082 2558 nobis
1105 2497 1175 2556 fore

67 2580 244 2664 propitium
270 2580 471 2642 confidimus.
513 2576 547 2642 si
569 2577 748 2640 enimcum
769 2579 901 2640 minima
922 2587 1053 2662 peccata
1073 2578 1176 2639 corri-

69 2664 193 2744 gimus,
218 2662 371 2745 pietatem
392 2663 462 2724 eins
476 2661 646 2724 fautricem
666 2661 757 2723 nobis
779 2662 931 2724 efficimus
939 2686 949 2734 ;
970 2669 1091 2756 quanto
1111 2681 1175 2723 ma.-

68 2745 139 2826 gis,
177 2745 203 2804 si
232 2746 335 2806 scelus
356 2746 391 2805 in
422 2744 592 2806 divinitate
621 2744 821 2806 commissum
842 2742 1040 2806 severissime
1063 2765 1176 2804 censu·
1211 2765 1214 2774 ’

66 2849 123 2888 rae
148 2826 230 2888 falce
248 2827 487 2890 rescindimus?
524 2828 667 2908 Ideoque
689 2827 749 2888 hac
770 2827 805 2886 in
824 2836 1016 2908 perpetuum
1037 2826 1176 2887 valitura

66 2909 139 2990 lege
161 2909 337 2972 sancimnss
368 2920 404 2971 ut
424 2908 613 2990 quicunque
643 2907 809 2990 religionis
830 2909 974 2970 habitum
994 2930 1052 2992 per
1073 2907 1175 2967 hono·

67 2991 170 3052 rabile
189 3000 341 3054 tonsurae
359 2993 507 3074 signum,
540 3000 596 3052 aut
624 3000 767 3072 tempore
786 2989 1002 3074 poenitentiae
1026 3011 1175 3071 suscepe-

67 3073 152 3150 rint,
199 3085 255 3134 aut
287 3095 352 3134 non
382 3073 606 3152 fraudulenta,
645 3076 701 3134 sed
729 3073 782 3157 pia
809 3083 979 3156 parentum
1011 3071 1174 3134 oblatione

68 3155 267 3234 meruerint,
295 3165 349 3216 aut
367 3156 713 3240 propriae‘voluntatis
733 3155 904 3222 devotione
925 3155 1113 3232 tenuerint,
1144 3163 1175 3214 et

68 3239 107 3298 ad
130 3236 279 3300 laicalem
299 3238 574 3302 conversationem
587 3239 787 3320 postmodum
807 3236 1046 3320 apostatisando
1066 3235 1174 3298 redic-

67 3322 149 3397 riut,
181 3321 271 3382 iuxta
298 3321 487 3400 seutentiam
508 3321 695 3382 canonicam
718 3321 756 3382 ad
778 3323 917 3382 eundem
936 3317 1103 3400 religionis
1125 3339 1174 3378 or-

39 3441 42 3444 ·
67 3403 179 3464 dinem
207 3405 355 3484 quolibet
375 3413 588 3486 prosequente
609 3405 805 3466 reducantur
835 3403 949 3481 inviti,
979 3411 1072 3483 atque
1097 3403 1176 3460 infa-

67 3486 149 3545 miae
179 3495 255 3546 nota
275 3487 430 3566 respersi,
459 3495 491 3546 et
522 3485 556 3546 in
586 3485 783 3548 monasteriis
804 3485 992 3568 perenniter
1025 3483 1175 3566 religati,

68 3567 257 3628 districtiori
294 3578 498 3630 macerentur
523 3569 722 3651 poenitentia
756 3567 949 3650 corrigendi.
1002 3565 1073 3627 Illis
1104 3577 1176 3625 tan-

66 3659 137 3710 tum
166 3651 327 3732 supplicio
352 3650 527 3712 severitatis
557 3650 654 3711 buius
682 3650 828 3726 indulto,
863 3649 951 3730 qnod
976 3657 1030 3708 aut
1051 3646 1176 3708 alienae

65 3731 190 3794 fraudis
211 3735 317 3816 eo'e'git
337 3733 506 3815 impulsio,
529 3745 583 3795 aut
603 3733 642 3794 ad
662 3730 784 3805 ordinis
805 3730 911 3792 omissi
925 3745 1103 3812 regressum
1120 3753 1175 3791 vo-

66 3813 202 3876 luntatis
226 3815 374 3897 propriae
395 3815 562 3876 reduxerit
590 3825 719 3878 votnm:
755 3814 783 3876 si
814 3823 920 3878 tamen
946 3833 1005 3872 nec
1028 3814 1078 3874 vir
1105 3822 1176 3894 post

65 3895 146 3958 baec
175 3919 310 3958 uxorem
331 3898 480 3974 duxerit,
502 3919 563 3958 nec
584 3897 703 3957 mulier
726 3895 874 3956 maritum
896 3895 1030 3954 alterum
1045 3917 1175 3976 accepe-

65 3979 117 4040 rit.
172 3981 253 4041 lllos
283 3980 378 4040 etiam
405 3980 444 4040 ab
473 3979 534 4040 hac
563 3979 722 4041 sententia
747 3979 903 4038 immunes
925 3977 1095 4054 efficimus,
1119 3977 1176 4056 qui

65 4062 111 4123 sic
140 4062 362 4125 invalescente
392 4063 524 4144 langore
545 4063 585 4122 ad
606 4061 823 4143 poenitentiae
845 4060 896 4120 vel
925 4071 1074 4120 tonsurae
1100 4055 1177 4140 per-

65 4145 220 4206 venerint
245 4145 410 4220 ordinem,
449 4153 484 4203 nt
516 4144 551 4205 id
575 4167 608 4205 se
636 4165 695 4204 nec
720 4143 879 4225 accepisse
902 4153 979 4202 tunc
1006 4142 1175 4216 noverint,

65 4247 126 4290 nec
146 4228 266 4312 petisse
284 4225 499 4294 meminerint.
527 4224 821 4291 Praevaricantium
843 4225 1042 4304 verobona,
1064 4244 1176 4286 eorum
1222 4251 1224 4254 ·
