2632 4822
347 297 566 362 trasennam
603 303 727 362 escun
766 306 833 360 ans.
852 306 899 364 vt.
1101 287 1175 367 789

56 452 190 542 publico
217 429 335 527 habet,
366 455 400 511 et
423 465 483 529 per
499 419 575 512 LX.
597 439 699 508 annos
727 442 858 528 quietus
885 445 1045 528 possedit,
1077 449 1175 514 iieost

58 559 132 602 enm
152 544 185 599 et
205 532 240 593 in
262 539 357 592 antea
377 530 448 592 siue
471 527 579 610 aliqua
601 529 825 590 molestatione
847 527 988 607 habere,
1018 539 1050 592 et
1070 535 1173 631 possi.

58 624 146 686 dere.
198 619 268 679 Hoc
292 619 401 674 autem
429 611 505 672 ideo
533 611 721 688 statuimus,
747 611 823 694 qnia
853 613 1010 694 possessio
1037 614 1176 678 aliorum
1200 667 1202 671 .

56 702 227 765 hominum
248 695 428 762 secundum
440 692 723 773 Langobardorum
745 694 850 777 legem
871 695 904 756 in
928 695 1022 763 XXX.
1036 697 1176 760 anuisfi'·

58 779 158 852 nitur.
201 783 336 846 Caussas
357 777 490 864 quidem
509 776 663 860 Regaies,
692 776 780 838 uude
810 774 1000 860 compositio
1021 791 1176 864 expecta·
1248 781 1259 809 “’

57 879 123 946 tur,
144 865 323 949 duplicatas
346 861 456 923 statuit
477 859 624 921 decessor
640 869 755 942 'noster
773 859 925 921 Rotharis
953 861 1023 922 Rex
1044 883 1176 948 compo·

1 1004 3 1011 .
59 973 149 1016 nere.
190 951 370 1030 Propterea
402 940 493 1003 nobis
515 948 640 1003 rectum
661 963 735 1004 cnm
759 944 877 1005 nostris
899 942 1066 1008 Indicibns
1088 968 1178 1007 com·

57 1033 168 1120 paruit
188 1051 257 1094 esse
279 1071 291 1107 ,
312 1033 350 1088 nt
369 1025 466 1089 etiam
489 1024 523 1084 in
547 1025 607 1086 ista
628 1047 738 1087 caussa
768 1025 808 1087 de
835 1025 1036 1110 possessione
1055 1023 1178 1112 ¹dupii-

59 1125 176 1180 centur
197 1105 258 1198 ipsi
280 1108 369 1188 anni,
391 1118 427 1170 nt
448 1107 526 1168 fiant
547 1107 615 1169 Lx.
656 1108 748 1170 Etsi
775 1109 881 1174 Iudex
903 1119 958 1170 ant
977 1109 1078 1172 Actor
1105 1133 1193 1173 nos»¹

58 1210 120 1277 ter,
143 1197 249 1282 ipsum
272 1193 330 1277 qni
350 1189 583 1276 possessionem
604 1190 703 1252 talem
722 1191 840 1270 habet,
860 1188 1057 1276 pulsaverit,
1089 1193 1180 1278 qnod

58 1281 161 1366 ipsam
187 1300 257 1341 rem
278 1275 398 1337 iniuste
419 1271 636 1360 possedisset,
664 1283 720 1334 ant
750 1273 939 1354 invasisset,
968 1283 1001 1337 et
1021 1295 1086 1337 non
1114 1277 1181 1338 sint
1256 1302 1259 1307 ·

60 1362 213 1447 completi
234 1357 417 1430 LX.,anni';
442 1367 520 1416 tunc
544 1355 620 1431 ilie,
643 1357 742 1418 cuins
758 1357 919 1442 possessio
943 1365 1001 1438 est,
1023 1358 1109 1421 dicat
1129 1360 1179 1421 in·
1266 1377 1269 1382 ’

59 1456 147 1510 ratus
168 1445 210 1506 ad
231 1449 340 1506 sancta
360 1439 422 1502 Dei
443 1437 620 1522 Evangelia
641 1449 696 1500 aut
717 1439 830 1519 dese,
852 1450 907 1502 aut
927 1443 968 1503 de
991 1449 1102 1524 patre,
1125 1449 1181 1518 aut

60 1531 101 1594 de
124 1549 196 1606 avo,
217 1525 315 1610 qnod,
329 1524 413 1607 ipsas
438 1542 488 1582 res
506 1543 567 1604 per
584 1522 789 1606 principem,
810 1523 940 1606 qualem
963 1546 1058 1587 ansus
1079 1525 1182 1588 fuerit

60 1611 242 1690 nominare,
264 1609 337 1670 data
364 1604 493 1668 fuisset:
523 1613 555 1665 et
579 1605 666 1688 ipse,
689 1612 745 1666 ant
763 1615 913 1689 parentes
937 1605 1006 1668 eins
1027 1607 1087 1691 per
1110 1609 1178 1674 Lx.

59 1716 162 1757 anuos
179 1689 393 1778 possedisset,
421 1707 482 1747 uec
506 1707 574 1748 eam
601 1708 661 1770 per
683 1687 790 1771 legem
814 1687 976 1750 dimittere
999 1687 1126 1772 debeat,
1148 1700 1181 1753 et

59 1779 101 1841 sit
126 1786 240 1860 postea
256 1790 399 1836 securus.
441 1770 484 1831 Et
505 1769 617 1832 sihoc
637 1770 745 1832 facere
770 1793 864 1833 ansus
893 1792 958 1832 non
985 1771 1096 1852 fuerit,
1124 1781 1182 1836 aut

23 1904 27 1910 ·
59 1864 144 1923 forte
167 1856 350 1918 Gastaldins
370 1854 545 1915 aut'Actor
566 1852 711 1936 probare
727 1854 888 1937 potnerit,
911 1853 999 1936 quod
1020 1856 1182 1942 completa

32 1937 34 1940 ’
59 1944 126 2009 Lx.
150 1939 244 2000 aunis
266 1936 424 2022 possessio
447 1935 492 1995 ita
511 1936 647 2015 nonsit,
669 1943 703 1997 et
727 1937 845 1999 veritas
866 1937 1067 2019 apparuerit,
1090 1938 1180 2023 qnod

62 2027 104 2090 de
135 2021 270 2106 pubiico
300 2019 434 2096 fnisset,
464 2026 518 2078 aut
543 2018 691 2080 ostendat
722 2028 951 2102 praeceptum,
969 2028 1033 2092 ¹ant
1058 2023 1182 2083 amittat

61 2107 132 2170 re'm
159 2106 259 2188 ipsam
283 2102 316 2163 in
340 2101 484 2184 publico,
506 2100 533 2162 si
559 2102 625 2162 Lx.
647 2101 724 2161 anni
746 2101 779 2162 in
802 2103 870 2182 ipsa
891 2103 1092 2185 possessione
1113 2125 1180 2170 non

63 2187 189 2252 fuerint
203 2187 364 2267 completi.
395 2185 483 2246 Etsi
505 2183 640 2245 forsitan
663 2183 780 2269 aliquis
799 2185 839 2246 de
859 2205 953 2245 servo
974 2194 1029 2244 ant
1051 2185 1182 2248 aldione

63 2271 185 2336 Domni
205 2269 311 2352 Regis·
324 2266 568 2347 comparaverit,
591 2276 624 2327 et
647 2266 778 2350 probata
799 2287 909 2328 caussa
926 2267 1036 2345 fuerit,
1058 2269 1185 2330 relaxet
1274 2317 1276 2324 .

63 2356 165 2438 ipsam
188 2373 260 2415 rem
290 2353 325 2412 in
356 2349 515 2432 publicos
543 2349 620 2430 qnia
650 2350 690 2409 de
722 2371 817 2410 serro
847 2359 903 2409 ant
924 2350 1054 2422 aldione
1086 2351 1184 2434 Regis
1289 2384 1294 2398 ι

62 2435 219 2522 possessio
237 2433 434 2504 venditionis
446 2452 513 2495 esse
528 2443 593 2493 non
608 2431 714 2512 debet,
733 2432 817 2495 sicut
827 2453 888 2494 nec
900 2431 941 2496 de
962 2431 1099 2496 aliorum
1119 2455 1185 2497 ser·

62 2521 125 2598 vis,
149 2527 205 2580 aut
233 2515 428 2582 aldionibus.
510 2514 627 2580 11.35.
650 2515 680 2581 8.

91 2639 95 2652 ·
132 2644 215 2688 rossa.
252 2627 333 2678 Petne
353 2632 383 2678 te
410 2623 533 2694 appellat
550 2624 695 2689 Martinus,
722 2623 797 2696 quod
823 2631 854 2678 tn
879 2632 958 2678 tenes
989 2625 1065 2678 maio
1087 2623 1185 2680 ordine

62 2707 163 2753 terram
183 2697 213 2748 in
236 2695 287 2749 tali
303 2695 366 2748 loco
382 2695 417 2746 ad
432 2704 537 2766 partem
549 2695 698 2763 publicam,
717 2697 791 2747 unde
808 2695 866 2765 ipse
884 2706 924 2748 est
937 2695 1094 2749 advocatus.
1124 2699 1187 2766 Ipsa

63 2779 136 2826 terra
152 2785 212 2819 mea
232 2767 338 2838 propria
360 2774 407 2818 est
445 2765 519 2836 Quid
538 2764 591 2817 tibi
612 2764 754 2834 pertinet?
789 2765 844 2832 Ego
865 2765 957 2818 habeo
973 2784 1121 2836 possessam
1137 2783 1187 2838 per

63 2841 148 2894 XXX.
169 2855 263 2890 annos.
307 2838 387 2888 Tunc
414 2835 569 2888 Advocatus
591 2835 703 2905 probet,
727 2836 803 2906 quod
827 2837 924 2890 fuisset
940 2835 975 2889 de
996 2837 1131 2908 publico,
1157 2844 1187 2888 et

64 2910 141 2964 dicat
162 2909 220 2978 ipse
245 2906 441 2978 possessionem
466 2923 515 2975 per
541 2906 593 2957 tx.
619 2924 712 2958 annos.
760 2906 789 2958 Si
808 2906 926 2971 dixerit,
952 2907 1102 2977 imperator
1121 2909 1187 2959 Otto

64 2980 143 3032 dedit
162 2979 249 3048 ipsam
267 2985 366 3030 terram
385 2976 419 3027 ad
436 2985 539 3045 patrem
557 2992 658 3038 meum,
682 2976 795 3047 etquid
820 2993 879 3043 ego,
908 2979 984 3047 qnod
1008 2995 1085 3029 naeus
1108 2985 1187 3046 pater

65 3065 118 3120 per
136 3049 190 3100 XL.
215 3065 300 3098 annos
326 3046 459 3098 habemns
483 3063 641 3117 possessam.
687 3049 825 3112 Interroga
847 3049 1026 3111 advocatum,
1053 3047 1076 3098 si
1093 3053 1188 3115 potest

65 3119 190 3190 probare,
209 3118 284 3186 quod
301 3134 362 3234 pars
379 3116 492 3186 publica
521 3115 574 3169 fuit
597 3116 727 3169 investita
750 3117 821 3168 inira
843 3118 915 3188 ipsos
942 3118 994 3168 LX.
1022 3133 1115 3168 annos.
1158 3115 1188 3167 Si
1237 3130 1239 3134 ·

66 3206 123 3239 non
144 3194 236 3256 potest
252 3201 299 3255 pro
322 3202 376 3248 are,
394 3187 467 3238 iuret
488 3204 563 3237 snam
581 3187 786 3256 possessionem.
824 3187 852 3238 Si
871 3187 981 3249 dixerit,
1000 3203 1062 3238 mea
1078 3186 1188 3256 propria

68 3265 110 3311 est
131 3274 180 3328 per
199 3262 387 3326 praeceptum,
417 3263 466 3308 ant
488 3257 615 3310 ostendat
640 3266 829 3328 praeceptum,
850 3264 898 3340 ant
914 3256 1019 3326 perdat.

137 3349 216 3400 Petne
241 3354 271 3399 te
288 3346 419 3414 ¹appellat
440 3347 591 3412 Martinus,
617 3349 692 3417 qnod
714 3357 745 3400 tu
769 3357 846 3400 tenes
870 3357 969 3400 terram
992 3350 1065 3401 malo
1091 3348 1186 3402 ordine

65 3419 96 3471 in
113 3418 164 3470 tali
179 3418 242 3474 loeo
261 3415 300 3471 ad.
312 3425 416 3484 partem
433 3416 584 3485 publicam,
604 3419 677 3470 unde
693 3417 751 3486 ipse
771 3426 812 3470 est
829 3418 994 3471 Advocatus.
1032 3415 1187 3490 Ipsa'terua

66 3505 130 3542 mea
166 3505 193 3540 ro
214 3486 254 3538 ria
272 3494 321 3537 est.
357 3485 432 3556 Quid
445 3485 496 3538 tibi
511 3487 650 3556 pertinet?
686 3488 810 3540 Donatus
826 3487 893 3541 mihi
908 3489 1043 3543 vendidit.
1079 3492 1125 3542 Da
1139 3509 1196 3544 ua·-

67 3557 115 3611 dia
159 3506 311 3610 eductore.
346 3556 501 3609 vendidisti
523 3557 589 3611 mihi
616 3557 701 3628 ipsam
720 3557 841 3613 terram?
867 3557 912 3610 Sic
934 3558 996 3613 feei.
1032 3561 1112 3612 Tunc
1139 3561 1186 3612 di-

69 3636 115 3682 cat
137 3629 302 3684 advocatus:
325 3627 387 3680 Non
404 3627 518 3700 potuisti
536 3627 671 3690 vendere,
691 3628 758 3699 quia
773 3638 803 3681 tn
824 3643 851 3680 es
874 3645 965 3682 servus
987 3629 1021 3684 de
1039 3640 1116 3698 parte
1133 3632 1187 3682 Pu-

67 3697 151 3751 blica.
189 3697 269 3750 Liber
282 3715 341 3749 sum
359 3697 506 3751 nascendo.
542 3698 571 3749 Si
587 3698 645 3768 ipse
660 3698 782 3766 potuerit
794 3696 908 3769 probare
929 3717 1005 3750 snam
1027 3699 1186 3753 libertatem

67 3768 170 3823 habeat
188 3767 246 3838 ipse
272 3777 380 3822 terram.
417 3767 451 3818 Et
473 3767 495 3818 si
516 3785 571 3820 non
593 3769 730 3837 potuerit,
756 3768 792 3820 sit
815 3784 925 3834 servus3
951 3777 979 3821 et
1008 3768 1066 3838 ipse
1090 3771 1187 3840 perdat

66 3847 175 3893 terram,
219 3839 247 3891 Si
276 3837 376 3891 dixerit
385 3855 397 3887 ε·
418 3839 451 3888 in
474 3838 537 3891 loco
560 3839 677 3891 auctoris
701 3838 764 3891 nolo
789 3845 874 3903 stare;
902 3846 930 3891 et
952 3839 1103 3892 ostenderit
1129 3858 1188 3897 car,-

66 3919 139 3962 tam:
161 3918 230 3962 tunc
251 3908 328 3961 dieat
344 3908 515 3961 Advocatns:
535 3910 595 3962 Non
613 3908 703 3979 potuit
727 3907 779 3960 sibi
802 3908 939 3972 vendere,
969 3911 1034 3978 quia
1053 3919 1112 3963 erat
1133 3928 1188 3962 ser·

66 3997 120 4033 vus
138 3979 173 4032 de
193 3987 272 4048 parte
289 3978 409 4047 publiea.
445 3978 545 4032 Probet
569 3980 627 4048 ipse
650 3978 698 4049 qui
720 3978 804 4032 babet
825 3987 945 4041 cartam,
975 3979 1052 4050 quod·
1074 3990 1131 4034 erat
1152 3980 1187 4031 ii-

67 4049 127 4110 ber,
147 4048 258 4119 qnando
273 4045 340 4101 fecit
357 4055 465 4101 cartaru.
501 4049 536 4102 Et
554 4048 576 4099 si
594 4067 650 4102 nou
662 4049 796 4120 potuerit;
810 4049 966 4102 Advocatus
983 4045 1091 4120 probet,
1110 4051 1186 4122 quod

68 4127 129 4172 erat
146 4136 245 4173 servus
282 4118 356 4171 Etsi
379 4135 436 4172 non
460 4119 596 4188 potnerit3
625 4120 683 4189 ipse
709 4119 758 4190 qni
776 4117 862 4173 hahet
881 4125 1001 4182 cartam,
1027 4121 1102 4174 iuret
1121 4137 1185 4174 cum

69 4189 124 4244 suis
142 4187 396 4250 sacramentalibus,
416 4189 495 4258 quod
511 4197 570 4242 erat
586 4188 666 4252 liber,
686 4188 802 4260 quando
816 4189 884 4242 feeit
910 4197 1022 4242 cartam.

141 4259 195 4312 Sed
213 4258 260 4313 ita.
281 4259 358 4312 Petne
375 4268 403 4313 te
421 4260 543 4330 appellat
557 4260 700 4324 Martinus,
720 4260 795 4332 qaod
814 4268 894 4325 terra,
913 4273 986 4331 quae
1003 4260 1031 4314 iu
1047 4259 1098 4314 tali
1122 4261 1185 4315 ioco
