2640 4838
220 270 347 328 :nsers
367 261 665 330 wrsroornonnn'
680 275 744 328 us.
763 268 919 332 xanrrr.
939 266 993 329 rn.
1009 275 1028 329 ῑ,
1119 250 1195 326 ote

326 413 394 473 ·X.
443 431 505 476 sta.
548 431 613 473 aas.
656 431 802 476 sarsurus
852 426 922 479 aas.

97 529 147 591 Νι
170 527 365 592 Christianos
386 552 405 590 a
426 527 546 590 Iudaeo
569 527 776 612 quodcunque
804 551 915 592 munus
936 539 1047 594 contro
1059 517 1192 615 fidem?

40 625 45 638 ¹
458 667 464 678 ,
491 612 610 672 Christi
630 613 776 693 accipiat.
1092 681 1105 691 ss
1185 668 1189 681 ,

161 693 266 769 Quam
288 693 328 755 sit
345 701 532 754 extraneum
554 716 571 753 a
594 689 796 755 Christianae
818 689 1039 778 lidelwregula,
1062 690 1120 782 qni
1137 679 1197 782 de-

76 777 244 840 fossorem
258 799 290 837 se
308 776 450 839 veritatis
471 773 647 852 insimulat,
669 785 702 836 et
719 776 885 837 veritatem
903 774 1003 858 ipsam
1024 771 1198 852 munerant

78 858 267 939 acceptione
290 857 656 940 consmaculat,'audiut
677 866 789 936 contra
810 881 842 926 se
863 849 1196 948 Propba'tiadiceuss
1304 867 1306 872 '

77 954 160 1003 tenu
190 941 253 1002 Pro
277 964 315 1002 eo
338 941 426 1024 quod
449 939 638 1004 vendidistis
660 950 793 1022 argento
816 941 950 1020 iustum,
968 937 1196 1030 etpaupererii

75 1047 136 1112 pro
157 1023 393 1086 calceamento:
423 1046 498 1087 ecce
522 1046 580 1108 ego
603 1023 745 1085 stridebo
767 1046 865 1108 super
885 1022 1197 1117 V082..⁸l⁰¹¹ls.⁸l.rl(lel

75 1109 257 1194 plaustrum
279 1117 429 1168 onustum
451 1109 561 1184 foeno,
584 1116 616 1170 et
636 1107 756 1189 peribit
776 1109 853 1187 suga
882 1129 899 1171 a
922 1091 1059 1193 veldoe',
1077 1107 1120 1170 et'
1146 1097 1196 1176 <iiii

77 1191 120 1251 tis
145 1211 208 1248 non
232 1189 391 1252 obtinebit
411 1189 565 1253 virtutem
587 1189 700 1269 suam,
733 1199 766 1252 et
786 1189 937 1251 robustus
965 1212 1031 1252 non
1060 1173 1197 1270 salvabi}

79 1272 219 1334 animam
240 1295 348 1350 snam,
378 1282 410 1336 et
432 1281 545 1333 tenens
568 1293 677 1333 arcum
699 1293 764 1332 nou
787 1271 904 1352 stabit,
931 1279 966 1336 et
984 1273 1081 1335 velox
1104 1270 1199 1358 pedi-'-
1293 1347 1294 1351 Ἰ

63 1355 141 1417 'bns
176 1355 243 1417 suis
272 1377 338 1416 non
375 1353 580 1433 salvabitur,
609 1362 642 1416 et
669 1377 823 1416 accensor
850 1353 927 1438 equi
959 1377 1024 1416 non
1059 1353 1199 1433 salvabit

80 1438 219 1498 animam
241 1461 341 1522 suurn,
359 1447 392 1500 et
411 1438 560 1499 robustus
582 1435 679 1499 eorde
702 1438 788 1499 inter
806 1437 904 1500 fortes
927 1438 1035 1500 nudus
1054 1438 1198 1522 effragial,

80 1521 163 1600 Quis
186 1521 272 1582 enim
293 1513 347 1583 bic
368 1521 517 1583 venditus
540 1529 673 1602 argento
695 1518 797 1582 instas
819 1520 995 1604 accipitur,
1024 1515 1078 1583 vel
1111 1529 1196 1608 pau-J·

75 1625 140 1690 per
162 1625 218 1684 pro
241 1605 470 1682 calceamento,
502 1602 565 1664 nisi
587 1603 774 1684 unigenitus
796 1603 882 1665 lilius
902 1603 966 1666 Dei
986 1602 1195 1692 patrist'eu}

81 1689 136 1748 ius
157 1686 309 1748 innoxius
330 1686 458 1768 sanguis
480 1683 590 1751 XXX.
612 1685 691 1745 olim
719 1709 736 1745 a
766 1685 894 1748 ludaeis
922 1694 1046 1748 taxatus
1077 1707 1196 1770 argen÷

82 1769 164 1848 teis,
186 1769 331 1852 quotidie
351 1769 566 1831 venumdatur
586 1767 624 1827 ab
646 1767 833 1852 illusoribus
856 1767 1010 1832 veritatis.
1056 1766 1197 1848 Etvidee

82 1861 159 1913 sunt
181 1851 312 1933 quidam
334 1873 374 1913 ex
400 1850 545 1912 lidelium
566 1872 720 1930 numero,
751 1851 808 1936 qui
828 1849 931 1935 quasi
945 1843 1018 1913 nelo
1041 1847 1117 1917 fidei
1140 1851 1153 1934 Ι

83 1933 237 1995 daeorum
264 1932 373 2018 culpas
400 1955 433 1996 se
460 1934 609 2016 detegere
631 1933 683 1996 vel
711 1934 853 2020 plectere
876 1931 983 2014 valida
1006 1873 1195 2019 ‘intenlioiib

106 2017 284 2090 remittant,
307 2039 388 2099 quos
409 2026 514 2078 tamen
546 2017 700 2098 depravat
726 2017 838 2078 solitae
866 2015 1052 2100 cupiditatis
1082 2009 1197 2160 ihle'ce·

81 2037 150 2160 lira.
190 2099 271 2159 Nam
291 2099 316 2160 si
340 2096 458 2160 talibas
478 2099 700 2182 quodcunque
722 2101 829 2162 forsan
852 2097 953 2162 fuerit
973 2122 991 2158 a
1010 2098 1091 2184 perii
1117 2099 1143 2160 is
1161 2071 1195 2182 ΙΙ
1245 2173 1246 2180 ¹

82 2201 253 2242 sannarum
274 2183 448 2244 collatione
471 2183 623 2259 oblatum,
658 2181 747 2243 illico
768 2183 993 2258 retiseesennt,
1016 2188 1051 2268 et
1071 2167 1198 2325 epror'efls

80 2263 207 2344 talium,
228 2287 308 2348 quos
325 2263 488 2328 vindicare
511 2275 544 2328 et
563 2263 714 2348 detegere
743 2273 818 2326 ante
847 2257 1088 2362 promissum‘si
1115 2259 1197 2340 ib&-

82 2345 237 2408 aeficium
259 2347 466 2425 nitebantur,
501 2356 654 2432 percepto
681 2345 856 2416 miserabili
893 2320 1198 2441 quaestaimpun'ii·

82 2439 131 2502 tos
155 2428 291 2491 transire
315 2431 517 2514 permittunt.
559 2430 653 2492 Unde
675 2428 758 2496 nulli
791 2424 987 2506 Christiauo'
1003 2429 1121 2516 licebit,
1138 2416 1197 2512 cn'ff

80 2511 263 2596 inscunque
284 2514 325 2574 sit
347 2513 494 2596 generis,
525 2521 580 2574 aut
601 2512 786 2595 dignitatis,
821 2512 968 2592 ordinis,
998 2495 1198 2606 sivp'i'persr'i-
1259 2557 1261 2561 -

80 2616 155 2671 nae,
169 2593 236 2656 sive
255 2617 295 2656 ex
316 2595 488 2678 religiosis,
510 2595 575 2658 sive
598 2593 693 2658 etiarn
715 2619 756 2659 ex
776 2593 878 2674 laicis,
899 2585 1124 2678 qn'odounqae'
1137 2581 1198 2671 Be,

82 2677 235 2738 nelieium
257 2689 368 2740 contra
390 2677 487 2739 Iidem
501 2677 633 2757 Christi,
651 2700 668 2738 a
686 2679 834 2762 quolibet
852 2677 974 2740 ludaeo
987 2678 1049 2760 vel¹
1063 2673 1197 2763 ludaei,

67 2761 150 2847 ‘sive
171 2762 266 2822 etiam
287 2782 474 2844 percorum
493 2759 722 2838 internuntios,
744 2760 966 2848 quodeunque
987 2745 1198 2826 sibihtlatnln

81 2843 241 2924 accipere,
264 2865 371 2926 neque
393 2865 426 2906 se
460 2843 501 2904 ob
520 2843 909 2908 taliunvindieationem
936 2857 1048 2908 eontra
1069 2844 1198 2926 regulas

80 2925 158 2998 fidei
181 2924 384 2990 Christianae
415 2925 527 2988 oblatis
554 2925 796 3008 sibi'praeaniis
830 2926 1010 3010 implicare.
1051 2924 1197 3012 vSiquprip

80 3016 190 3069 autem
215 3009 361 3090 qualibet
380 3008 614 3072 beneficiorum
635 3009 836 3072 exhibitione
863 3020 1047 3094 corruptus,
1068 3015 1130 3084 ant
1147 3028 1198 3088 ag·

80 3091 168 3152 nitos
189 3112 314 3152 errores
338 3091 531 3152 ludaeorum
559 3093 724 3171 celaverit,
748 3103 823 3168 aut,
856 3113 899 3155 ne
919 3093 1061 3179 pravitas
1083 3089 1198 3176 talium

78 3173 228 3250 feriatur,
251 3175 398 3255 quolibet
417 3174 512 3235 modo
534 3173 704 3250 obstiterit,
728 3184 761 3235 et
781 3173 924 3256 antiquis
947 3183 1077 3262 patrum
1098 3193 1197 3254 regu·
1270 3180 1272 3184 ’

80 3253 122 3315 lis
145 3255 206 3317 erit
227 3255 410 3336 obnoxius,
434 3265 466 3318 et
484 3265 609 3317 tantum
630 3257 663 3315 in
686 3256 786 3340 duplo
809 3256 876 3317 fisci
898 3255 1130 3341 erit'partihus
1153 3253 1197 3314 il·
1251 3281 1254 3293 s

79 3337 218 3482 latsppns,
232 3349 389 3422 qnantum
410 3362 428 3402 a
448 3338 570 3402 Iudaeo
587 3335 725 3424 quisque
739 3339 798 3402 ille
813 3342 974 3428 accepisse
995 3339 1096 3406 suerit
1109 3357 1198 3400 com-

77 3440 139 3505 pro
164 3431 243 3490 atus.

346 3527 405 3595 xl.
447 3551 511 3596 sas.
552 3549 619 3596 ons.
659 3547 804 3590 narratus
848 3547 946 3594 aaa
1027 3579 1031 3584 .

119 3632 169 3696 Ne
189 3631 306 3696 Iudaei
333 3636 433 3700 libros
453 3638 527 3698 illos
555 3638 657 3718 legere
684 3635 838 3778 audeant,
860 3654 958 3718 ‚quoa
970 3633 1155 3701 Christiano
1168 3659 1182 3692 =:

530 3719 765 3780 mnam

160 3796 233 3860 Illis
263 3800 465 3864 commodare
490 3718 683 3864 linietioniblis
714 3818 871 3876 sensum,
901 3797 1020 3884 quibus
1048 3799 1101 3860 fas
1127 3820 1196 3862 nou

79 3891 129 3943 est
148 3882 304 3964 praebere
327 3905 513 3964 assensum,
545 3884 717 3968 impietatis
740 3894 788 3946 est
808 3882 928 3966 potius,
951 3901 1049 3966 quarn
1068 3882 1198 3962 pietatis

78 3963 250 4030 indicium.
280 3969 348 4030 ·Et
369 3965 444 4028 ideo
465 3969 491 4030 si
521 3970 595 4052 qais
616 3967 811 4028 ludaeorum
833 3965 933 4028 libros
963 3964 1038 4030 illos
1068 3965 1196 4047 legerit,

68 4047 131 4107 ·vel
152 4048 316 4111 doctrinas
336 4049 523 4130 attenderit,
546 4052 615 4115 sive
636 4049 762 4112 habitos
783 4049 816 4110 in
834 4050 930 4110 domo
949 4047 1196 4128 concaluerit,

66 4127 114 4187 tn
136 4129 255 4211 quibus
282 4133 366 4196 male
394 4144 506 4195 contra
535 4135 633 4197 fidem
655 4133 775 4195 Christi
809 4131 967 4210 sentitur,
998 4138 1033 4193 et
1061 4129 1196 4215 publice

66 4209 316 4296 decalvabitur,
345 4215 836 4302 etceutenornmjtlagellornm
856 4212 1081 4283 verberatione
1104 4215 1196 4302 plec-
