2648 4874
266 273 369 333 mors
387 269 676 332 wrstsotnoaun
696 271 917 332 ua1v.r1n
938 273 978 330 u.
1113 253 1187 329 tte

498 417 539 476 X.
601 435 750 490 anxious.

73 531 157 598 Item
183 547 217 594 ut
238 533 271 594 in
293 532 378 594 omni
405 529 578 590 hereditate
592 529 739 611 foemina
759 530 862 614 accipi
883 528 1020 600 debeam
1049 541 1080 591 et
1100 529 1188 614 quod

118 619 174 702 qui
194 619 228 676 in
247 615 349 697 gradu
368 613 503 674 alterum
521 611 704 697 praecedit,
735 612 789 674 illc
811 614 1037 674 successionem
1057 615 1141 675 vici·

363 699 366 705 ‘
524 697 598 754 nior
618 698 731 778 capiat.

160 781 223 840 Has
244 779 455 856 hereditates,
485 799 564 858 quae
595 798 612 836 a
642 786 787 838 materno
811 796 929 860 genere
957 777 1184 858 venientibus,

74 866 142 926 sive
166 862 350 939 avunculis,
381 863 446 922 sive
471 859 688 940 consobrinis,
720 883 776 920 seu
797 859 975 921 materteris
996 860 1186 943 relinquun-

75 958 146 1024 tur,
177 944 274 1006 etiarn
295 945 454 1005 foeminae
477 964 550 1002 cum
579 942 664 1020 illis,
695 943 749 1024 qui
780 943 813 1002 in
843 965 908 1006 uno
939 943 1185 1027 propinquitatis

77 1031 176 1113 gradu
196 1029 348 1110 aequales
371 1035 456 1100 sunt,
471 1025 647 1106 aequaliter
667 1026 850 1108 partiantur.
880 1027 961 1085 Nam
982 1046 1111 1090 omnem
1127 1028 1184 1090 he·

37 1153 44 1166 ·
76 1107 266 1189 militatem,
289 1109 345 1194 qui
366 1109 465 1193 gradu
484 1108 619 1169 alterum
639 1109 803 1191 praecedit
825 1109 978 1172 obtineat.

495 1223 548 1283 xl.
610 1242 757 1297 nuvious.

337 1339 386 1398 De
399 1338 600 1398 'successione
622 1337 730 1396 mariti
750 1347 781 1396 et
802 1336 925 1402 usuris.

159 1419 291 1483 Maritus
313 1429 346 1480 'et
368 1437 449 1480 uxor
468 1428 546 1478 tunc
576 1418 635 1479 sibi
665 1418 857 1480 hereditario
887 1419 955 1482 iure
984 1422 1183 1500 succedant,

78 1506 208 1588 quando
230 1503 320 1564 nulla
341 1501 476 1564 affinitas
496 1522 596 1582 usque
619 1501 659 1562 ad
688 1501 856 1583 septimum
884 1504 1017 1586 gradum
1045 1505 1085 1566 de
1106 1527 1183 1590 pro·
1252 1527 1259 1546 ⁸

77 1589 209 1673 pinquis
232 1609 343 1650 eorum
363 1585 416 1648 vel
436 1585 622 1669 parentibus
643 1584 780 1645 inveniri
799 1587 920 1668 poterit
940 1589 987 1666 o).

489 1699 562 1761 XII.
624 1719 771 1775 serious.

248 1811 298 1879 De
319 1812 492 1878 hereditate
514 1816 699 1877 clericorum
720 1826 751 1874 et
771 1816 1004 1877 monachorum.

158 1899 280 1960 Clerici
300 1901 349 1961 vel
378 1898 546 1975 monachi,
579 1897 644 1959 sive
677 1897 957 1977 sanctimoniales,
990 1898 1048 1980 qui
1078 1921 1181 1982 usquc

76 1984 118 2044 ad
140 1983 318 2066 legitimum
340 1983 470 2065 gradum
491 1997 558 2040 uon
579 1979 770 2061 reliquerint
791 1979 937 2059 heredes,
961 1990 993 2041 et
1013 1982 1060 2040 sic
1082 1984 1182 2042 mori-

77 2078 183 2143 untur,
207 2075 242 2126 ut
265 2065 346 2124 nihil
369 2065 407 2126 de
429 2063 632 2126 facultatibus
654 2063 717 2124 suis
739 2062 907 2138 ordinent,
937 2063 1074 2126 ccclesia
1097 2065 1181 2143 sibi,

79 2151 130 2210 cui
150 2147 381 2226 deservierint,
403 2168 512 2209 eorum
533 2145 737 2208 substantiam
757 2144 941 2208 vindicabit.

410 2323 418 2344 .
485 2262 573 2322 XIll.
635 2279 783 2335 anricus.

82 2377 124 2440 Ut
141 2388 369 2463 postmortem
390 2377 524 2452 matris,
548 2375 622 2460 filii
642 2377 676 2435 in
693 2377 796 2457 patris
814 2389 969 2460 potestate
991 2379 1163 2440 consistant
1170 2404 1184 2448 ,-

173 2474 205 2520 et
225 2457 305 2540 quid
324 2458 363 2518 de
385 2459 477 2519 rebus
490 2457 641 2554 filiorum
661 2479 751 2536 agere
768 2462 936 2519 conueniat
953 2475 1085 2540 putrem,

82 2601 85 2607 ,
157 2545 250 2604 Patre
279 2549 423 2618 mortuo,
457 2540 515 2600 filii
550 2541 582 2599 in
614 2540 720 2600 matris
749 2549 904 2622 potestate
935 2543 1112 2605 consistant
1128 2549 1184 2628 p).

75 2624 221 2703 Quodsi
243 2624 355 2686 marito
377 2623 545 2705 superstite
574 2643 656 2682 uxor
682 2619 816 2683 forsitan
840 2623 1011 2704 moriatur,
1042 2627 1103 2687 filii
1126 2628 1184 2709 qui

75 2717 153 2768 sunt
175 2707 213 2767 de
234 2707 348 2768 eodem
370 2707 519 2790 coniugio
550 2707 708 2787 procreati
729 2705 763 2765 in
794 2707 890 2788 patris
918 2718 1073 2789 potestate
1108 2733 1185 2772 con-

75 2791 213 2865 sistunt,
235 2800 267 2850 et
287 2811 338 2850 res
369 2810 494 2864 eorum,
526 2789 553 2849 si
576 2809 743 2848 novercam
774 2809 839 2848 non
869 2792 1112 2871 superduxerit,
1145 2815 1184 2853 ea

76 2873 265 2934 conditione
286 2872 466 2953 possideat,
489 2882 524 2932 ut
546 2869 627 2929 nihil
649 2870 766 2931 exinde
783 2881 837 2932 aut
850 2874 1003 2952 vendere,
1024 2885 1078 2935 aut
1095 2892 1184 2936 ever·

74 2967 166 3032 tere,
196 2965 251 3015 aut
271 2975 465 3036 quocunque
486 2963 580 3035 pacto
601 2953 741 3015 alienare
762 2966 959 3036 praesumat:
993 2959 1050 3019 sed
1073 2959 1183 3018 omnia

75 3039 151 3098 siliis
173 3038 240 3107 suisv
259 3037 383 3118 integra
411 3047 443 3097 et
472 3036 659 3098 intemerata
690 3047 866 3097 conservet.
908 3043 1043 3101 Fructus
1074 3050 1182 3100 tamen

76 3143 187 3182 omnes
209 3142 284 3180 cum
305 3121 379 3180 filiis
401 3119 465 3180 suis
486 3139 544 3199 pro
571 3142 627 3180 suo
655 3119 722 3180 iure
752 3119 933 3203 percipiat,
965 3131 997 3182 et
1025 3143 1088 3182 una
1110 3143 1184 3182 cum

75 3203 151 3285 ipsis
174 3203 250 3264 liliis
271 3202 354 3279 suis,
386 3200 608 3264 communibus
638 3213 803 3263 consumat
832 3204 994 3287 expensis.
1037 3206 1134 3283 Quod
1156 3205 1184 3265 si

74 3295 165 3368 pater
186 3306 357 3348 novercam
379 3285 610 3368 superduxerit,
632 3285 707 3365 quia
729 3286 821 3346 valde
851 3286 1022 3369 indignum
1052 3299 1117 3364 est,
1147 3297 1185 3348 ut

74 3369 133 3430 titii
156 3370 247 3444 eius,
277 3367 376 3451 patris
397 3377 552 3450 potestate
575 3369 626 3428 vel
657 3369 889 3450 gubernatione
911 3369 1024 3430 relicta
1045 3369 1078 3428 in
1101 3371 1184 3431 alte-

73 3452 139 3512 rius
160 3452 332 3513 tuitionem
355 3451 537 3525 deveniant,
567 3451 651 3511 filios
673 3473 748 3513 suos
772 3461 862 3534 pater
892 3452 949 3512 ille
979 3452 1035 3534 qui
1064 3472 1183 3513 nover-

75 3557 145 3594 cam
177 3535 366 3612 iuduxerit,
399 3556 465 3596 non
493 3532 673 3616 relinquat;
714 3533 771 3596 sed
797 3533 882 3595 filios
914 3541 947 3594 et
971 3533 1023 3597 res
1052 3555 1181 3612 eorum,

144 3741 172 3808 o)
192 3741 235 3790 Un
254 3739 320 3792 Cod.
339 3739 410 3791 add:
428 3741 459 3790 Si
476 3741 538 3809 quis
557 3741 600 3794 vir
617 3759 729 3794 uxorem
747 3739 873 3800 duxerit,
894 3753 996 3812 etpost
1015 3742 1182 3796 connubium

74 3809 186 3882 aliquid
203 3828 238 3861 erc
256 3811 335 3862 rebus
354 3809 538 3882 adquisierit,
567 3812 598 3861 in
622 3813 749 3862 extremis
768 3827 802 3862 etr
819 3811 948 3864 ambobus
975 3814 1181 3874 causostem,

74 3883 197 3952 qualiter
215 3899 248 3933 ex
267 3881 347 3932 rebus
366 3879 496 3932 medietas
514 3881 619 3932 licitum
643 3881 744 3934 habere
769 3881 878 3943 babeat,
908 3884 1017 3952 reliqua
1040 3901 1109 3936 vero
1128 3900 1184 3935 me-

74 3949 161 4003 dietas
181 3951 276 4004 vivens
294 3950 464 4004 vindicatur.
503 3951 583 4017 Quod
598 3951 624 4002 si
640 3951 741 4003 liberos
758 3951 907 4003 habuerint
924 3953 956 4002 in
975 3953 1032 4004 eius
1050 3954 1183 4004 memoria

73 4021 244 4074 medietatem
265 4020 441 4090 possideant,
469 4033 499 4072 ut
522 4022 577 4071 iam
596 4023 645 4092 qui
660 4022 738 4089 prius
765 4022 851 4081 obiit,
878 4024 1062 4091 praecipimus
1082 4040 1115 4074 ex
1135 4040 1183 4073 ca-

74 4093 176 4143 nonica
203 4093 340 4142 sententia
364 4093 489 4162 quintam
512 4103 618 4161 partem
643 4110 677 4144 ers
700 4091 780 4144 rebus
808 4091 864 4142 Deo
889 4091 1027 4161 effluant,
1057 4093 1183 4162 reliquas

74 4179 141 4212 vero
160 4161 244 4212 liberi
261 4161 388 4214 babeant.
456 4160 553 4232 plat
572 4179 632 4215 mss.
651 4161 743 4222 Matre
759 4173 880 4223 mortua,
905 4161 964 4236 fittt
980 4165 1011 4215 in
1025 4163 1115 4233 patris
1129 4180 1181 4232 po·

74 4244 169 4284 testate
188 4233 348 4284 consistant.
