2648 4874
277 291 381 344 nrcss
400 282 688 342 wrsiooruouuu
708 286 779 346 nu.
798 289 838 346 u.
856 287 926 344 r1r.
945 289 993 346 rr,
1119 278 1192 352 4⁵1

139 501 143 510 ι
457 428 500 494 X.
541 449 604 494 ras.
633 448 732 492 cuns„
750 445 820 490 ert.

87 545 182 642 {used
206 544 304 619 liceat
331 546 399 621 isis,
428 545 542 626 quibus
561 535 744 605 conmissus
769 555 816 604 est
829 545 957 627 fiscus,
979 566 1042 629 pro
1066 567 1100 608 re
1109 549 1193 635 fisci

166 699 170 707 Ι
257 629 489 711 quibuscunque
508 627 666 689 noluerint
683 628 843 706 iniungere
865 630 1015 690 rationes.
1038 696 1042 705 Ι

160 711 284 772 Nullus
298 711 429 794 quidem
444 731 551 771 rernm
567 708 722 769 fiscalium
740 719 912 771 temerator
927 711 1024 772 dehet
1045 712 1192 784 existere.

82 791 203 857 Tamen
224 794 251 855 si
265 793 529 874 quandoquidem
548 813 607 875 pro
627 791 696 851 iure
711 791 782 852 tissi
801 801 912 852 contra
925 795 1101 874 quemlihet
1115 819 1192 880 pro..

80 877 208 938 venerit
224 876 408 936 intentione
431 876 576 952 moveri,
600 873 658 934 ille
679 874 733 934 cui
754 876 920 936 commissa
940 897 991 937 res
1010 888 1075 956 est,
1104 884 1191 962 apud

13 995 16 1010 ·
79 959 240 1021 Comitem
267 958 407 1020 civitatis
433 959 486 1033 ¹vel
519 957 662 1019 iudicem
691 955 823 1019 habebit
845 957 1011 1018 licentiam
1041 960 1191 1042 legaliter

78 1043 250 1126 negotium
270 1032 499 1124 prosequendi.
541 1042 647 1118 Quem
669 1039 696 1101 si
721 1037 884 1104 absentem
907 1041 1032 1114 aloco,
1062 1043 1117 1104 ubi
1135 1067 1188 1109 res

77 1125 203 1208 agenda
233 1133 297 1200 est,
331 1143 398 1184 esse
422 1122 615 1206 contigerit,
647 1122 700 1184 vel
723 1123 847 1190 occasio
871 1143 946 1186 enm
970 1143 1186 1209 quaecuuque

74 1207 299 1290 suspenderit,
331 1217 387 1274 aut
412 1206 507 1267 etiam
530 1226 587 1288 per
607 1225 640 1265 se
667 1225 847 1287 proponere
872 1207 1004 1269 fortasse
1029 1208 1185 1290 noluerit,

76 1291 215 1352 eandem
249 1286 393 1350 utilitatis
417 1287 566 1371 publicae
592 1285 751 1348 sotionem
778 1305 837 1370 per
866 1288 1050 1352 mandatum
1071 1291 1185 1352 inian-

74 1393 152 1456 gere
164 1371 425 1457 prosequendam
437 1371 491 1432 cni
508 1369 660 1453 elegerit,
681 1369 732 1432 sni
751 1369 794 1432 sit
810 1369 1031 1436 indubitanter
1048 1373 1183 1445 arbitrii.

224 1554 315 1627 Tur.
341 1553 407 1629 IV.
457 1554 516 1625 De
539 1553 709 1626 Testibus
737 1565 775 1626 et
800 1553 1061 1628 Testimoniie‘

407 1715 434 1783 1.
475 1736 539 1784 ens.
572 1737 638 1784 ons,
666 1733 753 1780 anns.
784 1737 855 1786 err.

259 1835 309 1894 De
327 1817 472 1917 personis
492 1831 604 1914 quibus
623 1831 791 1924 testificari
811 1853 875 1894 nou
896 1831 1000 1902 liceat.
1075 1817 1079 1822 ¹

157 1913 346 1990 Homicidae
358 1959 368 1994 ,
397 1913 556 1993 malefici,
584 1917 695 1990 fures,
722 1915 905 1990 criminosi,
938 1917 1007 1978 sive
1028 1915 1179 2000 venefici,

71 2005 107 2063 et
133 2001 192 2081 qui
220 2007 349 2080 raptum
377 1997 529 2074 feceriut,
564 1997 616 2058 vel
644 1997 761 2056 falsum
781 1997 1004 2058 testimonium
1025 2000 1178 2082 dixerint,

70 2103 132 2144 seu
152 2084 209 2164 qui
233 2085 273 2142 ad
303 2081 470 2162 sortilegos
499 2079 691 2161 diuisosque
718 2079 961 2160 concurrerint,
991 2083 1186 2150 nullatenus.

71 2177 170 2228 erunt
191 2165 233 2228 ad
251 2164 471 2226 testimonium
492 2160 691 2226 admittendi.
785 2215 788 2224 .

394 2277 441 2341 ll.
482 2301 545 2348 res.
576 2299 641 2346 urs.
672 2295 759 2345 sons.
792 2299 859 2342 unx.

19 2443 23 2450 ‹
75 2393 177 2488 Quod
197 2395 326 2459 testibus
348 2391 414 2454 sine
437 2407 633 2456 sacramento
657 2392 747 2456 credi
764 2415 827 2455 uun
850 2393 968 2477 possit,
996 2401 1027 2455 et
1047 2395 1076 2456 si
1093 2409 1176 2458 utro·

70 2499 133 2563 que
154 2502 233 2565 pars
246 2475 393 2564 proferat
409 2490 534 2555 testem,
562 2479 614 2536 cui
631 2475 743 2537 debeat
759 2475 865 2556 credi,
892 2489 922 2538 et
943 2479 972 2537 εἰ
992 2499 1070 2538 uero
1093 2482 1178 2541 testi·

412 2557 517 2642 ficari
537 2560 712 2640 neglexerit
731 2560 827 2619 testis.

79 2634 83 2642 ’
154 2640 261 2704 Iudex
282 2663 391 2704 caussa
412 2642 521 2718 finita,
543 2649 576 2702 et
595 2649 793 2702 sacramento
814 2643 992 2705 secundum
1007 2643 1114 2728 leges,
1137 2644 1178 2707 si·

14 2761 18 2770 ·
67 2733 127 2788 cut
147 2727 217 2808 ipse
235 2725 450 2800 ordinaverit,
471 2745 489 2782 a
507 2723 641 2796 testibus
663 2722 747 2799 dato,
769 2723 924 2786 iudicium
946 2727 1077 2806 emittat,
1100 2730 1178 2811 quia

67 2816 169 2870 testes
189 2807 259 2870 sine
280 2816 477 2868 sacramento
507 2805 725 2868 testimonium
752 2806 921 2887 perhibere
945 2831 1010 2870 non
1034 2820 1176 2893 possunt.

68 2890 173 2972 Quod
187 2890 216 2952 si
237 2891 276 2950 ab
298 2900 433 2970 utraque
453 2898 543 2971 parte
564 2886 744 2950 testimonia
766 2890 944 2971 aequaliter
958 2894 1176 2974 proferantur,

66 2973 210 3034 discussa
232 2965 321 3055 prius
340 2972 473 3033 veritate
494 2969 685 3048 verborum,
707 2969 824 3053 quibus
846 2975 944 3055 magis
968 2970 1086 3036 debeat
1104 2997 1176 3036 cre-

68 3053 103 3116 di
126 3055 244 3116 iudicis
261 3054 438 3116 aestimabit
451 3053 578 3119 eiectio.
622 3055 716 3114 Certe
736 3052 763 3112 si
788 3057 980 3116 ammonitus
1005 3059 1176 3139 quisquam

68 3129 224 3214 uindice,
246 3138 286 3198 de
303 3159 338 3198 re
355 3157 451 3218 quam
470 3136 569 3213 novit,
591 3135 809 3198 testimonium
825 3135 997 3230 perhibere
1020 3141 1173 3220 noluerit,

69 3221 163 3282 antei
179 3221 303 3281 nescire
319 3241 351 3280 se
373 3218 509 3296 dixerit,
533 3218 566 3279 id
583 3219 686 3301 ipsum
707 3217 803 3278 etiam
824 3234 930 3281 iurare
949 3222 1120 3303 distulerit,
1142 3231 1175 3283 et

66 3324 125 3385 per
149 3301 282 3383 gretiam
298 3311 353 3362 aut
369 3322 428 3384 per
449 3301 654 3378 venelitatem
672 3319 748 3362 vera
764 3304 992 3382 suppresserit:
1014 3305 1040 3366 si
1056 3305 1175 3368 nobilis

65 3386 184 3461 fuerit,
206 3385 425 3445 testimonium
445 3393 555 3464 postea
574 3383 607 3442 in
631 3383 723 3445 nullo
743 3382 863 3444 iudicio
883 3385 991 3447 dicere
1007 3389 1179 3468 perrnittaa,

66 3476 138 3543 tur,
167 3489 228 3528 nec
256 3467 474 3528 testimonium
501 3465 800 3547 ipsiuslreeipiatur
820 3467 966 3533 ulterius.
1008 3465 1105 3547 Quod
1133 3471 1172 3549 si,

65 3549 146 3610 licet
175 3549 353 3631 ingenuae,
387 3546 519 3609 minoris
542 3556 647 3610 tamen
672 3548 797 3609 fuerint
823 3547 986 3628 dignitatis
1006 3574 1173 3633 personae,

67 3637 100 3692 e't
116 3631 303 3694 testimonio
315 3642 463 3709 careant,
485 3640 518 3691 et
532 3637 670 3692 centena
680 3624 806 3713 flagella
821 3629 963 3694 infamati
980 3635 1173 3715 suscipiantt

65 3714 145 3794 quia
163 3735 231 3776 non
252 3713 358 3776 minor
370 3723 477 3775 reatos
497 3723 545 3774 est
557 3732 632 3776 vera
651 3708 986 3796 supprimam-quam
1003 3717 1082 3778 falsa
1098 3739 1175 3780 con·

64 3796 200 3880 fingere.

426 3902 482 3973 ΙΙΙ.
525 3927 587 3972 ses.
620 3923 706 3969 esne.
740 3929 808 3976 err.

85 4028 143 4090 De
166 4020 382 4115 investigandus
406 4023 547 4094 iustitie,
579 4024 609 4082 si
632 4007 723 4083 uiiud
746 4023 894 4106 loquutur·
917 4024 1025 4101 testis,
1062 4019 1153 4087 atiud

539 4108 706 4189 scriptura,
1042 4155 1047 4165 .

146 4191 308 4274 Quotiens
325 4187 416 4251 aliud
435 4187 525 4253 testis
545 4188 709 4272 loquitur,
738 4211 834 4274 qnam
856 4211 891 4251 ea
912 4191 1071 4276 scriptura
1091 4211 1172 4251 oon·

1289 875 1301 916 5
