2684 4868
285 294 389 350 arcis
408 291 705 350 wrsrcornontm
737 295 803 352 ma.
824 289 857 347 x.
876 289 995 348 rrrsr.
1135 269 1214 352 dil¹

108 432 388 525 providentissima
407 432 641 496 deliberatione
665 433 842 511 sancimus,
868 441 904 494 ut
932 440 1219 499 renata-escun·

108 523 200 584 tione
228 518 437 594 consortium,
471 527 534 577 tam
556 539 614 598 pro
637 537 767 593 eorum,
794 537 891 598 quam
911 535 971 597 pro
991 533 1049 578 sus
1068 523 1218 602 persona,
1267 527 1274 531 ’

110 605 137 666 is
159 602 215 686 qui
239 600 437 661 iudicialiter
456 621 515 682 pro
542 601 766 662 communibus
785 600 881 660 rebus
904 597 1005 660 luerit
1024 600 1219 699 appellatus,

108 685 320 769 respoudeat,
352 703 414 743 nec
437 683 540 742 ullum
562 682 799 766 praeiudicium
822 682 980 744 consortis
997 683 1219 764 *almostam

109 769 262 832 cohaeres
282 766 352 826 eius
380 764 570 842 iustissime,
597 787 656 826 seu
678 767 772 826 etiam
805 787 865 846 per
892 775 1130 844 commentum,
1151 777 1221 830 mat

108 874 168 937 per
195 850 356 932 ignaviam
387 848 487 908 fuerit
509 859 701 930 superatus,
733 849 895 909 incurrat:
928 847 988 910 aad
1013 841 1218 932 slseparai'e

109 935 276 1016 negotium
302 930 451 1012 legaliter
472 930 661 1007 intenderit,
684 932 896 1013 permittatur.
937 931 1005 990 ἈΜ
1049 923 1221 993 atassdcnti-

109 1038 174 1100 que
187 1015 384 1097 suprafactae
401 1013 555 1094 legistam
570 1013 814 1075 inconvenienti
831 1012 1034 1085 sententiandi
1057 1015 1218 1076 csaltibre

109 1101 276 1162 decretum
299 1118 358 1181 per
385 1096 554 1157 universos
578 1095 671 1177 regni
701 1097 801 1157 nostri
825 1096 962 1177 populos
978 1096 1220 1166 omnidotal-

5 1178 8 1182 ’
110 1182 216 1243 nimus
240 1178 421 1240 reverentia
443 1178 627 1240 valiturum.
681 1179 729 1240 Ac'
754 1178 867 1240 similis
891 1169 1219 1240 sciamusne-istria

107 1265 207 1341 bitur,
231 1261 258 1324 si
282 1283 367 1322 unus
391 1261 524 1324 forsitan
548 1281 589 1322 ex
617 1261 819 1323 consortibus
839 1257 1221 1344 quenquamotrediderit
1300 1294 1303 1299 ·

108 1347 167 1410 lite
189 1345 393 1429 pulsandum.

107 1460 150 1522 V.
192 1460 230 1523 Si
251 1459 402 1543 placitum
429 1459 499 1541 quis
526 1455 696 1518 divisionis
720 1458 902 1540 irrumpat,
930 1439 1068 1520 divisam
1091 1435 1218 1544 parietis

587 1561 750 1624 nsnrpcns.

192 1649 258 1726 Qui
283 1645 438 1731 placitum
469 1643 638 1707 divisionis
665 1642 848 1726 irruperit,
879 1654 911 1706 et
936 1645 1219 1731 quamlibetxpar-

109 1742 174 1794 tem
193 1732 318 1792 alienae
346 1729 505 1813 portionis
535 1726 698 1805 invaserit,
724 1736 851 1788 tantum
879 1727 920 1790 de
947 1749 1028 1807 suo,
1061 1741 1219 1812 quautam

109 1816 150 1876 de
178 1814 286 1876 alieno
310 1811 501 1896 occupavit,
531 1811 663 1875 amittat.

148 1961 210 2031 VI.
251 1961 289 2024 Si
308 1962 427 2023 vineam
449 1972 503 2022 ant
523 1959 651 2022 domum
671 1960 742 2042 quis
762 1959 797 2020 in
817 1957 973 2022 consortis
993 1970 1080 2021 terra
1100 1979 1178 2023 con-

576 2045 740 2105 struxerit.

192 2161 227 2223 Si
254 2159 327 2242 quis
362 2157 493 2220 domino
523 2157 645 2220 sciente
674 2157 726 2218 vel
761 2154 983 2218 consentiente
1017 2151 1220 2249 vineam„in

110 2244 265 2309 consortis
294 2253 379 2303 terra
403 2241 613 2323 plantaverit,
648 2249 702 2300 aut
728 2239 858 2301 domum
887 2239 1019 2320 fecerit,
1048 2234 1110 2302 vel'
1128 2226 1219 2320 'c'ei't'e

109 2331 136 2393 si
164 2330 231 2408 ipse
260 2325 316 2408 qui
345 2325 472 2386 vineam
499 2324 641 2404 plantat,
672 2322 724 2383 vel
752 2323 882 2383 domum
912 2322 1000 2402 facit,
1023 2311 1222 2406 ignoraveilt

109 2411 198 2496 quod
211 2410 317 2491 portic
333 2407 374 2468 sit
390 2406 555 2469 consortis:
578 2406 654 2467 dum
671 2405 734 2466 hoc
757 2415 811 2465 aut
829 2405 964 2466 testibus
986 2417 1041 2466 aut
1063 2405 1223 2468 iuramen-

106 2505 141 2556 to
176 2491 370 2567 firmaverit,
403 2488 492 2548 aliud
519 2497 643 2548 tantum
679 2487 763 2570 paris
794 2488 901 2548 meriti
930 2487 1061 2548 domino
1084 2485 1151 2567 illi,
1185 2489 1220 2548 in

107 2576 201 2640 cuius
231 2583 317 2640 terra
353 2572 479 2632 vineam
507 2571 675 2654 plantavit,
695 2571 853 2642 restituat,
880 2580 913 2631 et
939 2571 997 2652 qui
1025 2571 1139 2654 'posuit
1158 2571 1221 2630 asta.

108 2678 205 2720 neam
233 2676 366 2718 securus
404 2653 557 2715 obtineat.
625 2654 660 2714 Si
697 2674 776 2714 vcro
811 2653 943 2714 domino
977 2654 1221 2715 contradicente
1278 2707 1281 2717 .

108 2739 321 2824 plantaverit,
352 2737 434 2796 inste
459 2735 591 2818 perdat,
629 2735 686 2818 qui
713 2757 783 2797 rem
813 2735 951 2796 alienam
976 2737 1108 2798 domino
1141 2734 1245 2798 coni·-

107 2821 285 2883 tradieente
309 2818 475 2902 plantavit.
520 2819 640 2880 Similis
662 2819 759 2881 etiam
781 2818 821 2879 de
849 2817 1003 2880 aedificiis
1043 2821 1147 2882 forma
1169 2839 1223 2887 ser

107 2913 214 2970 vetur.¹
252 2905 320 2980 Hoc
345 2911 452 2962 tamen
480 2901 671 2978 adiicimns,
703 2912 740 2962 ut
765 2900 791 2962 si
820 2903 1008 2984 quicunque
1034 2903 1129 2963 alteri
1159 2911 1222 2983 tep-

105 3009 174 3049 ram
210 2984 415 3060 vendiderit,
449 2992 505 3043 aut
536 2984 731 3061 donaverit,
763 2983 832 3045 sive
866 2993 1089 3045 commutatam
1121 3003 1224 3046 acce·-

108 3068 248 3151 oeperit,
274 3087 356 3148 quac
383 3075 488 3127 tamen
520 3066 722 3150 repperiatur
749 3066 1014 3148 quandoquidem
1046 3087 1112 3126 non
1142 3066 1222 3127 iuris

108 3151 178 3214 eius
198 3151 296 3210 fuisse
325 3149 383 3230 qui
410 3147 520 3225 dedit,
548 3150 575 3210 si
601 3149 657 3210 ille
689 3149 746 3230 qui
768 3159 886 3210 terram
917 3148 1016 3232 ipsum
1037 3147 1221 3229 acceperit,

108 3235 142 3293 in
170 3235 282 3294 eadem
312 3241 396 3292 terra
423 3232 553 3292 domum
585 3231 820 3310 aedificaverit,
856 3241 910 3293 aut
937 3232 1064 3291 vineam
1093 3233 1223 3311 planta-

107 3317 210 3394 verit,
244 3314 312 3376 sive
342 3314 478 3390 oliveta,
507 3313 635 3392 hortos,
662 3314 715 3377 vel
741 3313 884 3396 pomaria
908 3311 1041 3390 fecerit,
1072 3314 1168 3374 etiam
1194 3313 1222 3376 s‘i
1264 3320 1271 3336 ⁹

131 3397 188 3458 uid
207 3397 355 3476 utilitatis
383 3396 427 3457 ibi
455 3405 509 3456 aut
530 3397 649 3458 laboris
673 3397 853 3459 adiecerit:
894 3405 926 3457 et
947 3395 1095 3456 dominus
1117 3406 1221 3458 terrae

107 3421 218 3558 iilius,
249 3480 302 3541 cui
327 3490 412 3540 terra
436 3478 503 3560 ipsa
527 3479 633 3540 debita
658 3481 789 3542 fortasse
815 3477 981 3555 manebat,
1004 3477 1158 3539 callidum
1187 3499 1221 3541 se

104 3583 236 3624 servans
265 3561 438 3623 contestari
461 3562 586 3640 noluit,
608 3572 662 3622 aut
685 3565 817 3624 fortasse
842 3563 938 3641 longe
957 3579 1166 3622 commanens
1187 3561 1223 3622 id

108 3645 237 3726 ipsum,
269 3654 323 3705 aut
352 3644 506 3705 nescierit
526 3655 581 3705 aut
601 3644 772 3707 contestari
797 3643 995 3726 neglexerit,
1018 3643 1107 3702 utin
1134 3653 1225 3725 post-

107 3727 238 3787 modum
264 3725 443 3787 laboratum
466 3726 511 3787 ibi
535 3729 662 3790 auferre
686 3726 811 3809 aliquid
833 3725 948 3808 possit:
967 3725 1044 3786 dum
1061 3724 1125 3786 hoo
1142 3728 1222 3809 ipse,

108 3810 200 3872 cuins
214 3810 359 3870 'eandem
381 3819 498 3869 terram
519 3831 587 3871 esse
605 3811 763 3894 patuerit,
792 3829 900 3869 coram
925 3807 1033 3868 iudice
1058 3811 1223 3891 propulsa·

107 3891 211 3970 verit,
246 3893 285 3952 ab
314 3901 446 3952 auctore
482 3892 538 3974 qui
565 3901 684 3954 terram
715 3893 817 3975 ipsam
839 3889 958 3951 iniuste
984 3890 1079 3951 alteri
1109 3893 1222 3963 dedit,

108 3975 241 4035 alteram
268 3983 301 4035 ct
323 3973 460 4036 similem
485 3985 603 4036 terram
627 3977 660 4036 in
695 3976 794 4060 duplo
822 3972 987 4055 recipiat:
1019 3983 1052 4034 et
1079 3971 1137 4035 ille
1164 3973 1224 4056 q‘rd

108 4056 142 4116 in
171 4057 282 4118 cadem
303 4065 389 4118 terra
417 4057 544 4120 labores
577 4081 651 4122 suos
676 4057 841 4137 exercuit,
867 4057 902 4122 id
926 4056 1017 4140 quod
1045 4055 1222 4137 laboravit,

109 4140 203 4202 nullo
230 4140 325 4202 modo
347 4139 470 4224 perdat.
1122 4176 1126 4186 .
1171 4157 1175 4174 ¹
