2648 4874
154 267 229 354 484
346 293 453 349 tems
469 289 762 352 wismornonuu
785 297 850 349 err.
869 293 922 350 ιιι.
940 295 1012 352 ιιι.
1028 299 1061 352 ι.

154 456 285 524 quoque
315 433 369 496 vel
400 432 508 509 aviae,
537 426 604 495 'seu
635 443 825 517 parentum,
855 455 988 497 uxorem
1030 438 1140 502 fratris
1166 440 1265 503 etiam

155 524 369 606 dispensatam
403 526 458 578 aut
478 515 626 595 viduam,
649 517 701 578 vel
732 517 988 602 propinquorum
1016 539 1146 581 suorum
1169 525 1266 587 relic-

154 613 235 681 tam,
269 601 330 663 sibi
353 599 386 659 in
410 599 613 661 matrimonio
635 599 806 681 copulare,
840 599 892 661 vel
914 602 1073 663 adulterio
1095 605 1263 684 polluere:

154 685 198 748 ita
225 694 260 745 ut
280 682 440 764 usquead
468 691 593 744 sextum
613 681 740 764 generis
762 682 894 764 gradum
912 683 997 744 nulli
1019 684 1115 746 liceat
1130 690 1264 770 sangui-

155 769 205 830 nis
234 763 507 850 propinquitatem
546 763 717 826 libidinose
756 765 903 844 foedare,
945 767 997 827 vel
1036 767 1070 826 in
1107 772 1262 854 coniugio

153 858 322 934 appetere3
354 846 496 928 exceptis
516 846 581 908 illis
603 845 764 928 personis,
787 868 865 928 quas
885 869 946 928 per
965 847 1202 912 ordinationem
1216 864 1262 914 at·

152 955 216 1017 que
239 949 430 993 consensum
451 927 654 1011 Principum,
683 937 757 988 ante
782 928 866 989 banc
886 931 992 1012 legem
1016 941 1140 992 constat
1160 936 1262 1016 adep·

152 1027 198 1076 tas
216 1014 312 1075 fuisse
336 1010 538 1092 coniugium:
561 1031 642 1093 quae
662 1031 866 1093 nequaquam
886 1035 945 1092 per
964 1014 1044 1095 legis
1060 1013 1157 1076 huius
1174 1018 1262 1078 edic·

154 1109 223 1159 tum
245 1095 348 1156 teneri
400 1102 531 1154 oterunt
552 1094 592 1153 ad
620 1103 751 1158 reatum.
806 1094 928 1155 Similis
949 1105 982 1156 et
1002 1098 1042 1156 de
1066 1098 1259 1162 mulieribus

152 1180 231 1242 ordo
253 1115 430 1250 servandus
456 1184 513 1237 est.
561 1175 625 1254 Qui
650 1195 729 1236 vero
752 1185 864 1238 eontra
886 1176 970 1238 bane
994 1180 1260 1242 constitutionem

151 1257 424 1347 praesumpserint
444 1258 569 1333 facere,
599 1256 697 1317 iudex
719 1279 772 1320 eos
801 1279 866 1319 non
888 1259 1013 1320 differat
1034 1281 1200 1343 separare,
1223 1273 1260 1324 ut

152 1355 255 1406 atam
277 1338 417 1404 nefanda
449 1339 631 1423 pollutione
664 1338 777 1418 divisi,
805 1340 894 1403 iuxta
928 1343 1115 1422 qualitatem
1145 1368 1257 1424 sexus,

151 1427 185 1487 in
208 1421 408 1486 monasteriis
429 1422 621 1504 delegentur
650 1421 719 1483 illie
747 1422 867 1506 iugiter
896 1425 1109 1507 permansuri.
1169 1429 1258 1506 Quid

150 1531 228 1571 vero
251 1508 291 1568 de
313 1525 426 1568 eorum
455 1505 659 1565 facultatibus
690 1503 852 1566 observari
879 1507 1069 1586 conveniat,
1096 1509 1257 1576 subterius

150 1600 312 1655 correctae
333 1587 413 1672 legis
435 1587 595 1649 sententia
615 1588 846 1654 manifestatur.

483 1725 526 1786 Π.
547 1747 609 1786 res.
630 1746 695 1788 ses.
719 1746 826 1788 acuns.
846 1747 917 1788 anx.

150 1847 232 1908 Item
271 1839 311 1902 de
343 1839 496 1919 coniugiis
528 1850 559 1899 et
591 1838 757 1899 adstiteriis
783 1841 960 1916 intestinis,
997 1865 1053 1905 seu
1087 1847 1257 1928 virginibus

234 1925 334 1986 sacris
362 1941 399 1984 ae
434 1920 536 1981 viduis
557 1934 588 1981 et
609 1922 859 2005 poenitentibus,
891 1925 1000 1986 laicali
1021 1942 1101 1989 veste
1120 1931 1176 1990 vel

554 2005 638 2064 coitu
665 2003 848 2072 sordidatis.

229 2085 396 2150 Universis
422 2082 601 2169 provinciis
620 2085 760 2147 Domino
779 2086 949 2150 ordinante
970 2091 1011 2152 ad
1037 2091 1131 2175 regni
1154 2095 1256 2156 nostri

148 2170 305 2234 ditionem
325 2167 570 2254 pertinentibus.
628 2167 731 2228 Noxia
754 2170 1000 2253 praeteritorum
1021 2196 1155 2258 operum
1179 2199 1255 2260 pra-

147 2256 230 2318 vitas
251 2251 329 2314 fecit
350 2249 468 2312 futuris
488 2248 684 2334 temporibus
711 2250 816 2331 legem
835 2273 976 2335 ponere,
1006 2265 1038 2317 et
1058 2257 1184 2320 vitiosis
1205 2261 1254 2319 fa-

147 2335 311 2398 cinoribus
340 2333 491 2395 licentius
516 2332 638 2393 inolitis
659 2333 796 2393 termino
825 2334 965 2400 iustitiae
987 2337 1128 2402 obviare.
1189 2341 1254 2402 Au·

147 2419 243 2479 detur
264 2415 406 2496 denique
427 2435 446 2474 a
466 2414 593 2491 multis,
621 2423 731 2474 contra
764 2415 892 2479 divinae
920 2419 1000 2505 legis
1028 2422 1167 2499 monita,
1197 2424 1249 2483 vel

149 2509 261 2560 contra
291 2496 443 2557 honestos
465 2497 547 2559 vitae
570 2496 746 2557 communis
769 2518 891 2576 mores,
930 2504 1061 2566 devotas
1089 2508 1160 2566 Deo
1189 2504 1252 2566 vir.

171 2582 260 2660 ines,
288 2588 322 2641 at
344 2577 577 2640 continentiam
607 2579 770 2640 viduitatis
793 2601 868 2641 cum
890 2583 1118 2648 benedictione
1147 2607 1252 2648 sacer·

147 2604 231 2725 fiatis
252 2663 341 2722 iuxta
361 2681 483 2721 morem
503 2661 672 2721 Canonum
693 2663 900 2742 profitentes,
930 2687 988 2728 seu
1006 2670 1158 2730 affinitate
1179 2689 1254 2730 con·

146 2742 368 2827 sanguinitatis
403 2741 592 2804 coniunctas
620 2745 790 2822 foeminas,
820 2755 875 2805 aut
902 2749 1080 2829 violenter,
1111 2761 1167 2812 aut
1195 2771 1254 2834 per

147 2847 339 2891 eonsensum
361 2825 421 2887 sibi
443 2826 597 2908 coniuges
618 2847 760 2903 sumere,
787 2837 820 2888 et
838 2830 908 2891 Deo
921 2831 1056 2892 dicatam
1077 2835 1254 2895 castitatem

146 2911 200 2972 ael
227 2909 438 2972 reverendam
460 2908 586 3002 generis
605 2909 860 2989 copulationem,
883 2912 1087 2978 inconcessae
1107 2916 1254 2978 libidinis

146 2991 351 3055 immunditia
384 2989 559 3056 sordidare.
620 2992 710 3068 Quae
742 2992 919 3070 temeritas,
955 2997 1032 3057 dum
1058 2998 1111 3061 vel
1136 2998 1252 3059 ariris

80 3094 83 3104 ¹
146 3075 198 3138 vel
229 3097 247 3136 a
277 3073 426 3135 foeminis
454 3071 597 3133 eiusdem
632 3073 840 3156 professionis
863 3077 1062 3157 admittitur,
1101 3088 1134 3141 et
1159 3081 1252 3142 castis

148 3157 299 3219 abhorret
320 3155 480 3232 moribus,
503 3163 534 3214 et
556 3155 651 3216 fidem
671 3176 778 3216 veram
798 3156 971 3241 impugnat.
1005 3164 1152 3223 Zelamus
1166 3162 1254 3222 enim

171 3264 206 3302 ro
228 3240 361 3301 veritate
388 3238 459 3299 zelo
490 3236 551 3298 Dei
573 3247 667 3319 atque
690 3238 868 3300 Ecclesiam
895 3252 1035 3303 sanctam
1063 3241 1253 3305 catholicam

146 3265 199 3386 liis
224 3323 298 3383 fidei
329 3330 453 3382 nostrae
475 3339 712 3380 commonemus
739 3321 894 3400 decretis,
937 3334 974 3384 ut
1000 3325 1170 3410 deinceps,
1209 3327 1253 3388 si-

148 3416 206 3468 cut
240 3413 272 3467 et
301 3407 449 3465 Cauones
471 3402 678 3464 ecclesiastici
705 3402 896 3483 probibent,
924 3407 1034 3468 nullus
1059 3410 1128 3468 Deo
1155 3409 1259 3470 devo·-

148 3498 212 3548 tam
232 3487 408 3568 virginem,
440 3483 550 3544 nullus
579 3485 637 3545 sub
664 3485 833 3566 religionis
861 3486 972 3548 habitu
1004 3490 1251 3567 consistentem,

149 3571 217 3632 sive
247 3567 410 3630 viduitatis
435 3565 665 3627 continentiam
686 3568 908 3649 profitentem,
930 3592 987 3631 seu
1010 3582 1157 3654 agentem
1180 3595 1254 3657 poe·

150 3652 345 3726 nitentium,
367 3649 429 3721 ‚vel
467 3649 517 3708 sui
540 3648 716 3730 proximam
742 3650 886 3730 generis,
918 3661 973 3713 aut
1002 3675 1071 3715 eam
1097 3655 1137 3716 de
1162 3656 1253 3716 cuius

150 3734 345 3794 admixtione
369 3730 522 3791 incestiva
538 3741 651 3794 ,notam
677 3734 774 3814 possit
796 3733 904 3794 subire
930 3734 1098 3813 infamiae,
1122 3757 1188 3797 non
1216 3737 1255 3796 li·

151 3818 214 3876 cito
245 3814 426 3891 connubio,
463 3821 518 3872 aut
547 3813 598 3890 vi,
638 3822 693 3873 aut
723 3835 881 3876 consensu
906 3817 1042 3900 accipiat
1073 3819 1254 3902 coniugem.

94 3909 97 3919 ¹
152 3899 237 3976 Quia
267 3918 327 3957 nec
356 3915 469 3957 verum
498 3897 615 3975 poterit
641 3916 709 3956 esse
732 3897 936 3979 coniugium,
969 3901 1098 3981 quoda
1126 3899 1254 3962 meliori

150 3981 313 4064 proposito
335 3977 506 4040 deducitur
527 3977 565 4036 ad
592 3978 747 4048 deterius;
785 3987 817 4039 et
842 3981 901 4041 sub
934 3982 1006 4043 falsi
1036 3983 1176 4044 nominis
1198 4003 1254 4044 co·

150 4065 227 4146 pala
239 4067 249 4138 ,'
280 4060 434 4121 incestiva
461 4058 600 4142 pollutio
622 4068 654 4120 et
672 4059 894 4124 fornicationis
913 4063 1117 4126 immunditia
1136 4084 1254 4148 perpe·

151 4156 261 4209 tratur.
331 4143 398 4202 Hoc
430 4161 507 4202 vero
541 4142 629 4202 nefas
670 4141 697 4203 si
735 4163 829 4222 agere
862 4146 976 4207 amodo
1015 4148 1255 4228 provinciarum

152 4238 334 4290 nostrarum
354 4223 528 4286 cuiuslibet
557 4223 661 4306 gentis
681 4223 827 4288 homines
845 4247 941 4291 sexus
964 4231 1131 4313 utriusque
1155 4239 1254 4314 temp·
1319 4243 1320 4250 ¹
