2640 4838
502 218 670 276 EDICTUM
703 217 881 278 uoluente

118 365 283 422 scandentes
301 359 336 414 ab
352 358 408 414 illis
425 359 585 414 succedant.
623 361 679 415 Sed
696 363 719 415 si
741 364 825 415 liliam
846 367 875 416 et
891 359 1018 414 ‘sororem
1035 363 1065 418 iu
1090 367 1191 436 capillo
1204 387 1240 424 re·

118 439 138 493 l'
162 437 251 498 uerit,
271 431 426 504 aequaliter
442 433 603 486 succedant.
640 435 676 486 tr
689 435 711 484 si
731 451 864 495 sororem,
894 441 923 486 et
942 433 1095 486 abiaticam
1116 455 1151 489 ex
1168 449 1239 510 parte

117 457 193 561 iiiios
211 504 373 574 reliquerit,
394 500 514 556 abiatica
532 511 640 556 tantum
659 506 799 558 succedat.
838 503 909 567 Sed,
938 505 971 556 ut‘
990 505 1038 556 alii
1063 506 1178 574 dicunt,
1201 525 1241 564 ae.

118 580 239 650 qualiter
257 573 417 628 succedant.
456 573 484 624 Si
512 591 575 626 vero
600 575 702 636 uliam,
731 588 890 629 etsororem
914 592 970 624 non
989 576 1018 627 in
1042 579 1166 647 capillo,
1191 582 1240 634 filia

115 646 385 704 tantumsuccedat.
422 643 449 695 Si
468 660 532 696 vero
549 661 584 696 ne
605 655 681 707 ntes,
710 647 755 700 vel
771 656 866 716 neptes
884 655 1014 707 tantum,
1040 657 1239 719 caterpam,

46 741 51 750 ·
114 722 160 774 vel
181 719 256 771 filiae
274 717 325 786 ipsi
345 715 505 768 succedant.
544 661 637 768 Sedsi
657 715 759 778 filiam,
786 727 949 770 etsororeru
968 715 997 766 in
1019 719 1135 787 capillo,
1156 731 1241 774 etne.

114 799 218 863 potes,
256 789 301 842 vel
328 794 426 854 neptes
458 803 493 838 ex
521 795 599 854 parte
628 786 701 848 filii,
740 787 1077 857 aequalitersuccedant.
1135 791 1188 843 Sed
1214 802 1241 847 nt

116 863 163 914 alii
193 859 309 921 dicunt,
343 864 453 908 tautum
481 856 554 916 lilia,
583 866 611 908 et
628 867 742 926 nepotes
761 875 795 910 ex
821 867 898 926 parte
923 857 990 918 frlii,
1023 859 1180 929 aequaliter
1201 865 1239 916 rel

115 933 145 984 in
165 930 278 999 stirpem
298 926 460 986 succedant,
482 934 520 988 et,
541 937 572 979 ut
593 927 640 978 alii
660 928 768 988 dicunt,
786 936 894 980 tantum
913 936 1048 996 nepotes,
1076 931 1124 982 vel
1148 943 1235 1002 neptes

116 1020 150 1056 ex
168 1009 248 1070 parte
266 997 316 1050 lilii
345 996 505 1048 succedant.
544 997 586 1049 lta
604 997 633 1049 in
659 998 859 1051 descendentes
886 1015 994 1067 semper
1021 1001 1126 1052 ceteris
1144 1005 1238 1071 praefe-

114 1081 220 1130 rantur,
240 1067 307 1122 etsi
326 1065 553 1138 proximioribus3
574 1075 604 1119 at
625 1067 648 1119 si
671 1069 881 1122 escendentibus
910 1069 1104 1139 emancipatus
1129 1074 1238 1144 relique-

113 1144 160 1205 rit,
180 1141 259 1192 nullu
279 1137 525 1196 descendentium,
553 1155 605 1190 nec
628 1139 686 1190 ullo
707 1140 788 1191 fratre
812 1139 974 1209 superstite,
1004 1140 1097 1192 veluti
1122 1153 1236 1211 patrem,

113 1221 163 1266 aut
183 1229 274 1272 avum,
292 1209 338 1262 vel
357 1207 478 1278 aliquem
497 1209 663 1276 superiorem
682 1219 851 1276 agnatorum,
864 1209 921 1279 ipsi
940 1209 966 1262 ci
984 1212 1151 1266 succedant.
1180 1215 1235 1278 Sed,

114 1285 137 1337 si
156 1290 271 1334 matrem
299 1295 412 1348 quoque
439 1277 602 1348 reliquerit,
631 1280 675 1332 vel
703 1282 824 1351 aliquem
854 1289 1030 1346 cognatorum
1058 1285 1238 1354 superiorum,

115 1371 222 1423 semper
235 1349 342 1419 agnati,
362 1356 447 1400 matre
468 1365 580 1418 quoque
599 1358 725 1421 excepta,
747 1351 935 1422 praeferantur
954 1353 1091 1416 cognatis,
1113 1362 1143 1405 et
1161 1355 1182 1406 si
1198 1373 1241 1425 pa·

117 1435 197 1486 trem,
218 1431 246 1474 et
271 1427 396 1480 matrem,
417 1428 444 1470 et
462 1437 518 1471 non
538 1419 656 1481 fratrem,
675 1421 723 1473 sed
746 1439 882 1484 sororem,
907 1431 987 1491 pater
1013 1423 1170 1476 ascendens
1192 1444 1240 1478 non

118 1496 162 1548 his
179 1492 367 1564 praeferatur;
393 1496 480 1540 mater
498 1507 562 1544 vero
581 1491 661 1543 simul
685 1509 741 1543 non
759 1500 890 1554 vocetur,
918 1492 1047 1546 sedsola
1071 1511 1157 1550 soror.
1194 1496 1242 1548 Sed

119 1566 141 1618 si
169 1581 249 1616 avum
271 1569 425 1632 paternum,
446 1567 474 1611 et
498 1569 667 1624 maternum,
696 1571 724 1614 et
742 1561 856 1627 lintres,
884 1579 988 1615 sorores
1010 1564 1160 1633 reliquerit
1185 1583 1243 1620 con-

118 1634 294 1702 sanguineos,
318 1645 374 1680 non
394 1646 468 1688 avus,
488 1630 536 1682 sed
555 1649 638 1692 soror,
658 1649 714 1683 non
735 1631 834 1693 frater,
855 1632 921 1704 quia
936 1640 1016 1686 sunt
1038 1633 1166 1687 eiusdem
1190 1654 1243 1703 gra.

1293 943 1296 982 l

120 1707 182 1768 dus,
203 1700 357 1772 aequaliter
374 1701 534 1762 succedant,
555 1703 637 1753 etiam
656 1712 778 1756 materno
797 1705 910 1774 expulso
930 1721 987 1757 asro.
1036 1704 1083 1756 lta
1105 1707 1178 1756 enim
1193 1725 1243 1760 non
1296 1725 1297 1732 ¹

120 1791 226 1845 semper
253 1769 310 1824 fieri
337 1768 437 1831 debet,
463 1779 493 1821 ut
518 1771 609 1839 plures
634 1782 791 1837 agnatorum
815 1773 844 1825 in
864 1793 919 1825 uno
942 1777 1026 1840 gradu
1054 1776 1242 1839 manentium,

117 1847 165 1902 vel
182 1843 331 1916 proximior
349 1848 473 1906 agnatus,
491 1841 554 1904 nisi,
582 1843 647 1913 quia
670 1841 722 1896 hae
742 1846 803 1912 lege
821 1845 967 1914 excipitur,
985 1843 1190 1918 praeferantur.
1219 1847 1244 1900 Si

118 1935 183 1971 vero
202 1916 288 1968 solam
307 1921 429 1973 matrem,
449 1912 495 1964 vel
520 1914 591 1966 solos
612 1923 741 1979 cognatos
762 1915 832 1968 nilril
855 1913 993 1980 habeant,
1013 1915 1064 1970 sed
1083 1917 1171 1970 Curia
1189 1935 1244 1972 suc·

118 1989 209 2043 cedat.
249 1988 283 2038 tt
302 1983 324 2036 si
343 1983 372 2034 iu
398 1982 480 2033 sacris
495 1983 580 2062 patris
604 1987 655 2044 e'st,
674 2002 762 2054 paene
780 1986 868 2048 nulla,
887 1994 920 2039 ut
938 2004 1041 2051 servus,
1071 1996 1115 2040 est
1139 2006 1244 2044 sncces-

116 2060 165 2112 sio.
205 2058 238 2109 tt
262 2055 284 2107 si
300 2051 433 2120 migrarit,
454 2069 502 2122 qur
521 2053 592 2126 fuit,
619 2055 683 2107 dum
703 2055 783 2120 vixit,
806 2065 885 2126 pater
908 2057 936 2107 in
960 2066 1103 2126 potestate
1122 2058 1182 2110 eius
1199 2078 1244 2130 pa·

115 2130 164 2182 trie
183 2128 342 2197 relinquens
361 2132 469 2176 tanturn
488 2121 607 2186 fratrem,
629 2133 656 2176 et
678 2144 795 2178 sororem
814 2126 1050 2194 consanguineos,
1077 2146 1155 2181 soror
1172 2129 1243 2184 fratri

111 2200 294 2271 praeferatur,
315 2197 400 2250 etiam
419 2193 441 2245 si
457 2204 590 2262 superstes
609 2194 690 2248 fuerit
709 2197 810 2268 aliquis
831 2205 1023 2262 cognatorum,
1048 2216 1104 2252 nec
1123 2219 1181 2252 non
1199 2219 1244 2254 er·

118 2279 201 2340 cepta
219 2276 314 2323 matre.
351 2266 381 2318 Si
399 2280 463 2316 vero
482 2265 591 2319 fratrem
618 2269 865 2333 consanguineum,
893 2276 920 2318 et
945 2286 1064 2322 sororem
1094 2273 1242 2335 uterits'am,

116 2341 200 2392 frater
217 2338 300 2390 sorori
321 2335 467 2388 excelleat.
504 2337 533 2387 Si
556 2353 619 2388 vero
637 2355 754 2389 sororem
772 2337 1011 2402 consanguineam,
1032 2349 1060 2392 et
1080 2342 1193 2394 amitam
1215 2342 1243 2393 in

116 2411 236 2479 capillo,
267 2407 421 2476 aequaliter
439 2407 598 2460 succedant.
643 2407 707 2468 Sed,
730 2408 751 2459 si
776 2409 859 2460 aurita
879 2425 936 2460 non
960 2410 1043 2462 fuerit
1067 2412 1098 2463 in
1129 2413 1241 2482 capillo,

116 2497 190 2533 soror
208 2479 266 2547 ipsa
284 2476 425 2529 succedat.
461 2477 497 2529 dt
514 2478 536 2528 si
554 2478 647 2530 fratres
674 2479 741 2532 alios
759 2488 865 2533 tanturn
885 2478 1015 2542 uterinos,
1038 2482 1109 2533 alios
1134 2491 1243 2534 tantum

116 2548 346 2614 consanguineos,
367 2546 474 2616 aliquos
492 2547 544 2598 sibi
564 2557 680 2618 utroque
699 2551 757 2601 iure
784 2549 961 2612 coniunctos,
987 2560 1100 2604 tantum
1127 2569 1242 2604 consan-

115 2620 227 2688 guinei,
256 2628 284 2670 et
302 2628 419 2686 utroque
440 2617 500 2669 iure
520 2619 642 2670 decorati
668 2620 765 2672 ceteris
782 2619 976 2690 praeferantur.
1015 2621 1070 2673 Sed
1089 2622 1112 2672 si
1133 2623 1242 2676 fratrem

111 2689 362 2755 consanguineum,
383 2695 410 2738 et
428 2687 536 2738 fratrem
559 2690 705 2754 uterinum,
726 2689 809 2742 frater
825 2692 1050 2754 consanguineus*
1062 2693 1180 2744 uterinis
1198 2710 1243 2744 ex·

117 2763 228 2816 calleat.
268 2759 295 2810 Si
314 2758 423 2808 fratrem
442 2775 505 2811 vcro
524 2759 690 2823 legitimum,
726 2769 754 2812 et
775 2762 884 2812 fratrem
902 2763 1073 2825 naturalem,
1104 2763 1242 2829 legitimus

117 2834 143 2886 ei
163 2830 302 2883 succedat.
341 2827 434 2898 Quod,
455 2828 487 2890 si,
508 2829 580 2880 facto
596 2839 770 2893 testamento,
790 2832 907 2901 quisque
929 2831 1095 2896 decesserit,
1124 2842 1153 2885 et
1176 2834 1242 2885 hae·

115 2921 157 2956 res
176 2921 232 2954 rron
258 2898 368 2959 existit,
397 2898 494 2950 haeres
520 2900 614 2973 aliquo
641 2919 721 2964 casu,
747 2910 775 2953 et
794 2901 903 2954 iuterim
930 2902 1097 2970 proximiore
1123 2911 1240 2967 mortuo,

115 2974 254 3046 proximus
277 2987 334 3022 esse
358 2967 484 3036 incipiat,
504 2971 568 3038 qui,
595 2973 727 3024 moriente
752 2980 900 3034 testatore,
924 2989 981 3027 non
1006 2981 1064 3024 erat
1088 2974 1240 3042 proximus,

118 3045 210 3098 occiso
229 3039 359 3101 naturali,
385 3048 495 3090 tantum
513 3041 649 3104 legitimus
669 3042 808 3094 succedat.
847 3043 874 3094 Si
898 3059 962 3094 vero
980 3060 1054 3094 soror
1077 3043 1164 3096 fuerit
1182 3054 1242 3096 tan·

115 3125 186 3178 tum,
206 3133 262 3166 nou
281 3110 414 3163 succedat
431 3112 572 3162 naturalis.
611 3112 639 3162 Si
656 3132 721 3166 vero
740 3113 849 3182 aliquis,
864 3121 950 3164 matre
969 3114 1127 3182 superstite,
1148 3125 1177 3167 et
1191 3117 1241 3166 fra·

115 3197 168 3248 tre,
187 3186 232 3238 rel
251 3181 385 3236 sororibus
403 3189 512 3232 tantum
530 3182 662 3245 uterinis,
688 3184 845 3246 decesserit,
874 3199 966 3234 omnes
990 3184 1154 3236 sarecedaut.
1195 3187 1242 3238 Se·

119 3257 240 3310 cundum
260 3252 403 3324 quosdam,
423 3270 489 3314 nnn,
510 3253 557 3303 sed
578 3253 828 3314 Curiasuccedat,
854 3253 930 3323 quod
956 3262 997 3305 est
1022 3256 1140 3318 melius,
1168 3265 1197 3310 et
1214 3257 1242 3308 in

117 3329 192 3380 omni
211 3325 316 3384 ordine,
336 3323 444 3374 scilicet
462 3323 719 3386 ascendentiumet
740 3323 976 3388 descendentium,
997 3333 1070 3376 etex
1087 3325 1178 3378 latere
1196 3343 1243 3379 ve·

117 3397 254 3449 nieutium
282 3410 389 3465 semper
416 3402 528 3460 agnatus
556 3395 739 3463 praeferatur,
766 3395 819 3446 nisi
841 3394 1000 3464 excipiatur.
1047 3395 1076 3447 Si
1093 3414 1160 3449 vero
1179 3397 1243 3449 nul·

116 3469 160 3520 lus
179 3475 337 3534 agnatorum
356 3463 448 3528 fuerit,
466 3474 534 3516 tunc
548 3465 696 3534 proximior·
714 3475 844 3530 cognatus
862 3467 962 3518 veniat.
983 3465 1143 3519 Secundum
1161 3485 1243 3538 quos·

118 3539 181 3590 dam
200 3538 300 3588 nullus·
312 3534 364 3596 his,
389 3535 438 3587 sed
454 3533 539 3588 Curia
557 3535 696 3587 succedat.
741 3539 773 3586 ln
796 3535 924 3587 muliebri
942 3535 1055 3605 quidem
1082 3554 1152 3589 sexu
1179 3539 1242 3591 talis

117 3618 248 3661 teneatur
265 3605 426 3658 observatio.
465 3605 492 3657 Si
510 3604 622 3674 quidem
641 3606 740 3657 mulier
756 3607 786 3657 in
810 3607 911 3677 capillo
929 3616 1038 3659 rnortua
1057 3606 1152 3670 fuerit,
1172 3625 1245 3679 quae

43 3735 46 3740 ,
119 3679 279 3751 parentibus
298 3677 441 3746 utrisque,
466 3677 512 3729 vcl
530 3676 578 3726 uni
597 3676 749 3737 successit,
777 3685 805 3728 et
825 3694 937 3738 sorores,
957 3679 1002 3730 vel
1020 3678 1049 3728 in
1066 3678 1181 3748 capillo,
1201 3679 1246 3732 vel

118 3751 219 3820 nuptui
238 3749 351 3802 traditas
371 3746 596 3812 consanguineas,
622 3748 668 3801 vel
685 3755 814 3817 utrasque
833 3746 976 3810 habuerit,
1002 3747 1078 3816 ipsae
1097 3749 1157 3800 eius
1172 3751 1246 3801 bona

119 3821 281 3892 percipiant.
320 3819 348 3871 si
371 3835 435 3872 vern
454 3816 518 3869 ullis
537 3817 696 3886 parentibus
714 3835 769 3869 non
789 3818 969 3878 successerit,
995 3827 1022 3871 et
1040 3819 1152 3870 fratrem
1167 3828 1246 3872 'con-

82 3917 87 3934 r
119 3892 310 3957 sanguineum,
330 3897 358 3942 et
378 3905 480 3940 sorores
500 3886 646 3949 dimiserit,
666 3886 878 3945 fratertantum
896 3886 1043 3950 succedat,
1070 3889 1138 3958 quia
1163 3891 1247 3943 Mun·

120 3964 239 4016 dualdus
257 3971 305 4012 est.
343 3959 370 4010 Si
391 3977 456 4012 vero
479 3957 537 4008 filia
558 3957 641 4027 patris
659 3957 737 4010 'nibil
760 3959 901 4028 parentis,
930 3959 977 4028 qui
1004 3959 1128 4022 habuit,
1154 3979 1245 4032 posse,

120 4042 153 4086 ut
173 4051 234 4086 euru
253 4029 424 4092 succederet,
448 4038 477 4081 et
493 4037 556 4097 post
571 4027 629 4079 eius
647 4037 761 4080 mortem
782 4029 932 4098 aliquidei
951 4027 1045 4099 aliquo
1065 4031 1150 4082 modo
1182 4049 1247 4087 eve·

119 4105 201 4167 uerit,
221 4112 249 4154 et
275 4102 384 4162 fratres,
412 4108 440 4152 et
463 4116 564 4150 sorores
586 4097 746 4168 reliquerit,
775 4100 897 4169 quamvis
918 4099 1004 4168 patri,
1033 4108 1061 4152 et
1081 4101 1163 4152 matri
1189 4121 1246 4155 non

52 4210 63 4220 .,
121 4172 303 4234 successerit,
328 4184 376 4240 pro
403 4178 564 4239 perapertate
580 4177 673 4221 tamen
699 4188 802 4222 sorores
829 4170 853 4222 ei
880 4170 1039 4222 succedant.
1080 4171 1136 4224 Sed
1160 4172 1183 4222 si
1201 4192 1247 4225 so·

123 4261 195 4300 rores
213 4243 284 4296 aliae
302 4240 332 4295 in
351 4239 464 4312 capillo,
484 4238 556 4294 aliae
573 4240 675 4312 nuptui
697 4241 826 4308 traditae,
847 4239 922 4294 fratri
941 4240 1119 4308 successerit,
1148 4250 1177 4295 et
1195 4244 1248 4296 ali-
