2632 4822
84 219 158 300 832
276 263 279 270 ⁴
481 235 593 296 naurs
616 239 813 302 assuerus

177 617 551 695 AISTULPHI
603 619 804 697 REGIS
860 625 1117 704 LEGES.

78 974 231 1054 iudicate,
245 975 320 1059 filii
344 976 516 1054 bominum,
539 990 569 1037 et
589 979 684 1040 alibi.-
711 983 869 1044 iustitiam
892 984 1018 1066 dicite,
1052 993 1113 1073 qui
1128 993 1208 1054 babi-

79 1061 153 1124 tatis
179 1072 307 1137 terram,
334 1059 408 1142 quia
429 1059 528 1118 iustus
551 1061 706 1123 Dominus
733 1065 891 1128 iustitiam
917 1068 1061 1151 diligit,
1083 1073 1141 1133 illa
1158 1097 1208 1137 nos

80 1141 191 1204 sedule
220 1143 364 1202 convenit
388 1139 489 1217 scire,
511 1155 545 1202 ut
569 1157 676 1222 gentes
699 1146 790 1208 nobis
813 1153 1011 1213 commissae
1037 1158 1076 1215 in
1095 1155 1205 1220 iudicia

78 1247 142 1288 non
162 1236 349 1304 graventur,
376 1234 407 1282 et
432 1226 641 1308 omnipotenti
666 1228 756 1307 Deo,
784 1232 876 1290 cicius
903 1237 1127 1318 opitulatione
1149 1261 1206 1321 reg-

77 1328 200 1384 namus,
225 1307 259 1365 in
280 1305 423 1366 omnibus
441 1306 569 1388 placere
591 1309 762 1387 valcamus,
785 1313 1007 1378 Decessornm
1030 1333 1205 1384 nostrorum

78 1400 242 1472 sequentes
269 1387 427 1470 exempla,
453 1390 509 1468 qui
533 1389 718 1454 Rcdcmtori
741 1404 881 1455 omnium
902 1402 1097 1462 seculorum
1119 1405 1204 1485 pleno

74 1485 204 1558 pectore
224 1469 353 1553 placere
380 1467 613 1549 desiderando,
639 1495 700 1556 pro
721 1477 783 1539 sibi
806 1481 1001 1542 commissae
1029 1489 1137 1564 gentis
1158 1509 1204 1568 gu·

77 1554 285 1631 horontiano,
321 1565 355 1613 ut
383 1566 470 1614 recto
501 1552 715 1618 moderamine
743 1573 948 1641 regerentur,
991 1567 1204 1651 imposuerunt

75 1637 172 1716 leges.
212 1635 359 1707 Idcirco
381 1635 455 1715 Ego
477 1635 541 1696 Dei
563 1639 783 1722 omnipotentis
803 1645 930 1705 auxilio
949 1645 1109 1730 Astulfus
1124 1673 1205 1733 prac-

77 1721 179 1781 celsus
208 1717 390 1778 Catholicae
416 1720 519 1798 gentis
545 1719 827 1800 Langobardorum
849 1725 939 1805 Rex,
962 1750 1204 1812 praecessorum

77 1813 259 1862 nostrorum
287 1801 408 1861 omnia·
431 1802 575 1862 instituta
598 1824 659 1884 per
681 1805 817 1886 cudens,
863 1813 1024 1888 quoniam
1053 1815 1203 1896 quaedam
1249 1838 1251 1849 ⁵

75 1882 195 1946 ibidem
219 1883 476 1964 reperimusnon
496 1825 683 1944 adneradb
709 1889 820 1970 quibus
839 1894 1010 1954 maximus
1031 1917 1130 1958 error
1150 1917 1203 1960 na·-
1262 1919 1263 1922 ’

76 1978 160 2028 stros
176 1963 302 2026 ludices
321 1962 367 2023 ad
384 1959 492 2026 danda
513 1965 638 2027 Iudicia
652 1969 841 2048 involvebat,
861 1970 961 2036 Anao
979 1981 1096 2040 Primo
1115 1977 1147 2064 c)
1156 1981 1203 2063 fe·

76 2050 222 2110 licissimi
245 2047 345 2127 Regni
372 2049 476 2106 nostri
495 2049 529 2107 in
553 2049 617 2108 Dei
642 2053 789 2125 nomine,
813 2053 1043 2121 Kalendarum
1071 2063 1203 2124 Martia-
1250 2098 1251 2101 ¹

78 2152 161 2204 rum,
184 2129 365 2190 indictione
390 2128 466 2190 VII.
494 2133 672 2192 convocatis
693 2155 736 2196 cx
764 2134 899 2196 diversis
926 2144 1085 2222 partibus
1111 2145 1203 2224 Regni
1249 2186 1250 2189 =

76 2215 181 2276 nostri
200 2211 373 2289 ludicibus,
397 2215 555 2272 communi
578 2214 710 2276 consilio
732 2217 767 2276 in
789 2217 901 2299 Edisti
918 2227 1080 2303 paginam
1113 2227 1202 2309 qffigi

74 2298 357 2375 statuimus,‘quae
378 2293 597 2356 Excellentiae
615 2311 741 2358 nostrae
762 2301 846 2360 iusta
863 2315 895 2362 et
915 2305 991 2366 Deo
1005 2322 1104 2386 grata
1119 2330 1200 2370 com-

72 2381 262 2463 paruerunt,
286 2392 437 2460 quatenus
468 2389 499 2436 et
524 2379 648 2438 iustitia
671 2394 811 2458 maneat,
843 2395 875 2443 ct
896 2400 1092 2452 nostrorum
1112 2389 1200 2452 Iudi·

85 2479 157 2522 cum
183 2458 303 2521 iudicio
329 2460 431 2520 omnis
453 2459 628 2521 obscuritas
654 2461 858 2534 illuminetur.
1250 2478 1268 2491 ⁶

479 799 596 841 rucrrrr
629 781 809 847 Pronoeus.

162 893 320 978 Quoniam
329 892 520 976 Proplretr'ca
532 915 590 958 nos
604 898 784 960 vaticinatio
801 898 962 964 admonet
973 903 1116 968 dicens.-
1134 911 1208 971 Iuste

1246 1570 1252 1604 l

233 2607 280 2659 Ius
300 2608 367 2673 gerit
389 2607 554 2679 Aistulphus
576 2609 696 2664 residens
716 2611 745 2665 in
762 2612 881 2680 margine
901 2631 996 2670 cusus.
1022 2617 1057 2692 d)

159 2713 188 2776 I.
229 2711 413 2772 Recolimns
431 2712 465 2770 in
487 2711 657 2773 anterioris
672 2712 779 2774 Edieti
798 2716 916 2798 pagina
936 2741 1012 2784 esse
1034 2724 1201 2806 insertum,
1248 2714 1250 2743 ³

73 2802 110 2855 nt
138 2791 165 2854 si
195 2791 296 2853 frater
322 2792 500 2854 decesserit
522 2793 643 2875 absque
668 2793 742 2859 filiis
768 2807 800 2858 et
828 2799 981 2882 filiabus,
1015 2815 1049 2868 et
1076 2829 1202 2872 sorores
1248 2804 1249 2843 ³

71 2873 264 2958 reliquerit,
300 2876 387 2956 ipsae
418 2873 555 2937 heredes
588 2876 619 2938 ei
651 2879 871 2960 succederent.
923 2885 1010 2947 Nam
1043 2889 1201 2954 amitanes

60 2979 205 3022 suorum
226 2968 380 3040 nepotum
398 2957 635 3019 successionem
666 2961 758 3022 nullo
782 2963 878 3024 modo
893 2985 1014 3048 capere
1035 2982 1202 3054 poterant,

72 3042 150 3139 qnia
177 3039 259 3100 nihil
274 3040 325 3102 de
351 3038 466 3101 iisdem
496 3040 600 3108 amitis
623 3040 657 3101 in
683 3042 752 3124 ipso
774 3046 962 3111 continetur
984 3053 1126 3129 Edictn;
1149 3057 1201 3118 ni.

71 3147 99 3188 ει
125 3132 180 3186 aut
206 3143 356 3200 sorores,
388 3130 444 3183 aut
468 3133 618 3204 parentes
656 3126 829 3209 propinqui
858 3134 1118 3201 succedebant'
1159 3141 1202 3202 Et

72 3209 150 3269 dum
184 3203 395 3268 remanebant
425 3205 460 3264 in
500 3204 619 3287 capillo
647 3207 855 3272 'inordinatae
894 3224 927 3275 et
963 3216 1001 3276 in
1032 3241 1109 3282 casa
1142 3244 1201 3303 pa.

70 3291 191 3352 tientes
222 3288 464 3366 necessitatem,
486 3286 586 3350 serris
616 3309 649 3350 se
671 3291 874 3373 copulabant.
924 3297 1004 3360 Ideo
1033 3323 1096 3364 nos
1128 3305 1200 3365 Deo

71 3371 250 3456 inspirante
284 3380 425 3432 statuere
454 3368 692 3452 praevidimus,
734 3382 770 3434 ut
798 3374 826 3435 si
856 3377 929 3458 quis
960 3382 1199 3466 Langobardos

72 3455 215 3516 moriens
242 3473 386 3514 sororem
408 3474 517 3531 unam,
543 3461 599 3513 aut
619 3454 728 3534 plures
755 3454 789 3515 in
812 3460 936 3540 capillo*
962 3462 998 3524 in
1031 3488 1105 3528 casa
1122 3469 1200 3531 reli·

72 3536 192 3621 querit,
213 3544 245 3597 et
268 3535 372 3596 tilium
393 3555 496 3596 unum
519 3543 574 3595 aut
596 3535 718 3617 plures,
743 3537 804 3598 filii
823 3539 923 3622 ipsius
949 3546 1093 3609 debeant
1120 3572 1199 3633 per-

71 3639 208 3705 pensare
230 3617 372 3700 qualiter
391 3616 545 3678 amitanes
578 3617 697 3700 absque
719 3623 909 3686 necessitate
925 3626 1038 3692 rivere
1057 3633 1198 3714 possint,

71 3701 250 3765 secundum
276 3699 464 3783 qualitatem
485 3701 679 3762 substantiae
704 3723 798 3780 snae,
836 3713 874 3765 ut
892 3710 1058 3774 samitanes
1080 3736 1200 3777 eornm

72 3783 377 3868 indigentiammon
424 3783 577 3854 atiantur,
609 3804 716 3866 neque
737 3784 779 3847 de
802 3787 900 3868 victu,
924 3811 1034 3875 neque
1062 3796 1104 3858 de
1126 3821 1199 3860 ves.

71 3869 219 3945 timento,
239 3865 296 3928 sed
313 3885 374 3926 nec
398 3803 439 3927 be
462 3865 531 3948 ipso
548 3865 702 3947 obsequio
716 3875 803 3934 stro.¹
825 3870 868 3932 Et
889 3872 917 3932 si
941 3872 976 3934 in
1002 3877 1106 3939 Sacro
1124 3882 1200 3942 Μο-

73 3950 215 4014 nasterio
233 3947 293 4011 sub
316 3957 433 4010 statuta
456 3948 580 4032 Regula
600 3947 712 4011 vivere
741 3952 924 4033 voluerint,
954 3957 996 4020 ab
1020 3957 1105 4045 ipsis
1132 3965 1199 4026 suis

144 4189 170 4262 ο)
187 4187 304 4258 Legem,
319 4188 427 4263 quim,
499 4183 597 4260 mn.
617 4187 685 4242 eod.
706 4205 809 4246 cursus.
