2684 4868
156 272 230 346 ota
334 279 747 380 inersnnmornoauu
767 284 832 338 ιιι.
862 286 908 342 rx.
935 287 1004 343 nr.
1024 287 1062 342 ιι.

154 427 257 494 nostri
278 423 339 489 sub
367 418 512 506 generali
533 429 566 481 et
586 421 768 483 omnimoda
791 423 1020 488 constitutione
1040 426 1267 512 praecipimus,
1310 429 1313 437 ⁴

155 523 193 575 ut
205 507 423 572 inconstitnto
435 511 530 584 atque
545 505 715 584 praefinito
730 505 782 568 die
792 506 843 570 vel
859 517 1014 591 tempore,
1030 532 1097 592 quo
1108 519 1163 572 aut
1174 515 1269 575 Prin.

156 617 231 678 ceps
252 586 486 653 inexercitum
511 585 559 645 ire
584 585 766 650 decreverit
779 634 789 666 ,
818 598 874 650 aut
900 593 1080 672 quemlibet
1099 594 1138 655 de
1160 597 1261 657 Duci—
1293 631 1299 644 .

154 679 215 740 bus
236 675 289 738 vel
312 668 490 733 Comitibus
515 668 739 750 proiecturum
770 670 804 732 iu
827 671 956 754 publica
977 675 1116 736 utilitate
1138 699 1270 759 praees.

154 759 250 845 perit:
284 751 429 838 quisquis
458 750 515 810 ille
536 751 605 811 sive
629 752 883 815 admonitionem
902 755 1075 820 cuiuslibet
1100 760 1266 843 suscipiat,

154 863 212 906 sen
236 840 331 902 etiam
358 856 419 897 neo
449 830 659 912 admonitus,
699 835 846 917 qnalibet
881 847 986 899 tamen
1017 841 1202 923 cognitione
1232 843 1268 906 id

153 925 288 1000 sentiat,
309 918 360 982 vel
387 935 585 999 quocunque
609 915 669 977 sibi
691 917 813 980 indicio
835 919 1026 1000 innotescat,
1049 944 1114 1005 quo
1139 925 1173 983 in
1194 926 1266 986 1000

154 1006 316 1069 exercitus
343 1000 523 1061 bellaturus
551 999 703 1076 accedat,
735 1000 822 1061 domi
853 1002 989 1066 ulterius
1022 1005 1165 1067 residere
1198 1029 1265 1069 non

154 1089 288 1163 audeat,
312 1105 372 1144 nec
397 1081 658 1164 qualemcunque
678 1083 925 1144 remorationem
950 1086 1002 1147 vel
1027 1091 1267 1152 excusationem

153 1173 359 1256 profecturus
385 1162 551 1224 exhibeat:
580 1163 636 1225 sed
660 1163 800 1226 definitis
832 1165 911 1228 locis
936 1179 1032 1249 atque
1054 1171 1265 1253 temporibus,

154 1255 244 1314 iuxta
265 1249 354 1332 quod
375 1267 449 1307 eum
465 1245 517 1304 vel
535 1242 632 1306 iussio
652 1246 840 1328 principalis
858 1250 1031 1327 monuerit,
1043 1252 1095 1312 rel
1117 1254 1267 1318 admoni-

153 1331 369 1397 tioDncisrel
379 1327 523 1405 Comitis,
537 1326 662 1404 liutadi,
673 1329 784 1390 vicarii
797 1353 855 1392 seu
867 1332 1039 1393 cuiuslibet
1048 1355 1159 1396 curam
1172 1358 1268 1420 agen.

153 1419 196 1480 tis
211 1415 364 1498 tetigerit,
381 1419 541 1495 praestum
555 1430 588 1470 se
604 1411 824 1495 unnsquisque
841 1412 974 1474 delinito
989 1417 1062 1477 loco
1078 1418 1132 1479 vel
1146 1429 1269 1502 tempo.

154 1521 190 1564 re
208 1497 367 1560 exhibeat.
401 1495 467 1553 Iam
486 1491 604 1554 verosi
625 1494 770 1575 quisquis
791 1495 848 1557 ille
868 1497 1070 1577 admonitus,
1096 1499 1149 1560 vel
1169 1503 1266 1568 etiam

154 1583 182 1646 si
206 1603 266 1642 nec
292 1577 484 1652 admonitus,
507 1583 663 1634 ettamen
686 1577 830 1657 qualibet
851 1579 1036 1661 cognitione
1061 1581 1189 1644 sibimet
1212 1585 1265 1644 in.

155 1672 343 1726 notescente
363 1681 428 1720 non
449 1656 589 1727 nescius,
607 1667 663 1718 aut
674 1660 825 1740 progredi
839 1663 944 1721 statim
958 1662 1117 1742 noluerit,
1140 1675 1195 1726 aut
1211 1667 1266 1746 de:

154 1746 254 1807 linitis
272 1745 350 1806 locis
364 1751 460 1824 atque
476 1739 674 1821 temporibus
690 1753 833 1820 praestus
845 1764 912 1805 esse
924 1743 1081 1806 destiterit
1095 1768 1102 1808 s
1124 1749 1149 1809 si
1163 1749 1266 1808 maio-

153 1831 199 1891 ris
218 1829 281 1890 loci
296 1845 432 1910 persona
444 1821 554 1898 fuerit,
573 1821 606 1882 id
623 1831 671 1883 est
687 1826 774 1902 Dux,
792 1828 917 1903 Comes,
932 1826 999 1889 sive
1014 1828 1110 1889 etiam
1124 1832 1265 1892 Gardin.

154 1933 223 2000 gus,
239 1933 257 1970 a
273 1909 366 1971 bonis
387 1904 524 1990 propriis
538 1925 578 1964 ex
599 1911 668 1965 toto
678 1906 834 1987 privatus,
851 1909 942 1969 exilii
957 1909 1154 1991 relegatione
1177 1913 1266 1974 iussu

171 1993 262 2076 regio
278 1991 494 2072 mancipetur:
508 1986 550 2046 ita
568 1997 604 2047 ut
616 1988 704 2067 quod
717 1990 905 2073 principalis
917 1991 1095 2054 sublimitas
1108 1995 1148 2055 de
1167 1995 1266 2058 rebus

156 2077 225 2138 eius
242 2075 383 2136 iudicare
400 2070 546 2152 elegerit,
565 2069 599 2129 in
617 2091 692 2131 snae
706 2072 853 2153 persistat
866 2074 1029 2155 potestatis
1043 2077 1185 2142 arbitrio,
1213 2079 1267 2138 ln.

146 2160 289 2222 'fcriores
312 2176 386 2220 sane
407 2154 604 2232 vilioresquc
630 2174 805 2234 personae,
838 2155 1008 2238 tbiuphadi
1038 2160 1172 2238 scilicet,
1200 2183 1266 2222 om.

152 2243 271 2323 nisque
301 2237 461 2301 exercitus
486 2235 722 2316 compulsores,
752 2238 805 2299 rel
827 2236 862 2297 hi
884 2240 940 2319 qui
966 2242 1218 2325 compelluntur,
1237 2243 1265 2304 si

154 2334 211 2384 aut
234 2323 268 2382 in
292 2320 472 2383 exercitum
499 2319 611 2379 venire
637 2317 840 2397 distulerint,
862 2330 917 2381 aut
942 2322 976 2381 in
1006 2324 1083 2384 loco
1104 2325 1157 2386 vel
1182 2333 1265 2385 tem-

152 2426 232 2490 pore
258 2403 432 2464 constituto
457 2399 588 2460 minime
607 2402 826 2479 occurrerint,
850 2403 902 2464 vel
925 2405 1085 2485 proficisci
1109 2407 1262 2488 neglexe.

152 2487 241 2562 rint,
271 2506 328 2546 scu
350 2485 390 2544 de
415 2481 620 2564 expeditione
650 2482 779 2563 publica
804 2505 1000 2568 quocunque
1020 2488 1142 2548 fraudis
1170 2510 1261 2548 com..

152 2579 263 2630 mento
293 2565 475 2646 alfagiendo
514 2583 546 2624 se
578 2563 836 2645 substraxerint,
876 2589 941 2627 ιιοιι
966 2571 1069 2630 salum
1103 2571 1263 2630 ducente.

152 2654 203 2714 nis
224 2649 340 2710 ictibus
361 2645 561 2728 flagellorum
587 2646 765 2719 verberati,
799 2649 854 2710 sed
877 2660 909 2710 et
929 2653 1016 2735 turpi
1039 2652 1261 2712 decalvatione

151 2733 301 2809 foedati,
331 2729 472 2811 singulas
508 2727 641 2808 insuper
666 2728 763 2790 libras
790 2732 859 2792 auri
886 2744 1042 2815 cogantur
1068 2733 1259 2810 exsolvere,

152 2837 231 2898 quas
261 2812 449 2896 principalis
474 2820 610 2892 potestas
633 2811 685 2871 cui
708 2810 819 2894 largiri
842 2814 1035 2892 decreverit,
1060 2817 1110 2877 sui
1135 2825 1263 2877 maneat

150 2900 382 2962 incunctanter
404 2893 524 2953 arbitrii
546 2897 592 2970 x).
642 2894 787 2972 Quodsi
808 2918 873 2957 non
897 2896 1046 2960 habuerit
1067 2897 1161 2960 unde‘
1176 2898 1262 2959 banc

172 3103 175 3110 ,
223 3052 254 3123 x)
271 3051 316 3103 Al.
335 3067 393 3100 mss.
414 3047 534 3098 cirbitrii.
574 3044 650 3098 Unde
668 3064 711 3099 res
735 3048 846 3116 ipsein
869 3049 1004 3118 principis
1028 3065 1186 3121 potestatem
1210 3053 1263 3108 ite·

153 3141 213 3178 rum
232 3125 329 3174 veniat
346 3132 412 3170 tune
431 3116 462 3168 id
478 3116 657 3168 irrevocabili
681 3119 876 3171 constitutione
902 3122 1056 3184 tenebitur,
1083 3137 1112 3176 ιιι
1138 3127 1219 3176 esiam
1237 3127 1265 3176 si

153 3197 211 3263 ipse
230 3211 288 3245 eam
306 3189 406 3240 babere
425 3206 482 3238 non
500 3187 648 3246 meruerit,
668 3190 718 3255 qui
734 3205 793 3238 eam
811 3191 888 3255 prius
906 3193 1031 3261 aceepit,
1058 3195 1089 3244 in
1108 3196 1173 3246 aliis
1183 3193 1263 3267 fide-

154 3265 225 3316 libus
244 3266 384 3331 transjusa
403 3276 446 3309 res
466 3259 525 3326 ipsa
542 3256 680 3326 proficiat.
719 3258 836 3308 Tantum
861 3272 900 3311 est
924 3273 954 3313 ut
978 3267 1009 3313 in
1028 3264 1103 3315 illius
1122 3266 1197 3317 ultra
1213 3283 1265 3335 po.

141 3331 275 3386 ,ustatem
295 3347 351 3381 non
368 3340 508 3386 transeut,
534 3327 583 3398 qui
601 3329 631 3377 in
653 3329 824 3395 profectione
843 3328 943 3381 bellica
971 3330 1085 3396 tardus,
1121 3347 1147 3386 et
1171 3333 1265 3404 digni·

153 3416 210 3454 tate
229 3402 310 3453 semel
328 3400 433 3452 exstitit
448 3399 592 3467 privatus,
612 3409 638 3448 et
655 3397 742 3448 rebus.
782 3397 857 3449 Sane
884 3397 965 3451 duces
992 3419 1101 3464 amnes,
1127 3407 1265 3456 seniores.

153 3491 207 3546 que
224 3471 327 3541 palatii
344 3467 383 3519 ad
398 3465 554 3520 huiusmodi
573 3469 735 3518 sententiam
761 3466 877 3518 obnoxii
893 3471 1073 3534 tenebuntur,
1099 3477 1264 3594 quicumpue

150 3544 260 3612 fuerint
276 3539 426 3608 superioris
441 3537 584 3607 praecepti
600 3549 813 3606 transgressores
831 3539 948 3591 inuenti.
976 3542 1091 3593 Necnon
1109 3555 1135 3594 et
1153 3544 1197 3594 illi
1234 3563 1266 3594 ιι.

154 3609 273 3665 iusmodi
290 3609 477 3660 damnationis
495 3608 658 3660 sententiam
676 3608 865 3668 merebuntur,
893 3612 943 3680 qui
968 3623 1016 3662 aut
1039 3609 1071 3662 de
1091 3613 1162 3665 bello
1189 3614 1266 3682 resu-

154 3684 254 3752 giunt,
279 3681 377 3730 autin
396 3679 495 3730 bellica
519 3677 690 3746 profectione
708 3679 868 3737 cuintituti,
896 3693 976 3730 extra
998 3683 1116 3732 senioris
1141 3684 1186 3734 sui
1201 3700 1266 3752 per.

154 3755 263 3804 missum
281 3749 351 3800 alibi
373 3765 535 3819 properasse
558 3749 740 3814 reperiuntur.
775 3745 811 3798 Id
834 3759 925 3800 tamen
951 3751 982 3800 in
1007 3750 1059 3803 bac
1084 3750 1175 3803 eadem
1198 3770 1266 3821 pro.

154 3823 313 3891 gressione,
339 3832 393 3870 tam
413 3821 443 3868 in
460 3819 592 3868 maiorum
611 3834 692 3888 quam
708 3817 739 3865 in
756 3819 891 3868 minorum
908 3823 1032 3885 personis
1055 3833 1094 3872 ρει
1117 3821 1266 3873 observan,

156 3890 238 3955 dum,
259 3904 287 3942 ut
305 3889 330 3940 si
347 3889 464 3961 quilibet
481 3887 531 3938 sub
550 3888 631 3954 gravi
649 3886 824 3954 aegritudine
843 3891 991 3940 consistens
1009 3891 1085 3942 nullo
1104 3889 1182 3942 modo
1199 3911 1268 3961 pro.

90 3977 95 3989 ·
147 3960 301 4036 ficissendi
318 3959 419 4010 babeat
437 3959 524 4018 vires,
552 3957 644 4005 statim
662 3957 718 4006 loci
735 3957 810 4008 illius
838 3957 886 4008 vel
904 3960 1040 4012 territorii
1056 3963 1209 4030 episcopum
1229 3981 1245 4012 a

155 4050 222 4083 suae
241 4028 424 4100 aegritudinis
442 4023 641 4096 inspiciendam
659 4027 808 4077 molestiam
828 4027 987 4080 veniendum
1013 4043 1137 4100 exoptet,
1166 4028 1197 4082 id
1213 4044 1267 4092 est,

157 4113 188 4152 ut
207 4101 284 4152 illum
303 4119 337 4152 ex
355 4100 487 4168 episcopis
505 4099 671 4166 inspectores
688 4114 755 4148 suae
772 4096 957 4166 aegritudinis
976 4099 1109 4163 advocet,
1138 4103 1169 4152 in
1186 4103 1268 4152 cuius

156 4171 299 4222 territorio
318 4170 359 4222 vel
375 4169 526 4239 provincia
553 4181 602 4218 aut
619 4165 772 4237 infirmasse
789 4169 818 4218 ei
834 4170 999 4237 eontigerit,
1024 4183 1074 4222 aut
1097 4173 1267 4231 immorasse,

156 4241 199 4294 vel
216 4257 250 4295 es
268 4240 387 4294 aliorum
404 4237 547 4292 territorio
565 4237 710 4290 advenisse
728 4239 883 4307 eontigerit.
917 4239 988 4292 Nam
1007 4242 1034 4294 ei
1050 4241 1135 4294 aliter
1151 4258 1210 4292 non
1227 4253 1270 4295 ese
