2632 4822
73 237 149 318 788
320 253 569 312 normanni
605 255 731 312 trouu
766 256 830 312 trs.
849 257 896 312 vc

72 421 141 466 sam
161 395 313 460 habuerit
333 417 408 458 cum
429 395 661 480 qualicumque
681 395 825 478 homine,
847 396 1007 462 similiter
1029 395 1142 460 faciat
1160 395 1207 460 Ιιι·Ι

73 483 138 546 dex
158 489 310 566 parentes
323 479 423 563 ipsius
447 477 559 542 venire
580 479 792 564 propinquos,
815 490 849 544 et
870 479 1012 544 accedat
1032 482 1079 542 ad
1103 483 1209 544 locum

73 588 149 644 cum
170 564 247 648 ipsis
268 561 475 645 parentibus,
503 571 535 622 et
556 562 714 624 deliberet
734 586 878 626 caussam
899 571 1017 648 ipsam.
1031 585 1099 646 per
1122 565 1209 626 iusti-

74 651 151 712 tiam
174 657 207 708 et
228 645 324 706 faciat
355 645 500 705 notitiam
524 644 556 704 in
579 665 718 728 quorum
740 647 923 731 praeseutia
947 667 1090 708 causam
1114 648 1209 732 ipsam

75 729 321 798 deliberaverit;
346 738 378 805 et
395 727 572 790 iudicatum
592 750 687 791 suum
708 731 842 809 emittat,
861 737 898 792 ut
919 729 1008 814 ipse,
1032 729 1100 814 qui
1122 754 1209 794 caus·

74 836 142 878 sam
164 833 253 874 suam
274 809 413 894 quaerit,
435 832 502 872 nou
524 811 638 894 perdat
659 813 811 874 iustitiam
841 835 933 875 suam
964 835 1030 897 pro
1055 815 1209 897 eo,quod

74 897 144 982 ipae
168 895 275 955 infans
306 893 389 954 infra
412 903 548 955 aetatem
570 916 638 956 esse
657 895 796 960 videtur.
855 895 966 959 Iudex-
989 905 1111 958 autem
1132 919 1208 981 quo·

74 979 172 1042 modo
195 976 405 1054 ordinaverit,
428 985 483 1036 aut
504 977 646 1058 qualiter
666 979 782 1048 lecerit
802 999 944 1042 caueam
969 978 1008 1038 in
1032 979 1093 1041 his
1116 980 1207 1064 Cepi·

55 1085 58 1092 ’
75 1061 154 1124 tulis
178 1061 220 1122 de
241 1081 280 1120 eo
303 1059 361 1142 qui
383 1059 466 1123 iufra
480 1069 616 1122 aetatem
633 1071 692 1139 est,
705 1061 822 1123 habeat
841 1059 1093 1126 retributorem
1108 1063 1209 1124 Deum

75 1145 353 1227 omnipotentem,
375 1142 444 1204 sive
469 1142 629 1220 inbono,
652 1145 717 1206 sive
740 1143 774 1206 in
797 1145 892 1206 malo.
932 1145 981 1208 Et
1008 1148 1139 1210 missus
1160 1146 1208 1208 ille

72 1250 177 1312 ,quem
198 1225 304 1288 ludex
325 1223 493 1302 direxerit,
516 1248 574 1309 pro
596 1225 794 1290 diffiniendis
822 1228 966 1306 caussis,
997 1249 1092 1312 quas
1122 1251 1209 1312 supra

76 1310 242 1388 diximus,
269 1307 296 1370 si
319 1307 352 1366 in
375 1308 516 1392 aliquam
537 1310 713 1392 partemin
735 1311 1096 1374 fraudemcorsuum
1119 1311 1209 1375 decli·

77 1395 221 1472 neverit,
246 1399 302 1450 aut
322 1390 439 1452 fecerit
468 1413 505 1452 ea
525 1413 609 1474 quae
629 1401 811 1477 opportuna
833 1415 898 1455 non
921 1400 1017 1476 s'uut,
1042 1405 1086 1456 ut
1109 1395 1208 1458 infans

77 1479 231 1540 'damnum
252 1473 370 1535 habeat
399 1474 456 1555 qui
479 1474 564 1535 infra
584 1486 720 1538 aetatem
742 1487 802 1556 est,
824 1486 856 1538 et
891 1498 960 1540 nou
998 1478 1131 1540 fecerit
1163 1499 1208 1539 ae·

77 1559 278 1644 qualitatem,
301 1564 334 1618 et
353 1557 523 1640 probatum
544 1557 665 1637 suerit,
694 1560 783 1642 quod
807 1559 956 1621 fraudem
974 1561 1142 1642 fecisset,
1163 1569 1208 1622 aut

77 1641 258 1705 colludium
279 1649 392 1700 contra
412 1640 518 1723 ipsum
539 1640 696 1702 infantem
718 1643 898 1721 statuisset,
921 1641 965 1704 de
987 1644 1138 1728 proprio
1159 1665 1209 1707 suo

76 1723 350 1806 restauret,-quod
370 1723 598 1786 fraudulenter
619 1724 738 1786 divisit.
779 1727 848 1787 Hoc
870 1734 983 1787 autem
1000 1727 1086 1788 ideo
1103 1728 1208 1810 proin·

78 1809 119 1871 de
142 1809 301 1886 dicimus,
323 1813 360 1866 ut
380 1805 486 1867 infans
509 1805 584 1884 ille,
610 1808 669 1889 qui
690 1830 832 1871 caussam
854 1831 943 1870 suam
966 1810 1084 1872 nescit
1108 1807 1208 1896 legiti-

79 1912 132 1956 me
154 1911 348 1974 procnrare,
377 1887 529 1948 damnum
552 1912 616 1950 non
639 1890 764 1953 habeat.
857 1892 901 1952 ll.
923 1913 976 1966 aq.
1001 1905 1033 1968 4.

148 1991 229 2026 roan.
265 1971 343 2024 Patre
360 1979 388 2023 te
406 1971 527 2040 appellat
549 1973 693 2036 Martinus,
714 1973 789 2046 quod
804 1984 835 2028 tu
848 1983 926 2028 tenes
942 1957 999 2026 {ibi
1018 1975 1103 2029 malo
1123 1973 1208 2028 ordine

78 2053 177 2099 terram
199 2043 228 2094 in
247 2043 298 2096 tali
315 2044 385 2094 loco.
422 2041 481 2092 Non
499 2041 550 2093 tibi
569 2043 729 2113 respondeo,
749 2046 815 2115 qnia
833 2062 899 2098 ecce
920 2045 1042 2108 noticia,
1064 2061 1208 2117 perquam

79 2125 112 2172 tu
132 2114 222 2167 fecisti
246 2113 313 2164 mihi
331 2114 412 2165 finem
434 2111 469 2162 ‹le
487 2113 545 2183 ipsa
562 2123 652 2178 terra,
680 2117 791 2186 quando
809 2126 840 2168 tu
860 2128 916 2168 eras
935 2115 1009 2167 infra
1025 2125 1165 2168 aetutem.

151 2187 228 2240 Petre
247 2193 276 2236 te
295 2185 417 2253 appellat
433 2185 587 2246 Martinus,
613 2186 688 2256 quod
709 2187 820 2255 quando
838 2186 895 2255 ipse
913 2194 975 2236 erat
992 2187 1071 2237 infra
1093 2195 1207 2238 aetatem

79 2255 194 2312 volebat
211 2253 332 2308 dividere
350 2270 413 2308 cuna
430 2255 485 2306 suis
502 2254 646 2318 fratribus,
674 2265 702 2308 et
719 2257 816 2308 Comes
834 2266 921 2308 terrae
944 2255 1024 2310 misit
1050 2265 1084 2310 te
1102 2257 1152 2310 ‘uel
1172 2258 1207 2328 ip·

81 2345 138 2380 sam
157 2325 327 2388 divisionem,
348 2331 375 2376 et
394 2341 442 2393 per
461 2334 536 2377 tuam
555 2325 678 2378 fraudem
696 2325 749 2378 suit
767 2328 911 2380 damnatus
930 2327 982 2380 sol.
1004 2328 1037 2383 C.

166 2395 295 2458 LXXV.
339 2395 492 2472 (XXll.)
533 2395 693 2478 Religiosa
707 2398 838 2474 femina,
853 2418 936 2479 quae
954 2408 1090 2464 vestem
1114 2408 1147 2460 et
1162 2395 1209 2460 ha·

81 2478 186 2540 bitum
206 2486 333 2538 sauctae
354 2475 522 2560 religionis
544 2479 577 2538 in
601 2500 635 2540 se
656 2480 842 2562 susceperit,
865 2487 897 2540 et
919 2478 945 2540 si
968 2480 1156 2562 contigerit
1174 2499 1209 2540 er

82 2568 240 2644 peccato,
269 2570 305 2619 ut
328 2561 524 2622 adulterium
555 2562 738 2622 voluntarie
770 2564 970 2638 committat,
1007 2563 1208 2644 quicumque

85 2647 185 2726 ipsam
206 2642 483 2702 sanctimonialem
505 2643 657 2704 feminam
679 2645 894 2721 adulteravit,
916 2655 1098 2728 componat
1120 2645 1208 2708 solid.

86 2713 160 2802 CC„
182 2725 259 2806 quia
282 2725 321 2786 de
343 2725 542 2786 secularibus
564 2726 693 2790 feminis
707 2729 858 2790 Edictum
881 2727 1042 2804 continet,
1068 2738 1108 2791 ut
1130 2751 1209 2790 com·

84 2818 250 2894 ponantur
264 2827 322 2888 pro
344 2808 504 2868 adulterio
525 2808 620 2870 solid.
634 2812 670 2871 C.
711 2811 753 2871 Et
773 2833 832 2872 uns
850 2811 1078 2894 prospeximus
1102 2829 1208 2874 veram

88 2888 156 2953 esse
180 2890 354 2966 iustitiam,
375 2899 411 2949 ut
433 2891 496 2949 Dei
518 2891 746 2974 omnipotentis
769 2915 899 2971 caussa,
927 2901 962 2954 'et
982 2904 1120 2954 sanctae
1141 2893 1207 2954 eius

88 2973 266 3038 Genitricis
288 2972 419 3048 Mariae,
442 2972 534 3034 cuius
561 2985 686 3036 vestem
712 2977 871 3060 suscepit,
894 2975 1098 3058 duplicetur.
1160 2979 1206 3036 De

86 3056 224 3142 pecunia
247 3064 353 3114 autem
376 3053 520 3115 eiusdem
535 3055 710 3140 religiosae
726 3059 891 3136 feminae,
915 3079 998 3141 quae
1010 3103 1021 3137 ,
1043 3059 1138 3140 quod
1159 3057 1208 3118 ab·

87 3141 147 3216 sit,
177 3136 360 3201 voluntarie
382 3136 588 3199 adulterium'
605 3143 830 3224 perpetravit,
861 3141 906 3203 sic
934 3141 1007 3219 fiat,
1037 3144 1127 3206 sicut
1148 3141 1207 3200 iam

88 3233 182 3285 antea
205 3224 244 3284 de
266 3219 427 3301 religiosis
449 3216 576 3284 feminis
598 3223 778 3304 statuimus,
800 3246 884 3308 quae
905 3245 939 3287 se
960 3223 1079 3286 marito
1108 3245 1206 3308 copu-

87 3307 239 3370 laverint.
322 3304 363 3362 ll.
384 3303 434 3383 37,
456 3323 485 3365 a.
794 3314 795 3322 ’
1044 3368 1046 3380 ‚

172 3385 320 3453 LXXVI.
364 3385 542 3460 (XXIII.)
584 3386 618 3450 si
647 3388 712 3450 duo
733 3390 860 3470 fratres,
883 3400 938 3451 aut
959 3389 987 3451 si
1009 3397 1106 3472 pater
1126 3387 1207 3452 etli-

74 3475 157 3535 ¹lius
178 3470 317 3554 thingati
339 3468 462 3530 fuerint
484 3473 518 3550 a),
545 3469 572 3532 si
596 3493 679 3533 unus
701 3494 742 3533 ex
764 3473 840 3557 ipsis
862 3474 932 3535 sine
955 3471 1032 3534 filiis
1051 3473 1108 3540 vel
1132 3458 1207 3530 filia·

90 3557 151 3617 bus
173 3565 318 3615 mortuus
340 3551 456 3630 fuerit,
486 3553 585 3615 curtis
606 3554 705 3637 Regia
726 3555 757 3616 ei
784 3557 945 3618 succedat.
992 3555 1074 3616 Ideo
1103 3564 1207 3616 autem

90 3639 154 3700 hoc
175 3637 370 3718 scripsimus,
384 3636 461 3714 quia
482 3648 513 3697 et
534 3636 560 3698 si
575 3636 703 3698 affixum
725 3637 759 3698 in
782 3640 898 3701 Edicto
913 3639 1045 3722 proprie
1067 3659 1138 3698 non
1160 3638 1207 3710 sit,

91 3733 198 3783 tamen
234 3740 345 3781 omnes
372 3715 495 3781 iudices
525 3728 558 3780 et
585 3719 696 3782 fideles
726 3722 827 3782 nostri
850 3723 897 3784 sic
924 3721 1102 3800 dixerunt,
1136 3719 1210 3802 quia

5 3837 6 3840 ¹
94 3804 282 3868 cadarlreda
303 3803 341 3874 lu)
371 3801 504 3882 antiqua
524 3823 626 3883 usque
648 3825 736 3864 nunc
757 3805 802 3867 sic
824 3805 945 3868 fnisset.
998 3803 1044 3870 11.
1070 3805 1120 3881 14.
1143 3802 1193 3868 25.

178 3884 345 3951 LXXVII.
389 3885 543 3964 (XXIV.)
585 3887 634 3947 De
661 3887 880 3970 possessione,
909 3908 1006 3971 quam
1028 3885 1152 3970 aliquis
1173 3887 1211 3970 de

168 4087 190 4158 i)
209 4087 299 4140 Gloss.
321 4089 340 4139 i.
358 4104 381 4140 e.
400 4089 432 4138 in
450 4099 568 4158 quartas
584 4102 682 4152 munus
700 4084 802 4140 traditi
819 4099 847 4140 et
873 4086 986 4142 amnuit
1003 4087 1090 4155 facti.
1129 4087 1160 4162 lr)
1174 4087 1213 4141 tt.

97 4158 184 4282 20:51ss
203 4155 512 4282 xqrppqqqptpqqarfiu
522 4178 533 4226 ,·
559 4153 727 4227 cadarfida5
746 4155 925 4228 cadelplreda.
962 4158 1052 4270 Gloss.
1072 4159 1092 4212 ἰ.
1113 4177 1139 4215 e.
1155 4177 1215 4213 suc·
