2632 4822
140 252 219 330 804
407 263 628 321 narramur
661 264 792 324 saeua
827 263 891 324 ιιι.
916 269 967 326 ιι.

139 416 229 478 lnrto
253 428 313 472 suo
341 423 407 466 non
432 403 617 488 repetierit,
646 402 708 466 nisi
732 404 774 468 de
793 406 890 471 tacito
911 407 945 470 in
970 415 1069 470 curte
1090 428 1156 470 sua
1180 430 1265 471 com-

139 495 301 582 prehenso
328 486 465 564 dixerit,
495 495 668 571 componat
685 488 781 556 solid.
804 487 876 553 XL.
896 489 924 554 si
941 489 1054 576 ipsum
1078 491 1265 554 colludium

140 571 333 663 apparuerit.
374 569 400 632 l.
431 567 480 632 25·
508 571 557 650 57.
1236 603 1240 609 .

209 673 288 712 roxa.
323 655 402 706 Patre
419 659 448 706 te
463 668 477 701 ι
517 651 584 704 ellat
599 651 753 714 Martinus,
772 650 847 724 quod
863 649 1036 722 prehendisti
1058 655 1210 708 Donatum
1225 605 1265 710 sri-

140 743 308 784 umservam
332 741 380 794 per
397 723 470 774 eolla
493 737 566 784 turn,
595 721 713 775 dicendo
734 722 808 794 quod
833 731 864 774 tu
887 723 1084 793 prehendisses
1104 743 1174 776 eum
1192 745 1265 796 super
1304 744 1309 753 ·

139 810 218 942 21:²11
227 796 353 919 ίὶιιιοιὲιῐιῗο,
365 793 452 916 ‘guod
471 789 581 844 valebat
603 793 653 845 aot.
671 791 722 858 0.,
745 803 795 847 ιιι
810 791 895 845 tacita
913 793 1070 848 invenisses
1085 796 1186 849 noetis
1201 805 1264 850 teu·

225 966 328 1033 exn.
368 965 487 1044 (mx.)
528 965 577 1026 De
595 963 723 1047 puella,
751 964 839 1027 unde
871 964 933 1026 iarn
966 975 1068 1028 antea
1101 966 1262 1046 diximus,
1310 1037 1312 1044 ,

141 1065 177 1116 ut
202 1073 268 1114 non
306 1059 380 1111 ante
405 1049 477 1110 xu.
507 1067 610 1108 anuos
639 1045 783 1129 legitima
809 1047 852 1111 sit
874 1049 915 1110 ad
939 1049 1193 1129 maritandum,
1223 1051 1261 1112 ita

139 1137 327 1208 statuimus,
349 1141 385 1192 ut
412 1151 478 1192 uon
504 1128 643 1190 intrante
668 1129 739 1219 ipro
767 1128 845 1195 ΧΗ.
872 1151 977 1210 anno,
1019 1134 1081 1196 red
1111 1134 1261 1216 expleto,

139 1222 181 1284 sit
209 1217 350 1300 legitima
374 1213 415 1275 ad
442 1212 667 1278 maritandum.
737 1211 815 1275 Ideo
844 1223 951 1275 autem
984 1213 1054 1276 boe
1098 1216 1261 1291 diximus,

140 1302 217 1386 quia
241 1299 357 1362 multas
377 1293 573 1357 intentiones
598 1294 638 1356 de
666 1293 784 1356 caussis
811 1295 878 1358 istis
899 1299 1140 1378 eognovimus;
1164 1308 1197 1361 et
1216 1323 1263 1380 ap-

139 1384 248 1470 paruit
271 1380 382 1524 nflbis,
414 1375 492 1460 quia
515 1379 684 1440 immatura
710 1385 813 1442 aetate
840 1379 882 1441 sit
906 1389 982 1442 ante
1013 1381 1176 1466 expletos
1196 1383 1260 1444 ΧΠ.

140 1489 253 1532 annos.
328 1513 336 1529 .
367 1483 393 1524 ι.
424 1483 471 1522 ιο.

222 1546 342 1611 exul.
381 1545 472 1622 (LX2)
513 1541 645 1623 Siquis
670 1540 898 1624 langobardus
919 1542 1068 1608 voluerit
1093 1545 1178 1610 liliis
1201 1546 1258 1609 suis
1312 1535 1314 1620 l

141 1630 201 1696 sibi
219 1630 304 1692 bene
322 1625 538 1690 servientibus
559 1623 683 1706 aliquid
710 1625 759 1686 lar
781 1623 840 1702 iri,
869 1624 986 1686 habeat
1003 1626 1184 1692 licentiam
1203 1629 1258 1690 boo
1313 1635 1314 1688 1

140 1714 237 1775 modo
259 1709 386 1794 largirir
414 1718 451 1772 ut
473 1706 645 1768 siluerint
667 1706 734 1768 dno
759 1645 824 1768 biii
846 1706 1001 1790 legitimi,
1036 1712 1176 1772 tertiam
1197 1733 1258 1794 par-
1313 1697 1314 1762 i

141 1809 204 1860 tem
231 1791 425 1859 substantiae
445 1811 521 1852 suae
545 1789 644 1871 possit
660 1789 831 1850 meliorare
850 1810 942 1868 eum,
965 1790 1025 1872 qni
1045 1792 1139 1855 bene
1165 1805 1197 1856 et
1211 1815 1257 1856 se·

141 1878 285 1942 cundum
310 1877 415 1936 Deum
443 1871 474 1934 ei
498 1871 653 1933 obediere
682 1872 782 1933 luerit
807 1879 840 1932 et
869 1871 1028 1939 servierit.
1071 1876 1121 1937 Et
1151 1876 1256 1939 nitrea

141 1960 280 2038 luerint,
300 1957 418 2020 habeat
436 1953 602 2018 licentiam
622 1962 768 2037 quartam
790 1962 912 2036 partem
931 1953 1112 2020 meliorare
1131 1961 1257 2044 qualem

140 2043 292 2110 voluerit.
332 2042 376 2104 Et
396 2038 424 2101 si
445 2037 569 2098 luerint
590 2046 729 2119 quatuor
749 2035 829 2114 filii,
858 2037 979 2098 tribuat
1007 2039 1165 2120 quintam
1191 2063 1255 2125 par·

141 2141 217 2196 tem.
257 2127 301 2189 Et
321 2123 348 2186 si
368 2120 492 2184 luerint
510 2118 675 2203 quinque,
703 2129 825 2181 sextam
844 2129 977 2201 partem.
1018 2122 1062 2184 Et
1077 2125 1116 2185 'si
1137 2125 1256 2186 fuerint

142 2235 219 2288 se13
245 2206 412 2291 septimam
432 2212 563 2285 partem.
612 2201 657 2265 Et
682 2200 710 2262 si
731 2202 868 2284 amplius
899 2201 1038 2281 luerint,
1076 2229 1142 2288 per
1171 2207 1255 2266 hunc

143 2311 315 2357 numerum
336 2295 514 2432 furconam
546 2294 583 2346 ut
602 2303 729 2366 semper
748 2283 805 2366 qni
827 2293 918 2366 pater
937 2293 1003 2363 est,
1033 2287 1186 2370 vigorem
1208 2287 1257 2347 ha·

143 2379 235 2454 beat,
270 2393 334 2455 qua
349 2372 412 2432 iter
433 2368 463 2429 ei
488 2366 549 2427 lilii
571 2365 639 2445 sui,
670 2375 707 2426 ut
728 2366 886 2445 diximus,
915 2377 1004 2428 recte
1028 2370 1207 2448 obediant,
1228 2379 1256 2430 et

143 2457 294 2524 serviant.
334 2455 378 2516 Et
403 2450 432 2514 si
452 2449 512 2510 toti
535 2447 566 2510 ei
593 2449 677 2511 bene
698 2447 884 2526 servierint,
913 2447 1054 2512 habeant
1077 2454 1256 2536 aequaliter

143 2537 352 2605 substantiam
371 2533 480 2617 patris.
521 2531 563 2594 Et
582 2532 611 2594 si
630 2531 764 2592 forsitan
786 2530 984 2613 quicumque
1007 2539 1191 2600 secundam
1206 2542 1256 2607 ant

143 2622 271 2684 tertiam
291 2616 461 2680 mulierem
474 2614 620 2692 duxerit,
641 2612 836 2675 ethabuerit
855 2614 959 2690 lilios,
981 2623 1015 2675 et
1036 2617 1079 2678 de
1090 2617 1256 2680 anteriore

145 2703 302 2785 coniuge,
324 2709 357 2761 et
376 2698 416 2758 de
434 2695 604 2780 sequenti,
622 2717 688 2756 uon
710 2695 825 2756 habeat
844 2703 1034 2778 potestatem
1053 2697 1135 2762 illos
1156 2710 1255 2784 poete·

144 2790 264 2862 riores,
296 2801 435 2865 quoram
455 2788 558 2838 mater
577 2778 675 2855 vivit,
705 2778 894 2857 meliorare,
919 2779 997 2840 dam
1024 2779 1095 2864 ipsa
1118 2783 1256 2857 vixerit,

145 2891 188 2932 ne
210 2867 295 2930 dicat
316 2860 451 2943 aliquis,
473 2859 562 2942 qnod
581 2880 641 2942 per
663 2860 753 2920 illam
771 2860 941 2922 mulierem
963 2861 1036 2922 talla
1057 2865 1172 2926 suasio
1192 2865 1255 2924 lao-

145 2965 178 3014 tn
197 2950 249 3013 sit.
284 2946 446 3009 Deianota
466 2950 574 3001 autem
601 2941 737 3005 muliere
766 2953 856 3026 pater
876 2942 1045 3004 licentiam
1072 2945 1196 3008 habeat
1216 2948 1255 3006 fa·

147 3055 239 3111 cere,
270 3041 421 3109 utsupra
440 3024 568 3106 legitur.
640 3025 725 3102 Quia
753 3021 913 3087 oredimus
942 3027 1128 3093 secundnm
1150 3031 1253 3090 Deum

148 3137 235 3193 esse,
257 3124 293 3175 ut
316 3111 393 3172 dum
411 3127 537 3183 servos,
557 3106 615 3188 qui
635 3106 718 3167 bene
740 3107 941 3186 servierunt,
961 3109 1151 3172 melioratos
1175 3111 1254 3171 vidi·

148 3221 234 3276 mus,
256 3206 288 3259 et
308 3197 565 3256 remuneratura
585 3188 731 3252 Dominis
759 3190 825 3252 suis
845 3191 944 3272 magis
963 3211 1060 3272 quam
1082 3193 1179 3272 illos,
1202 3192 1253 3275 qui

147 3289 237 3344 recte
259 3299 325 3339 non
345 3272 548 3336 servieruntr
589 3280 710 3352 quanto
731 3273 831 3356 magis
851 3273 947 3334 debet
966 3273 1038 3335 lieri
1058 3286 1150 3338 reeta
1171 3295 1255 3336 naus·

148 3387 200 3442 sa,
231 3371 267 3423 ut
288 3361 384 3420 homo
404 3355 508 3416 lilium
528 3374 621 3416 snum
642 3354 830 3434 meliorare,
858 3364 890 3418 et
908 3375 1119 3420 remunerare
1139 3358 1253 3442 possit,

149 3446 207 3530 qui
229 3445 259 3507 ei
280 3441 398 3505 melius
417 3436 575 3501 servierit.
622 3437 665 3501 ll.
685 3458 735 3503 no.
757 3440 785 3498 5.

218 3543 300 3580 rona
337 3525 432 3585 Petne,
457 3527 488 3573 te
514 3519 634 3590 appellat
651 3526 714 3572 tuus
732 3521 838 3584 Frater,
861 3518 936 3590 quod
959 3526 991 3575 tu
1008 3525 1086 3574 tenes
1106 3521 1158 3573 sibi
1186 3520 1254 3574 malo

150 3600 245 3654 ordine
268 3593 442 3648 medietatem
464 3591 499 3641 de
524 3591 603 3659 pecta
620 3589 833 3654 madorem,
860 3607 930 3659 quae
955 3587 1029 3643 iacet
1054 3591 1083 3642 in
1107 3593 1159 3643 tali
1185 3592 1254 3644 1000,

150 3674 212 3741 Ipsa
237 3677 307 3721 terra
323 3680 384 3716 mea
401 3661 506 3732 propria
525 3669 572 3713 eat.
613 3659 688 3729 Quid
713 3659 764 3710 tibi
781 3659 924 3728 pertinet?
951 3657 1009 3724 Ego
1033 3659 1134 3712 melius
1160 3660 1256 3714 servivi

150 3742 186 3794 ad
203 3747 306 3808 patrem
324 3750 430 3793 meum,
450 3739 478 3782 et
493 3729 578 3799 ipsam
594 3736 692 3780 tetram
710 3729 822 3781 donavit
840 3727 925 3791 mihi,
952 3737 981 3780 et
999 3745 1066 3782 eece
1084 3741 1171 3786 carta,
1205 3733 1257 3784 Aut

151 3809 262 3880 probet,
290 3803 365 3876 quod
382 3801 478 3852 melius
495 3799 636 3858 servisset,
665 3807 712 3850 aut
729 3801 776 3851 det
790 3808 894 3869 partem
911 3816 959 3851 auo
977 3798 1066 3861 fratri,
1095 3801 1146 3870 qui
1164 3801 1258 3872 appel.

150 3881 199 3932 lat.
241 3875 312 3930 vel:
337 3880 415 3942 pater
431 3877 522 3922 noster
546 3885 601 3922 uon
617 3869 709 3940 potuit
725 3869 777 3922 tibi
795 3867 858 3921 dare
874 3869 960 3940 ipsam
983 3878 1099 3935 terram,
1127 3871 1196 3942 quia
1211 3880 1259 3924 tus

152 3957 238 4003 mater
255 3954 314 3998 erat
328 3941 399 4000 viva.
435 3937 544 3994 Probet.

225 4045 354 4111 (1¹le-
394 4039 513 4116 (LXI.)
553 4035 589 4098 Si
623 4037 733 4122 puella
772 4037 841 4100 sine
875 4039 1041 4102 voluntate
1085 4051 1261 4122 parentum

153 4136 194 4197 ad
215 4129 365 4194 maritum
390 4119 622 4200 ambulaverit,
665 4129 698 4182 et
731 4120 762 4181 ei
793 4130 876 4184 meta
907 4144 967 4184 uec
993 4124 1164 4204 ‚promissa
1201 4147 1262 4186 nee

150 4210 362 4296 data-luerit,
390 4215 424 4274 et
443 4202 632 4290 contigerit,
663 4213 700 4266 ut
719 4202 849 4272 maritus
868 4203 936 4291 ipse
957 4203 1133 4287 moriatur,
1168 4217 1261 4272 aute·
