2684 4868
152 257 227 331 622
363 275 467 333 arcis
485 277 776 334 w1s1coraoaan
795 279 858 332 nis.
878 279 909 334 x.
929 282 1001 338 rrr.
1021 287 1058 338 rr.

254 416 317 481 111.
372 415 414 478 Ut
450 438 556 480 omnes
583 439 709 478 caussae
743 421 896 481 tricennio
929 423 1167 505 concludantur.

239 503 361 564 Omnes
388 523 533 572 caussas,
556 501 622 562 sive
645 501 744 562 bonas
766 504 833 563 sire
849 505 967 582 malas,
999 517 1054 567 aut
1082 509 1179 570 etiam
1206 513 1267 573 cri·

149 583 306 662 minales,
334 607 416 668 quae
438 584 524 644 intra
545 582 649 648 XXX.
671 604 772 646 annos
794 585 945 648 definitae
960 609 1025 649 non
1048 590 1189 671 fuerint,
1212 597 1265 656 vel

149 667 311 751 mancipia
332 690 414 752 quae
437 667 471 726 in
489 665 699 728 contentione
720 667 823 748 posita
844 669 968 730 fuerint
976 716 986 749 ‚
1016 682 1070 732 aut
1094 682 1193 751 sunt,
1226 678 1264 740 ab

150 751 215 812 alio
234 761 341 813 tamen
366 771 529 834 possessa,
554 747 582 810 si
614 747 745 810 definita
776 758 872 831 atque
895 759 1006 815 exacta
1032 775 1097 814 nou
1121 757 1263 838 fuerint,

149 833 243 894 nullo
266 835 365 895 modo
388 839 585 916 repetantur.
648 832 683 892 Si
714 833 787 914 quis
817 842 925 894 autem
946 846 1018 918 post
1043 836 1133 900 bunc
1155 841 1262 902 XXX.

147 936 308 977 annorum
340 936 513 977 numerum
538 935 682 975 caussam
702 935 831 977 movere
856 919 1050 997 tentaverit,
1071 919 1132 982 iste
1153 943 1265 986 nnme-

146 1019 201 1060 rus
232 999 263 1061 ei
288 999 433 1078 resistat,
471 1007 503 1060 et
537 997 653 1058 libram
679 998 767 1078 auri,
814 997 868 1059 cui
889 999 959 1063 Rex
985 1002 1133 1082 iusserit,
1168 1026 1280 1068 coac..

145 1090 198 1145 tus
220 1082 374 1150 exsolvat.

443 1186 502 1251 IV.
553 1210 617 1252 ras.
658 1211 722 1250 cns.
763 1210 850 1251 aens.
890 1211 959 1257 aux.

191 1271 234 1334 Ut
254 1273 394 1358 receptis
411 1269 585 1357 fiscalibus
604 1273 706 1332 servis
725 1273 897 1333 tricennale
914 1287 1035 1359 tempas
1055 1276 1163 1340 valeat
1187 1281 1221 1340 in

562 1356 706 1415 omnibns
735 1356 863 1415 caussis.

226 1437 329 1518 Saepe
359 1435 570 1520 competentis
601 1435 743 1498 indebita
772 1436 928 1498 resolutio
959 1435 1038 1500 iuris
1062 1460 1259 1507 evanescere

143 1517 222 1580 facit
256 1528 375 1581 statum
417 1521 518 1582 iustae
563 1518 788 1600 possessionist
836 1529 870 1580 et
901 1521 989 1602 quod
1027 1523 1118 1582 nulla
1158 1547 1259 1608 gene.

141 1600 186 1663 ris
220 1603 372 1664 nobilitas
411 1601 595 1678 decoravit,
635 1601 777 1662 indebita
826 1601 959 1664 licentia
997 1604 1138 1666 libertati
1183 1630 1259 1669 con·

139 1685 285 1746 tradidit.
344 1683 549 1746 Tricennalis
571 1705 647 1766 ergo
673 1685 869 1746 transcursio
895 1694 1075 1768 temporum
1097 1709 1171 1749 cum
1195 1691 1259 1752 iam

137 1765 186 1827 sic
214 1777 400 1830 constanter
422 1767 597 1830 inoleverit
623 1767 657 1825 in
684 1766 822 1849 negotiis
839 1768 1021 1846 actionum,
1046 1780 1082 1830 ut
1106 1793 1171 1832 non
1195 1774 1257 1835 iam

137 1851 230 1930 quasi
263 1871 303 1912 ex
340 1849 543 1912 institutione
581 1848 739 1926 humana,
773 1849 829 1910 sed
855 1850 1025 1915 velutiex
1053 1853 1121 1935 ipsa
1146 1876 1258 1918 rerum

136 1931 328 2014 processisse
361 1942 474 1994 natura
497 1931 658 1993 videatur:
689 1930 762 1992 ideo
797 1933 935 1994 valitura
956 1936 1132 1998 sanctlonis
1157 1936 1256 2002 huius

134 2015 327 2078 aeternitate
357 2017 564 2093 decernitur,
588 2024 623 2076 ut
645 2013 672 2075 si
692 2035 749 2097 per
764 2015 917 2076 tricennii
940 2024 1063 2100 tempus
1073 2064 1083 2096 ,
1117 2041 1175 2080 seu
1205 2022 1256 2084 fis·

135 2117 192 2160 cns
221 2099 262 2162 de
287 2097 508 2182 quorumlibet
536 2097 607 2158 iure
637 2098 857 2180 quodcunque
885 2101 1047 2178 tenuerit,
1079 2122 1137 2163 seu
1163 2105 1256 2184 quis-

135 2179 220 2242 libet
244 2181 283 2242 de
306 2181 395 2262 fisci,
427 2191 516 2244 extra
543 2179 703 2264 mancipia
727 2180 860 2257 fiscalia,
887 2191 942 2242 aut
959 2183 1138 2265 cuiuspiam
1156 2185 1254 2251 rebus

134 2263 261 2346 aliquid
305 2266 438 2327 fortasse
472 2261 668 2348 possederit,
721 2264 857 2344 perenni
901 2263 1028 2325 sibimet
1067 2265 1137 2327 iure
1180 2271 1253 2332 vin·

133 2345 224 2407 dicet
252 2356 285 2407 et
314 2355 466 2412 retentet.
522 2346 590 2408 Nec
629 2355 741 2406 eontra
768 2345 856 2406 hunc
889 2367 1080 2423 numerum,
1118 2347 1152 2408 in
1185 2374 1253 2435 quo

135 2428 234 2488 etiam
264 2431 380 2491 veritas
417 2429 581 2512 perfectae
612 2427 793 2511 completur
825 2428 954 2508 aetatis,
997 2438 1132 2492 attentet
1161 2455 1254 2496 com-

134 2508 260 2571 moveri
301 2532 364 2573 vox
399 2510 624 2590 cuiuscunque
665 2508 838 2592 petitionis.
907 2511 999 2574 Servi
1038 2533 1117 2574 vero
1161 2517 1252 2597 fisci,

135 2612 277 2674 quorum
304 2593 344 2656 de
368 2594 466 2676 stirpe
492 2591 603 2652 servili
629 2593 760 2654 evidens
789 2593 879 2675 origo
914 2592 1075 2674 patuerit,
1104 2601 1253 2679 quamvis
1317 2643 1318 2652 ,

133 2674 289 2752 resoluti,
334 2685 431 2758 atque
459 2695 519 2756 per
546 2672 672 2735 diversa
706 2684 875 2756 vagantes,
907 2675 991 2736 nihil
1021 2677 1055 2736 in
1089 2681 1251 2760 pensione

132 2757 246 2819 tributi
282 2757 515 2839 persolverintr
546 2755 691 2839 quamvis
726 2757 802 2838 fuga
837 2757 890 2820 vel
920 2757 1071 2836 latebris,
1106 2782 1164 2822 seu
1191 2787 1251 2847 pa·

132 2837 274 2903 trocinio
302 2860 572 2924 quorumcunque
601 2838 726 2900 defensi
761 2840 934 2918 latuerint,
967 2841 1131 2909 servitutis
1168 2868 1251 2906 con-

135 2923 294 2986 ditionem
321 2945 386 2985 non
411 2932 507 2985 erunt
530 2919 658 3004 penitus
679 2921 822 2998 evasuri,
848 2922 906 2984 sed
930 2922 964 2981 in
989 2924 1148 3006 originem
1169 2930 1251 3010 pris·

133 3006 253 3083 tinam,
278 3004 398 3090 absque
421 3015 602 3088 temporum
629 3003 846 3086 praeiudicio,
874 3005 1054 3088 redigendi.
1116 3008 1165 3068 Ab
1181 3010 1249 3071 bu-

134 3089 184 3150 ius
211 3090 372 3150 sententia
410 3087 492 3170 legis
516 3086 582 3147 illis
613 3087 835 3148 tantummodo
863 3087 1056 3170 segregatis,
1086 3091 1142 3171 q'ni
1172 3114 1248 3178 per·

134 3173 244 3258 cipere
272 3173 448 3236 valuerunt
473 3168 563 3252 regia
591 3170 766 3232 collatione
789 3171 931 3232 remedia
958 3170 1126 3240 libertatis.

514 3287 554 3350 V.
595 3307 642 3350 ra.
685 3305 745 3346 crs.
785 3306 856 3352 arx.

448 3393 498 3454 De
521 3393 748 3478 interruptione
779 3395 933 3461 tricennii.

144 3478 146 3482 ’
213 3481 314 3562 Saepe
345 3476 511 3561 proprium
552 3475 601 3538 ius
635 3475 767 3538 alterius
803 3476 982 3559 longinqua
1020 3478 1178 3562 possessio
1207 3479 1245 3544 iu

131 3559 181 3624 ius
209 3559 397 3625 transmittit
431 3557 574 3621 alterius.
645 3559 725 3618 Nam
756 3559 846 3640 quod
884 3561 979 3626 XXX.
1016 3563 1155 3644 quisque
1182 3585 1245 3622 au-

129 3650 180 3704 nis
207 3645 342 3726 expletis
371 3642 490 3726 absque
518 3641 670 3724 temporis
703 3641 940 3724 interruptione
976 3645 1143 3728 possidet,
1180 3667 1243 3705 ne-

128 3749 291 3810 quaquam
311 3727 448 3787 ulterius
472 3747 532 3809 per
559 3723 737 3806 repetentis
765 3724 980 3809 calumpniam
1013 3726 1158 3787 amittere
1185 3749 1245 3808 po-

126 3819 198 3877 test.
253 3812 296 3870 Ut
328 3832 404 3891 ergo
429 3818 495 3869 tam
523 3805 667 3892 petenti,
697 3828 793 3889 quam
823 3808 1016 3888 possessori,
1047 3807 1125 3869 hinc
1155 3829 1245 3870 com·

126 3903 278 3978 petenter
299 3893 400 3978 possit
424 3913 492 3972 esse
516 3889 717 3966 consultum,
758 3890 792 3952 id
823 3891 862 3950 ab
886 3890 1032 3952 omnibus
1062 3891 1243 3953 observan-

127 3979 204 4040 dum
227 3985 289 4038 est:
316 3975 553 4058 utquicunque
582 3992 670 4048 rem,
706 3994 787 4054 quac
811 3973 849 4033 ab
868 3974 931 4034 alio
957 3995 1016 4056 per
1049 3973 1241 4058 quindecim

125 4081 228 4120 annos
250 4067 306 4118 aut
326 4080 442 4139 supra,
464 4057 550 4116 infra
569 4053 700 4136 triginta
721 4064 826 4116 tamen
852 4078 993 4138 possessa
1014 4066 1082 4134 est,
1115 4056 1165 4117 sui
1190 4057 1242 4119 iu-

124 4144 168 4205 ris
192 4162 259 4203 esse
281 4139 491 4202 adstruxerit:
515 4146 547 4198 et
564 4157 726 4218 possessor
756 4139 888 4201 fortasse
913 4140 979 4200 sive
1001 4162 1018 4200 a
1041 4139 1168 4215 iudice,
1191 4139 1241 4201 si-

124 4247 163 4290 ve
186 4247 204 4285 a
225 4231 392 4307 repetente
415 4220 643 4298 commonitus,
673 4220 725 4284 rel
747 4221 883 4284 reddere
900 4221 1080 4301 distulerit,
1111 4222 1164 4286 vel
1187 4243 1240 4284 ra-
