2684 4868
263 298 367 354 naurs
384 280 681 353 w1s1a0rnotlunt
697 286 765 355 aas.
781 246 965 358 nutura.
1000 275 1008 319 ’·
1119 282 1191 358 sta

74 432 215 505 testator
227 438 367 520 aliquam
388 435 560 519 specialem
575 435 777 521 testationem
802 437 842 499 de
864 437 939 521 ipsis
961 440 1107 524 frugibus
1124 465 1190 506 non

74 522 268 587 instituerit.
308 522 384 582 Post
400 519 525 581 obitum
543 541 620 583 nero
637 541 750 596 auum,
770 520 895 602 reliqua
912 521 1045 606 'integre
1060 536 1090 585 et
1105 527 1191 588 inte.

76 617 201 669 merata
229 603 303 663 liliis
329 623 368 663 ex
395 601 463 684 ipso
490 603 561 662 viro
591 601 765 685 procreatis
787 603 1009 686 derelinquat,
1045 616 1078 667 et
1101 611 1191 670 nullu

74 691 251 751 occasione
276 685 430 764 cuiquam
458 683 597 760 exinde,
632 696 766 768 excepta
794 693 829 746 ut
855 685 1048 749 dictumest
1076 693 1191 770 quinta

75 785 189 857 parte,
226 767 401 851 quidquam
431 767 519 826 alind
544 765 664 828 mulier
692 768 833 827 alienare
862 779 1051 850 praesumat.
1094 775 1191 851 Quod

75 857 105 918 si
128 877 170 916 ex
200 855 269 936 ipso
300 849 452 931 coniugio
483 847 542 909 tilii
571 866 636 909 non
666 849 789 911 fuerint
818 853 996 932 procreati,
1028 854 1191 936 quidquid

76 937 198 998 mulier
221 935 260 994 de
280 931 377 992 relius
397 930 457 992 silai
487 931 631 1009 donatis,
664 933 755 992 iuxta
779 935 1008 1016 praescriptum
1031 940 1191 999 testatoris

75 1021 229 1082 ordinem
252 1016 357 1074 facere
381 1014 539 1096 elegerit,
573 1014 706 1075 liberem
725 1014 840 1074 habeat
859 1025 1056 1099 potestatem.
1097 1022 1203 1080 Cet&

76 1125 151 1164 rum
172 1100 200 1162 si
222 1100 371 1159 intestata
392 1095 590 1173 discesserit,
621 1099 660 1159 ad
684 1094 833 1158 maritum
859 1097 948 1176 eius,
980 1099 1006 1160 si
1029 1111 1190 1184 superstes

77 1182 244 1256 extiterit,
274 1178 404 1239 donatio
424 1188 615 1239 revertatur.
657 1179 692 1241 si
714 1189 820 1240 autern
838 1182 969 1242 maritus
989 1203 1054 1243 uon
1077 1185 1189 1262 fuerit,

77 1271 116 1330 arl
139 1263 277 1326 heredes
301 1261 405 1320 mariti
424 1261 479 1341 qui
499 1260 707 1322 donationem
724 1261 932 1344 conscripsit,
954 1265 1066 1326 eadem
1086 1267 1191 1328 dona·
1249 1279 1253 1286 '

75 1351 122 1412 tio
140 1341 327 1431 pertinebit.
363 1343 513 1420 Similem
535 1343 693 1404 rationem
710 1343 750 1404 de
767 1344 843 1405 viris
858 1341 1070 1428 praecipimus
1085 1357 1201 1410 custo··

73 1433 167 1508 diri,
202 1429 243 1491 de
267 1425 423 1508 hisquae
449 1426 488 1488 ab
512 1425 666 1488 uxoribus
689 1435 832 1512 tempore
849 1448 1048 1511 quocunque
1072 1431 1190 1492 donata

74 1508 316 1600 praeceperint.
385 1561 388 1569 ,

531 1623 572 1688 V.
593 1645 740 1700 aurnuns.

97 1747 149 1808 De
171 1743 265 1808 rebus
286 1764 307 1804 a
327 1741 441 1802 marito
462 1740 588 1800 mulieri
608 1742 762 1802 concess-is
772 1767 785 1812 ,·
812 1741 863 1802 vel
880 1742 911 1804 si
929 1745 1044 1808 mulier
1054 1744 1161 1830 fuerit

105 1849 108 1856 ·
463 1821 656 1884 adulterasse
677 1823 810 1886 detecta.

161 1907 297 1970 Maritus
318 1906 345 1968 si
368 1903 462 1965 uxori
482 1925 558 1967 snae
580 1905 706 1985 aliquid
736 1904 923 1985 donaverit,
958 1915 990 1970 et
1019 1908 1087 1992 ipsa
1116 1920 1190 1992 post

74 1993 202 2056 obitum
223 1989 329 2050 mariti
350 1988 399 2050 sui
422 1985 456 2046 in
478 1987 570 2047 nullo
590 1989 712 2048 scelere
734 1989 884 2049 adulterii
919 1989 1019 2054 luerit
1052 2013 1190 2054 conver.

73 2089 159 2150 sata,
197 2073 255 2134 sed
287 2073 320 2131 in
351 2066 505 2153 pudicitia
533 2069 764 2151 permanserit,
796 2079 851 2130 aut
872 2080 959 2134 certe
980 2072 1007 2134 si
1029 2073 1069 2134 ed
1089 2074 1206 2142 alium.

75 2156 230 2220 maritum
252 2155 386 2214 honesta
404 2151 637 2213 coniunctione
658 2152 865 2234 pervenerit,
898 2153 938 2216 de
970 2150 1203 2296 rebussipip,

75 2241 190 2301 marito
214 2237 341 2298 donatis
360 2231 564 2318 possidendi,
584 2241 631 2293 'et
659 2243 729 2315 post
758 2232 880 2296 obitum
908 2258 1020 2316 sunm,
1048 2232 1079 2298 ⁸si
1128 2237 1188 2302 lios

75 2345 143 2384 non
165 2319 335 2394 habuerit,
368 2315 577 2399 relinquendi
597 2315 653 2376 cni
673 2317 830 2395 voluerit,
869 2319 1047 2380 secundum
1068 2321 1189 2382 volun-

74 2415 174 2467 tatem
195 2400 355 2464 testatoris
375 2399 492 2461 habeat
513 2407 709 2480 potestatem.
763 2400 916 2460 Ceterum
947 2401 975 2462 si
1005 2403 1088 2467 filios
1120 2425 1187 2465 nou

74 2487 268 2570 relinquens
290 2485 438 2544 intestata
470 2481 669 2558 discesserit,
704 2489 757 2542 ant
784 2481 825 2542 ad
852 2482 1000 2543 maritum
1031 2485 1124 2563 eins,
1160 2487 1189 2548 si

73 2576 236 2652 superstes
266 2566 426 2642 extiterit,
459 2572 515 2623 aut
542 2562 582 2622 ad
615 2561 752 2626 heredes
773 2565 878 2624 mariti
900 2566 957 2647 qni
979 2553 1188 2633 donationem

74 2649 284 2732 conscripsit,
312 2647 421 2709 eadem
454 2642 585 2708 donatio
605 2645 790 2727 pertinebit.
833 2647 868 2708 si
890 2657 998 2708 autem
1018 2671 1077 2733 per
1097 2641 1211 2728 adul-fl

74 2733 198 2795 terium
218 2753 274 2794 seu
293 2751 353 2814 per
372 2729 575 2790 inhonestam
594 2727 858 2791 coniunctionem
878 2752 911 2791 se
930 2730 1094 2794 miscuisse
1111 2754 1188 2794 oon·

75 2814 240 2892 vincitur,
262 2811 425 2896 quidquid
444 2811 486 2874 de
506 2811 659 2871 facultate
680 2810 785 2871 mariti
806 2811 857 2872 sui
878 2813 979 2874 fuerit
1000 2808 1186 2893 consecuta}

71 2906 179 2968 totum
197 2899 434 2959 'incunctanter
465 2893 605 2970 amittat,
640 2893 734 2962 etad
758 2891 895 2958 heredes
917 2895 1098 2975 donatoris,
1132 2900 1186 2962 rel

72 2979 115 3044 ad
136 2980 220 3042 filios
242 2977 402 3062 legitimos
423 2983 614 3040 revertatur.
698 3011 703 3022 ι

348 3108 351 3114 ⁴
424 3125 484 3194 Vl.
535 3146 597 3194 ras.
639 3145 725 3192 nens.
768 3146 837 3190 aar.

204 3245 257 3306 ·De
280 3244 372 3306 rebus
393 3241 538 3322 traditis,
560 3242 611 3302 vel
627 3244 896 3327 perscripturum
917 3241 1053 3306 donatis.
1113 3257 1115 3264 ’

156 3327 220 3389 Res
241 3327 396 3401 donatae,
418 3324 444 3385 si
466 3323 500 3384 in
522 3323 683 3407 praesenti
705 3325 839 3387 traditae
862 3336 948 3404 sunt,
973 3325 1066 3386 nullo
1088 3323 1184 3389 modo

74 3420 264 3494 repetantur
285 3431 302 3469 a
324 3410 489 3470 donatore.
532 3405 629 3486 Quod
650 3406 677 3468 si
698 3406 795 3468 etiam
816 3407 1019 3490 provenerit,
1041 3415 1077 3466 ut
1096 3407 1209 3490 quoti¹

73 3494 216 3555 donatur
236 3491 277 3553 sit
298 3491 395 3574 longe
416 3487 576 3574 positum,
618 3511 677 3572 pro
711 3511 751 3550 eo
780 3489 911 3552 donatio
938 3487 1086 3553 evacuari
1117 3509 1210 3570 nou,¹

74 3575 209 3659 poterit:
238 3573 315 3656 qnia
346 3583 425 3634 tunc
453 3571 583 3632 videtur
601 3593 678 3633 vera
700 3591 767 3632 esse
788 3571 936 3654 traditio,
968 3569 1099 3656 quando
1121 3570 1210 3636 iam,

72 3658 161 3741 apud
182 3657 277 3718 illum
297 3657 453 3737 scriptura
485 3654 648 3715 donatoris
676 3651 832 3732 habetur,
867 3655 900 3716 iu
929 3654 1021 3716 cuius
1052 3653 1183 3713 nomine

71 3739 261 3824 conscripta¹
273 3761 341 3799 esse
358 3736 546 3803 dinoscitur.
580 3737 648 3797 Hoc
663 3743 788 3796 tanturn
810 3735 1046 3798 observandum
1068 3745 1126 3814 est,
1148 3743 1185 3796 ut

73 3823 102 3884 si
124 3824 262 3885 donator
282 3815 421 3900 dixerit,
454 3837 515 3881 uec
548 3817 691 3896 dedisse,
726 3839 787 3880 nec
806 3815 1183 3900 direxissc'seripturam‚
1232 3834 1235 3839 ·

74 3906 130 3967 sed
153 3906 308 3967 sublatam
340 3901 400 3965 sibi
431 3901 546 3964 fuisse:
578 3909 656 3961 tnnc
679 3899 754 3976 ille,
790 3901 843 3962 cui
864 3923 916 3962 res
938 3902 1073 3961 donatae
1095 3912 1214 3976 suut„

73 4008 133 4071 per
151 3998 267 4050 testem
288 3986 478 4062 convincat,
513 3981 552 4044 ab
581 3984 650 4066 ipso
678 3982 834 4046 donatore
864 3983 1001 4045 eandem
1031 4003 1100 4044 rem
1124 3982 1185 4067 ‘atat

71 4069 225 4134 traditam·
241 4064 304 4132 sibi
325 4077 381 4129 aut
401 4068 572 4143 directum,
604 4065 654 4127 tel
687 4085 726 4126 ex
748 4064 817 4128 eius
838 4066 1003 4128 voluntate
1026 4063 1059 4123 in
1079 4073 1186 4148 pptesy

71 4156 176 4214 tate'm'
188 4163 280 4217 suani
302 4153 475 4214 redactam:
506 4157 537 4212 et
559 4150 635 4210 dnm
655 4147 860 4244 probaverit,
878 4147 1003 4223 stabilis⁴
1019 4123 1215 4237 halae'atprpffg

69 4236 215 4316 Quodsi
236 4233 375 4321 probare
396 4231 601 4315 neglexerit,
627 4239 704 4292 tunc
725 4229 783 4293 ille
802 4253 861 4314 qur
881 4229 1073 4316 scripturam
1094 4227 1184 4292 fece·
1210 4233 1215 4240 '
