2632 4822
334 301 555 364 ammarum
590 304 716 364 uacua
752 305 817 378 aa.
845 305 893 363 n.
1117 291 1190 371 7⁹1

156 446 301 514 Lxxxl.
322 443 543 527 'txxv111.)
583 446 618 508 Si
643 445 718 530 quis
740 467 864 520 carrum
886 457 919 513 el
938 448 1037 514 hoves
1057 452 1091 514 ln
1112 453 1193 517 silva

76 557 133 603 sua
158 530 335 612 invenerit,
363 537 395 591 et
413 530 579 613 lignamen
603 531 857 623 superpositum,
888 541 943 594 aut
960 535 1191 620 qualicumque

74 643 110 684 re
133 618 317 698 oneratum,
339 622 373 674 et
393 613 477 697 ipsos
499 613 598 674 hoves
620 623 675 674 aut
697 635 822 698 carrum
845 618 1138 700 comprehenderit,
1160 630 1193 684 et

74 704 116 766 ad
136 700 298 784 propriam
319 717 418 758 suam.
431 716 536 758 casam
558 695 695 775 duxerit,
719 718 785 757 non
808 697 849 760 sit
868 701 1039 785 culpabilis
1060 724 1120 787 pro
1140 725 1190 784 eo,

75 784 217 874 quodiu
237 781 334 842 rebus
356 778 422 842 suis
445 779 618 842 invenerit.
682 781 710 847 l.
733 781 782 843 23.
798 780 827 846 5.

7 973 8 976 Ἴ
157 893 333 962 LXXXII.
375 884 543 975 (XXIX.)
567 895 617 955 De
639 893 788 956 omnibus
809 893 1140 980 iudicibus,·quando
1156 900 1190 966 in

75 981 257 1047 exercitum
280 978 443 1039 ambulare
470 977 645 1039 necessitas
675 977 791 1056 inerit,
831 999 897 1039 non
919 977 1083 1043 dimittant
1110 982 1191 1046 alios

75 1067 244 1142 homines,
277 1060 338 1123 nisi
361 1060 583 1135 tantummodo
608 1060 665 1142 qui
690 1082 792 1121 unum
818 1061 980 1138 caballum
1006 1063 1191 1145 habuerint,

75 1151 139 1212 hoc
160 1158 208 1210 est
225 1143 377 1207 homines
399 1145 478 1223 VL,
500 1154 541 1206 ei·
554 1143 672 1205 tollant
690 1144 730 1215 ad
743 1165 871 1206 saumas
894 1165 966 1206 suas
982 1145 1067 1229 ipsos
1083 1148 1193 1222 cabal-

67 1235 125 1296 -los
147 1253 213 1294 sex.
254 1229 296 1290 Et
317 1227 357 1289 de
378 1226 558 1289 minoribus
579 1225 786 1305 hominibus,
819 1226 876 1308 qui
894 1248 969 1290 nec
990 1251 1097 1309 casas,
1127 1251 1190 1293 nec

73 1327 173 1380 terras
195 1333 268 1374 suas
290 1310 429 1389 habent,
458 1308 622 1372 dimittant
644 1310 795 1372 homines
816 1309 880 1388 X.,
909 1320 943 1372 et
963 1311 1025 1395 ipsi
1041 1313 1191 1376 homines

73 1398 249 1481 adipsum
276 1393 419 1455 iudicem
444 1394 565 1455 faciant
592 1413 651 1476 per
679 1391 913 1455 hebdomadam
941 1417 1041 1456 uuam
1077 1417 1191 1479 operas

73 1490 156 1555 tres,
191 1497 294 1560 usque
327 1477 405 1538 dum
426 1475 493 1560 ipsc
516 1475 615 1538 iudex
636 1475 676 1538 de
699 1476 844 1538 exercitu
864 1487 1051 1541 revertatur.
1093 1479 1191 1542 Scul-

75 1563 165 1628 dahis
192 1583 269 1626 vero
299 1560 437 1622 dimittat
463 1571 528 1642 tres
556 1557 706 1621 homines
736 1559 792 1642 qui
824 1560 965 1623 caballos
985 1561 1123 1641 hahent,
1154 1569 1192 1624 ul

72 1648 191 1711 tollant
212 1646 253 1707 ad
274 1665 398 1706 saumas
419 1665 491 1705 suas
513 1643 598 1726 ipsos
621 1643 761 1704 caballos
782 1653 865 1704 tres:
894 1653 927 1704 et
949 1644 989 1707 de
1011 1645 1190 1708 minorihus
1237 1705 1239 1718 ,

73 1729 259 1792 hominibus
286 1726 424 1788 dimittat
445 1727 494 1788 vV.
524 1725 582 1808 qui
611 1726 731 1788 faciant
759 1726 790 1787 ei
820 1747 948 1808 operas,
980 1750 1083 1810 usque
1112 1729 1191 1790 dum

73 1815 142 1897 ipse
164 1831 310 1874 reversus
329 1810 445 1887 fuerit,
479 1809 576 1870 siout*
591 1809 633 1870 ad
661 1808 802 1871 iudicem
825 1809 964 1871 diximus
984 1833 1043 1894 per
1057 1811 1191 1891 ,hebdo-

72 1896 198 1957 madam
219 1914 356 1954 unamo
382 1915 450 1974 eras
473 1892 536 1956 Ill.
580 1892 733 1954 Saliarius
753 1893 886 1974 quidem
907 1894 1000 1954 tollat
1029 1896 1191 1956 caballum

72 1999 197 2056 unum,
228 1986 260 2038 et
291 1977 329 2037 de
351 1915 538 2051 {ominibus
559 1975 737 2036 minoribus
763 1976 856 2036 tollat
887 1975 1054 2038 hominem
1078 2000 1189 2056 unum,

73 2061 130 2145 qui
160 2060 191 2121 ei
221 2081 332 2144 operas
359 2057 471 2135 faciat,
505 2059 589 2120 sicut
609 2078 702 2141 supra
732 2057 857 2139 legitur.
904 2059 946 2121 Et
977 2059 1004 2120 si
1033 2061 1189 2144 amplius,

73 2153 129 2205 aut
148 2143 263 2218 iudex,
294 2149 349 2202 aut
370 2141 562 2219 sculdahis,
592 2150 647 2202 aut
659 2141 822 2202 'Saltarius
843 2141 1002 2204 dimittere
1024 2165 1190 2227 praesum-

66 2227 151 2290 'serit
179 2226 343 2301 homines,
383 2225 452 2286 sinc
473 2224 568 2308 Regis
598 2224 759 2307 permissu
788 2233 844 2284 aut
875 2224 1038 2304 iussione,
1060 2226 1133 2309 ‘qui
1155 2226 1189 2286 in

75 2311 251 2373 exercitum
281 2307 444 2372 ambulare
469 2307 629 2388 debeant,
664 2316 836 2392 componat
856 2307 1019 2392 widrigild
1039 2331 1133 2372 suum
1154 2309 1189 2370 in

73 2415 165 2456 sacro
196 2393 325 2477 palatio.
389 2395 413 2453 1.
440 2393 486 2468 14.
514 2415 543 2474 7.
1108 2391 1111 2396 '

156 2477 248 2538 Haec
275 2488 378 2536 autem
402 2477 509 2536 omnia
538 2475 682 2558 superias
703 2475 951 2558 comprehensa,
988 2495 1068 2560 quae
1096 2486 1191 2538 antea

69 2579 131 2642 per
151 2557 303 2619 iudicium
316 2555 421 2640 finita
443 2570 473 2618 et
491 2569 608 2619 statuta
631 2571 726 2632 sunt,
758 2569 789 2618 et
814 2561 966 2618 terminus
986 2559 1110 2642 positus
1131 2567 1189 2634 est,
1261 2557 1263 2562 ’

71 2643 118 2702 sie
136 2653 301 2712 maneant,
325 2641 405 2700 sicut
422 2641 486 2700 iam
502 2652 594 2701 antea
609 2653 724 2702 statuta
741 2651 830 2700 sunt:
851 2660 930 2722 quae
947 2653 1052 2701 autem
1072 2637 1189 2702 amodo

72 2725 268 2800 emerserint,
289 2723 660 2798 sieterminentur,sicut
677 2722 801 2785 nuncin
815 2719 1115 2804 praesentisEdicti
1126 2744 1190 2808 pa-
1211 2797 1214 2802 Ι

69 2808 145 2888 gina
161 2804 342 2892 affiximus.
402 2805 429 2866 1.
454 2807 500 2884 14.
523 2827 551 2888 7.

158 3020 271 3076 LEGES
290 3020 493 3076 LUTPRANDI
510 3020 615 3076 REGIS
633 3021 681 3104 DE
698 3021 796 3077 sallo
815 3022 926 3078 REGNI
945 3021 1028 3109 EIUS
1047 3021 1104 3078 XV.

60 3187 62 3194 ⁴
155 3179 226 3241 Iam
255 3179 338 3238 enim
365 3201 475 3241 novem
499 3180 644 3259 vicibus,
676 3179 910 3262 illud‘antiqui
936 3179 1047 3240 Edisti
1073 3199 1189 3263 corpus
1217 3199 1220 3204 ·

73 3273 273 3342 augmentare
296 3261 529 3344 praevidimus,
551 3283 630 3346 quae
652 3261 812 3323 credimus
835 3265 904 3325 Deo
928 3275 959 3322 et
978 3262 1069 3323 nobis
1087 3263 1190 3323 homi-

72 3347 164 3407 nibus
183 3342 304 3425 placita
327 3349 403 3409 esse.
444 3343 545 3405 Modo
563 3345 691 3424 quidem
710 3367 772 3405 una
790 3366 861 3404 cum
880 3346 998 3406 nostris
1013 3344 1191 3422 lodicibus,

72 3440 105 3489 et
133 3426 265 3506 reliquis
293 3423 512 3506 Langobardis
531 3425 691 3510 fidelibus
717 3428 852 3503 nostris,
889 3427 942 3486 die
973 3427 1192 3488 Kalendarum

73 3510 284 3585 Martiarum,
318 3529 401 3569 anno
426 3507 550 3569 Christo
574 3521 777 3590 protegente,
815 3511 905 3588 regni
927 3511 1030 3571 nostri
1049 3510 1119 3576 XV.
1140 3512 1193 3571 in·

73 3591 212 3652 dictione
229 3589 266 3654 X.
283 3591 399 3650 iterum
414 3599 476 3674 pro
494 3590 675 3673 quietudine
685 3612 881 3676 pauperum,
904 3605 935 3652 et
950 3594 1089 3654 omnium
1104 3593 1193 3655 Lan-

71 3671 284 3755 gobardorum
301 3672 472 3757 fidelia-ms
486 3687 666 3734 nostrorum
690 3674 920 3756 tranquillitate
952 3679 1191 3758 prospeximus,

73 3761 107 3817 in
128 3753 237 3816 Edisti
259 3776 392 3838 corpore
416 3755 474 3815 illa
491 3754 663 3834 adiungere
684 3753 767 3816 unde
793 3769 886 3816 antea
905 3772 974 3818 erat
995 3760 1117 3820 incerta
1133 3759 1194 3819 de·

62 3838 199 3926 finitio,
222 3841 369 3919 quoniam
384 3838 443 3898 alii
458 3838 607 3899 volebant
629 3859 690 3920 per
712 3858 823 3916 usum,
860 3839 919 3900 alii
940 3861 1002 3926 per
1023 3842 1192 3904 arbitrium

73 3921 226 3981 iudicare.
268 3919 336 3980 Sed
355 3921 467 3980 melius
485 3919 572 3982 nunc'
596 3934 662 4000 est,
696 3934 729 3984 ut
748 3921 809 3982 illo
827 3923 1009 4005 imponatur
1028 3926 1191 4000 terminus,

73 4002 156 4063 unde
177 4004 279 4064 nostri
298 4005 430 4066 subiecti
436 4001 618 4085 fatigentur
625 4049 635 4084 ,
666 4016 697 4064 et
717 4004 856 4086 qualiter
868 4007 1008 4067 omnium
1031 4029 1111 4068 unus
1121 4005 1194 4089 fuit

73 4107 136 4146 una
153 4086 315 4147 nobiseum
331 4107 522 4163 consensus,
548 4087 593 4148 ita
611 4109 631 4148 a
651 4086 746 4149 modo
769 4099 799 4148 et
815 4089 849 4148 ln
859 4085 977 4168 futuro
993 4088 1107 4152 debeat
1118 4110 1191 4173 per·

73 4187 209 4228 manere.
252 4169 394 4230 Primum
420 4170 560 4230 omnium
586 4181 723 4232 statuere
747 4169 987 4252 praevidemus,
1008 4194 1068 4254 pro
1089 4175 1193 4235 clm's·

74 4251 177 4313 tianae
198 4264 228 4313 et
251 4253 423 4335 catholicae
446 4252 524 4336 legis
548 4249 751 4336 defensioue,
778 4265 930 4338 quotenus
952 4256 1059 4318 nullus
1085 4281 1106 4316 a
1125 4255 1198 4336 sade
