2648 4874
258 302 362 366 neers
380 301 675 366 nrsrcornoann
692 305 757 362 tre.
779 306 819 366 u,
832 303 909 371 nr.
925 309 950 365 r.
1100 291 1179 367 tun

68 453 206 534 dampno
238 446 338 510 huius
367 445 449 530 legis
477 446 725 510 immanescere
754 447 920 524 iubemus,
949 447 1007 529 qui
1026 457 1180 534 praeteri-

68 546 111 596 tas
134 542 168 595 et
190 530 372 592 anteriores
391 529 478 612 leges
497 549 563 591 nou
586 531 626 590 ad
647 531 903 593 confutationem
923 529 1038 594 harum
1057 537 1178 618 legum,

67 617 121 680 sed
148 614 190 674 ad
223 611 520 694 comprobationem
538 613 785 694 praeteriturum
815 633 998 680 caussarum
1030 621 1179 702 proferre

67 701 99 760 iu
116 695 244 760 iudicio
275 695 408 779 fortasse
442 695 615 758 voluerint.

388 872 447 940 Xl.
479 895 541 942 rus.
566 897 629 940 cus.
651 891 737 944 nuos.
774 897 845 942 nur.

155 1007 345 1080 nedictus
361 1015 460 1102 sestis
490 1030 521 1080 et
544 1016 697 1099 seriatis,
728 1017 897 1102 inquibus
921 1039 985 1086 nott
1013 1037 1086 1086 sunt

455 1102 579 1180 negotia
606 1099 795 1167 exercenda.

147 1181 213 1244 Die
233 1181 397 1245 dominico
420 1182 584 1244 neminem
608 1183 704 1244 liceat
730 1184 964 1267 exaequatione
988 1177 1179 1270 constringi,

65 1265 145 1350 quia
176 1287 288 1328 omnes
311 1286 419 1328 causas
440 1265 557 1347 religio
584 1265 678 1326 dehet
708 1267 891 1335 excludere.
940 1270 979 1328 In
1009 1290 1075 1350 quo
1102 1275 1179 1330 nuil-

68 1352 117 1411 lus
142 1348 184 1409 ad
204 1369 350 1410 caussam
373 1345 558 1425 dicendam,
589 1369 696 1429 neque
721 1358 852 1431 propter
873 1348 1006 1432 aliquod
1034 1353 1180 1414 debitum

67 1434 203 1494 fortasse
224 1431 418 1494 solvendum
432 1451 617 1512 quenquam
632 1430 812 1512 inquietare
838 1443 1025 1516 praesumet.
1054 1436 1180 1497 Diebus

70 1514 170 1576 etiam
188 1513 398 1576 Paschalibns
416 1511 509 1592 nulla
555 1513 671 1574 utimur
691 1513 871 1596 quemlibet
888 1516 1108 1598 exequutione
1134 1529 1182 1579 te-

67 1596 163 1668 neri,
197 1593 321 1674 idest,
352 1616 412 1678 per
434 1595 502 1659 XV.
523 1535 612 1673 «iles,
634 1606 756 1679 septem
779 1597 837 1680 qui
854 1597 1041 1662 Paschalem
1060 1600 1180 1661 solem-

69 1679 206 1740 nitatem
230 1679 448 1762 praecedunt,
471 1685 503 1742 et
528 1686 651 1762 reptem
678 1673 776 1755 alios,
804 1678 863 1760 qni
882 1690 1072 1762 sequnntur.
1112 1683 1179 1743 Na-

66 1760 203 1823 tivitatis
232 1777 364 1842 quoque
386 1759 537 1839 Domini,
573 1758 852 1840 Circumcisiouis,
879 1761 1099 1844 Epiphaniae,
1120 1765 1181 1827 As·

69 1839 233 1906 censionis
250 1853 281 1906 et
300 1846 528 1922 Pentecosten,
557 1837 677 1926 singuli
706 1839 774 1905 dies
796 1842 894 1906 simili
919 1846 1099 1906 reverentia
1120 1868 1178 1908 re-

68 1935 237 1987 nerentur.
277 1921 344 1986 Nec
366 1946 432 1987 non
456 1933 489 1988 et
507 1946 566 2008 pro
593 1925 738 1988 messivis
754 1926 864 2002 feriis,
886 1947 904 1984 a
925 1927 995 1992 XV.
1016 1925 1088 1988 Kal.
1109 1927 1181 1988 An·

68 2007 174 2093 gusti,
197 2027 298 2090 usqne
310 2008 350 2068 ad
363 2007 437 2071 XV.
450 2007 522 2073 Kal.
541 2008 747 2092 Septembris.
788 2009 825 2070 ln
842 2005 1086 2090 Carthaginensi
1101 2031 1180 2070 vero

90 2088 258 2166 revincia,
284 2100 416 2173 propter
440 2087 636 2152 locustarum
649 2088 860 2153 vastationem
873 2090 1047 2165 assiduam,
1067 2112 1083 2150 a
1102 2089 1178 2153 XV.

67 2115 142 2234 Xal.
164 2171 261 2246 Iulii,
283 2193 386 2254 usque
409 2171 449 2233 ad
472 2173 545 2238 XV.
565 2174 637 2235 Kal.
656 2172 792 2254 Augusti
807 2171 955 2234 messinas
974 2173 1070 2234 ferias
1088 2194 1180 2255 prae·

69 2254 207 2335 cipimus
230 2254 453 2320 observandas.
492 2257 535 2318 Et
559 2265 693 2338 propter
721 2255 898 2316 vindemias
925 2254 1139 2338 colligendas,
1161 2277 1181 2316 u

68 2339 138 2402 XV.
155 2335 229 2398 Kal.
243 2336 410 2416 Octobris,
432 2357 534 2421 usqne
554 2339 594 2400 ad
609 2339 680 2401 XV.
699 2333 978 2404 Katttovembris‘.
1020 2337 1181 2400 Omnibus

68 2419 130 2482 hac
154 2420 383 2482 constitutione
414 2419 639 2497 concedimus,
674 2429 711 2480 ut
743 2441 802 2502 per
826 2419 908 2481 haec
932 2430 1075 2500 tempora
1108 2421 1181 2482 nul·

68 2503 120 2565 lus
147 2503 189 2564 ad
205 2523 350 2564 caussam
376 2502 546 2564 dicendam
563 2503 675 2565 venire
702 2512 852 2585 cogatur,
883 2502 938 2566 vel
955 2503 1015 2565 sub
1032 2523 1181 2584 exequu-

68 2586 162 2646 tione
186 2584 293 2667 aliqua
321 2586 512 2669 deputeturt
547 2584 610 2647 nisi
629 2586 712 2646 forte
733 2607 860 2662 caussa,
893 2585 932 2646 dc
958 2607 1021 2670 qua
1040 2585 1181 2668 compel-

67 2668 168 2744 litur,
190 2676 303 2751 coepta
322 2667 386 2728 iam
411 2666 657 2750 apudiudicem
677 2667 776 2729 fuisse
804 2668 964 2734 rideatur.
986 2669 1084 2730 ‘Nam
1102 2689 1180 2750 pro-

69 2750 124 2812 cul
141 2749 242 2811 dubio
264 2750 292 2812 si
312 2748 462 2812 inchoata
480 2749 580 2811 fuisse
600 2750 683 2811 actio
703 2750 884 2832 reperitur,
907 2751 947 2812 ad
960 2751 1181 2834 peragendum

69 2833 237 2916 negotium
262 2832 383 2916 absque
409 2833 477 2894 ulle
496 2833 684 2894 feriatorum
706 2833 832 2894 dierum
860 2831 1042 2894 obiectione
1065 2853 1182 2914 cogen-

70 2917 129 2978 dus
160 2924 209 2976 est
234 2914 308 2994 ille,
338 2915 396 3011 qui
420 2915 580 2997 pulsatum
611 2916 672 2990 ita,
704 2923 740 2975 ut
766 2915 792 2975 si
820 2937 958 2998 persona
983 2923 1032 2976 cst
1056 2918 1110 2976 cui
1135 2917 1181 2975 fa.

70 2998 131 3060 uile
156 2997 247 3059 credi
267 3009 384 3078 possit,
412 2999 531 3081 placito
553 2997 718 3060 districtus
749 2997 906 3059 abscedat.
964 2997 999 3058 si
1026 3007 1113 3060 certe
1138 2999 1181 3058 sit

71 3081 108 3142 de
131 3079 226 3142 cuius
246 3079 308 3142 fide
328 3080 511 3154 dubitetur,
532 3102 591 3162 pro
610 3102 643 3141 se
664 3078 884 3142 fideiussorem
900 3079 1068 3157 adhibeat,
1098 3101 1181 3162 qna—

71 3172 165 3224 tenus
198 3162 335 3246 pcractis
360 3163 559 3243 temporibus
592 3162 801 3244 supradictis,
832 3162 873 3223 ad
902 3161 1078 3222 finiendam
1106 3183 1181 3224 cum

69 3246 209 3328 petitore
233 3265 390 3324 caussam,
413 3244 470 3305 ubi
492 3239 591 3306 iudex
611 3245 764 3328 elegerit,
799 3253 922 3308 remota
948 3244 1104 3305 dilutione
1128 3265 1181 3305 oc·

71 3337 179 3390 ouratt
208 3337 337 3410 praeter
366 3328 423 3410 qni
454 3328 518 3388 tale
545 3327 667 3388 crimen
695 3323 898 3405 admiserint,
936 3327 1024 3407 quod
1051 3347 1182 3388 necesse

70 3412 108 3472 sit
127 3411 291 3472 sententia
310 3411 421 3472 mortis
447 3409 567 3493 puniri.
619 3410 684 3488 Qui
716 3409 813 3470 etiarn
844 3410 877 3469 in
904 3409 1021 3470 talibus
1045 3410 1178 3470 omnino

70 3493 205 3570 diebus,
235 3502 268 3554 et
284 3492 582 3575 comprehendendi
602 3501 695 3568 sunt,
723 3501 756 3553 et
784 3491 882 3552 ardua
900 3492 934 3551 in
964 3492 1105 3553 vinculis
1128 3514 1183 3552 cn·

69 3575 173 3637 studia
195 3575 382 3653 retinendi,
412 3596 581 3657 quousque
600 3581 731 3656 peracto
756 3573 808 3636 dic
829 3573 1021 3652 Dominico,
1056 3576 1110 3636 rel
1134 3576 1202 3634 fe-·

68 3658 125 3719 riis
165 3657 374 3742 supradictis,
417 3657 522 3721 debita
553 3658 766 3739 subsequatur
800 3679 853 3728 eos
882 3658 965 3718 ultio
1000 3657 1182 3722 iudicantis.

62 3739 215 3802 Messivis
241 3761 337 3818 sane,
372 3739 425 3802 rel
456 3739 703 3801 vindemialibus
734 3739 842 3818 seriis,
881 3740 915 3800 in
940 3740 1124 3802 criminosas
1151 3750 1184 3801 et

69 3824 181 3905 dignas
202 3834 305 3884 morte
327 3843 494 3906 personas,
530 3822 644 3904 legalis
673 3823 858 3885 nullatenus
880 3843 1016 3885 censura
1036 3823 1184 3888 cessabit,

69 3905 132 3967 Sed
163 3927 227 3967 nec
253 3905 348 3966 illum
378 3905 438 3966 ista
462 3905 519 3966 lex
549 3914 735 3968 excusatum
755 3904 902 3983 habebit,
937 3906 996 3987 qui
1019 3927 1079 3967 nec
1105 3907 1184 3967 dum

70 3988 108 4048 ad
144 3987 306 4050 iudicium
340 3997 415 4049 ante
452 3987 652 4068 compulsus,
687 3989 743 4050 sed
774 3998 881 4051 temen
909 3989 1014 4049 sciens
1046 4009 1079 4048 se
1113 4009 1183 4050 esse

71 4071 335 4154 quandoquidem
368 4069 649 4154 compellendum,
682 4072 819 4154 reliquis
845 4092 878 4132 sc
909 4069 1106 4152 temporibus
1135 4069 1182 4128 di-

71 4152 189 4230 latans,
212 4153 253 4216 ad
279 4151 342 4216 hoc
355 4153 389 4214 in
409 4151 580 4236 praedictis
599 4152 688 4214 feriis
703 4153 772 4233 illi,
792 4175 810 4215 a
832 4174 898 4235 quo
917 4153 1094 4236 pulsandus
1115 4159 1181 4228 est„

72 4257 106 4298 se.
120 4235 345 4300 indubitanter
363 4235 524 4320 ostendit,
552 4236 628 4319 quia
645 4246 738 4322 putat
764 4257 798 4302 se
826 4236 869 4303 ad
895 4255 1038 4304 caussam
1065 4233 1182 4300 dicens
