2684 4868
145 211 222 297 530
338 208 443 297 arou
462 237 753 298 wismomonuu
771 239 837 297 ua.
855 237 887 296 v.
904 203 977 300 mr.
995 240 1077 304 vn.-
1097 247 1100 254 ⁴

145 393 222 458 tem,
236 379 411 443 dummodo
428 379 511 441 inira
531 401 588 443 sex
608 401 746 460 menses,
761 379 860 454 trium
881 379 1095 465 aut'quinque
1114 393 1256 466 testium,

145 466 264 548 quibus
286 465 375 545 credi
398 462 518 546 possit,
536 463 724 527 testimonio
745 464 981 547 comprobetur.
1021 465 1136 529 Sedet
1155 469 1257 531 liber-

143 551 185 611 tis
207 546 336 629 siquid
358 547 535 624 donaverit,
557 547 615 630 qni
642 567 697 609 eos
718 547 924 625 manumittit,
952 555 1008 608 aut
1027 546 1182 612 libertatis
1203 552 1256 636 ip-

144 633 209 695 sius
230 631 388 713 scriptura
411 628 587 707 contineat,
602 638 656 691 aut
668 637 769 692 'testes
784 629 841 712 qui
857 628 1052 693 adhibentur
1063 645 1252 716 agnoscant3

114 735 117 739 ·
145 724 178 779 et
197 735 249 779 res
269 713 357 799 apud
373 710 509 776 libertos
530 711 647 774 donata
668 721 864 797 permaneat.

354 904 359 913 1
581 825 623 890 11.
665 846 813 904 anricus.

181 941 223 1005 Si
243 939 365 1006 alienus
386 961 515 1015 servus,
554 941 611 1004 vel
629 961 790 1006 commune
819 941 1011 1028 mancipium
1045 945 1214 1008 mmnmit-

650 1036 746 1091 tatur.

225 1109 260 1170 si
283 1108 356 1194 quis
376 1107 521 1170 alienum
542 1127 670 1170 servum
690 1105 744 1168 ve'l
773 1127 946 1170 commune
967 1110 1166 1193 mancipium
1187 1131 1257 1170 ma-

143 1193 311 1254 numiserit
330 1192 364 1252 in
387 1177 535 1253 iraudcm
556 1189 834 1268 domini,libe1tas
855 1192 928 1254 data
949 1212 1015 1254 non
1036 1194 1151 1255 valeat.
1193 1192 1257 1254 llle

140 1297 218 1338 vero
239 1276 294 1357 qui
316 1272 540 1335 manumiserit
558 1274 703 1336 alienum
724 1274 938 1358 mancipium,
968 1276 1107 1338 alterum
1127 1285 1259 1358 praeter

140 1360 236 1420 illum
257 1357 389 1418 domino
417 1358 492 1419 dare
524 1365 665 1440 cogatur.
708 1355 743 1417 si
768 1377 846 1419 vero
874 1357 1026 1420 dominus
1054 1359 1257 1440 adquieverit

97 1505 99 1510 ,
139 1453 175 1502 ut
195 1442 253 1502 ille
276 1440 360 1503 liber
380 1439 438 1516 sit,
469 1440 549 1502 duos
570 1438 705 1501 vicarios
726 1457 842 1502 servos
861 1462 921 1523 pro
945 1442 1146 1504 manumisso
1163 1439 1256 1504 servo

138 1523 315 1609 percipiat,
343 1533 376 1584 et
396 1523 527 1584 libertas
549 1521 622 1584 data
650 1521 767 1584 habeat
787 1523 979 1586 firmitatem.
1021 1525 1109 1587 Haec
1142 1525 1257 1588 eadem

138 1607 232 1669 etde
258 1605 388 1666 ancillis
408 1604 624 1702 praecipimus
647 1604 817 1667 custodiri.
859 1605 895 1668 si
921 1606 994 1690 quis
1022 1629 1099 1668 sane
1119 1608 1192 1669 vult
1213 1628 1256 1668 ex

139 1691 264 1774 integro
285 1695 508 1750 manumittere
532 1709 702 1750 commune
722 1688 931 1773 mancipium,
953 1690 1179 1788 presbyterum
1199 1689 1257 1772 qui

138 1793 290 1918 praesens
309 1780 359 1834 est
380 1771 433 1832 vel
456 1768 628 1834 diaconum
653 1792 914 1852 commonemus,
937 1793 979 1835 ne
1004 1773 1192 1834 huiusmodi
1213 1773 1256 1832 li-

48 1891 49 1896 *
85 1879 87 1881 ·
162 1864 298 1917 ertatem
319 1876 352 1916 se
373 1852 445 1916 fieri
465 1855 688 1938 praesentibus
708 1856 914 1940 permittant,
938 1857 1015 1940 quia
1036 1856 1116 1917 haec
1139 1875 1257 1916 manu·
1297 1928 1300 1932 ¹

138 1938 248 2000 missio
271 1948 352 2000 stare
374 1957 441 1999 non
468 1937 602 2022 poterit.¹
639 1937 674 1998 si
705 1937 917 2020 quis‘autem
938 1959 1108 2007 commune
1131 1940 1257 1999 manci-

138 2023 229 2106 pium
248 2021 319 2081 vnlt
340 2017 358 2080 a
378 2020 453 2104 iugo
476 2019 635 2082 servitutis
658 2019 835 2101 absolvere,
848 2021 937 2104 prius
959 2043 1033 2082 eum
1055 2021 1257 2083 consortibus
1309 2023 1311 2028 ’

142 2106 207 2167 suis
230 2104 367 2181 dividat,
402 2113 435 2164 et
458 2125 532 2164 suae
563 2102 706 2165 vindicet
727 2105 895 2188 potestati:
924 2115 979 2166 aut
1000 2113 1086 2166 certe
1108 2126 1183 2165 cum
1203 2103 1256 2164 his

140 2188 197 2270 qui
218 2187 249 2249 ei
270 2195 433 2248 consortes
453 2195 547 2264 sunt,
578 2185 613 2246 id
633 2186 703 2247 fieri
740 2189 793 2250 vel
814 2187 918 2271 pretio
940 2187 993 2250 vel
1013 2185 1163 2271 precibus
1185 2186 1256 2248 cla-

138 2272 249 2333 boret:
273 2269 305 2332 et
318 2269 364 2332 sic
375 2269 402 2328 si
411 2269 562 2347 voluerit,
576 2278 745 2352 praesente
756 2271 945 2354 presbytero
964 2269 1017 2332 vel
1039 2270 1176 2332 diacono
1187 2290 1254 2330 ma·

143 2354 309 2430 numittat,
332 2361 369 2411 et
391 2351 521 2413 libertas
542 2353 614 2412 data
641 2349 795 2423 firmetur.
837 2355 935 2432 Quod
957 2353 984 2414 si
1005 2351 1256 2434 aliquis·coram

143 2435 309 2496 sacerdote
330 2433 383 2494 vel
407 2434 545 2496 diacono
568 2455 737 2498 commune
763 2433 957 2519 mancipium
978 2457 1020 2496 ex
1038 2435 1163 2516 integro
1179 2457 1256 2504 ,ma-

144 2517 320 2594 numiserit,
341 2515 543 2600 proprietatis
564 2539 639 2582 suae
660 2528 787 2600 partem
807 2519 847 2582 de
869 2515 1030 2602 mancipio
1060 2517 1201 2596 amittat,
1225 2526 1258 2580 et

144 2600 339 2682 mancipium
360 2598 402 2658 ad
421 2600 583 2680 integrum
602 2621 735 2664 consors
745 2601 802 2664 ille
819 2601 876 2684 qui
898 2623 964 2662 non
985 2600 1179 2677 manumisit,
1198 2600 1258 2660 ob-

111 2731 116 2745 .
143 2681 253 2744 tineat.
284 2683 374 2759 ¹Nam
395 2681 422 2744 si
451 2692 575 2765 partem
595 2705 690 2744 suam
706 2705 787 2766 quae
815 2683 848 2746 in
879 2686 1003 2748 eodem,
1023 2682 1185 2768 mancipio
1207 2681 1259 2744 illi

147 2765 300 2844 debetur,
330 2764 494 2828 absolvere
514 2765 672 2846 voluerit,
693 2766 856 2851 prohiberi
879 2789 945 2830 non
966 2766 1093 2852 poterit.

573 2881 634 2942 111.
674 2900 823 2957 anricus.

306 2996 357 3057 De
379 2994 429 3054 lais
446 2994 503 3079 qui
531 3015 563 3056 se
590 2993 707 3056 liberos
735 3016 801 3058 esse
818 2989 1094 3082 proclamaverint.

230 3077 264 3139 Si
290 3075 449 3159 mancipia
470 3097 504 3139 se
527 3075 561 3137 in
591 3076 738 3140 libertate
760 3079 1044 3161 proclamaverint,
1066 3079 1203 3164 spatium
1226 3089 1262 3142 et

146 3161 319 3223 tuitionem
340 3161 469 3221 arbitrio
500 3159 615 3222 iudicis
637 3160 811 3244 accipiant,
834 3170 870 3224 ut
888 3168 985 3224 testes
1005 3161 1130 3246 possint
1150 3165 1193 3226 ad
1216 3165 1261 3223 li-

93 3281 95 3286 ·
147 3243 278 3307 bertatis
300 3266 373 3305 suae
398 3243 592 3305 documenta
634 3243 811 3326 erquirere.
863 3245 929 3308 Sed
953 3253 1078 3307 tantum
1105 3247 1262 3330 temporis

149 3328 284 3411 spatium
311 3325 477 3410 mancipiis
493 3265 715 3404 concedatur,
736 3336 773 3387 ut
794 3347 856 3389 nec
877 3328 1005 3391 servitia
1025 3330 1177 3412 dominis,
1198 3351 1261 3393 nee

149 3410 307 3478 beneficia
326 3409 596 3495 proclamantdnts
619 3407 828 3493 denegentur.
1297 3415 1299 3420 '

577 3524 633 3586 tv.
676 3519 824 3600 larinus.

191 3638 229 3701 Si
255 3639 300 3701 ad
324 3614 508 3702 seruitutem
532 3651 715 3736 repetatur,
755 3639 812 3722 qni
837 3638 876 3700 in
899 3638 1045 3704 libertate
1074 3653 1122 3710 est
1142 3661 1205 3705 eon

232 3805 267 3864 Si
288 3803 322 3862 in
344 3803 490 3864 libertate
513 3733 769 3873 eonstiiiiiiitii
793 3802 958 3866 servitium
979 3813 1165 3888 repetatur,
1197 3826 1264 3868 non

148 3887 245 3948 liceat
270 3908 344 3948 eum
366 3885 399 3944 in
427 3887 604 3948 custodiam
620 3885 716 3948 -mini
742 3885 862 3948 abillo
886 3909 904 3946 a
927 3889 993 3969 quo
1016 3890 1185 3972 repetitur,
1207 3890 1265 3952 sed

147 3969 263 4030 iudicis
285 3976 466 4030 reservetur
486 3968 627 4046 arbitrio,
650 3968 676 4029 si
700 3968 815 4030 debeat
842 3969 899 4030 sub
924 3969 1109 4033 fideiussore
1139 3973 1265 4037 consis-

27 4049 31 4056 '
122 4117 125 4123 ,
145 4060 227 4131 tere,
250 4050 425 4116 dummodo
452 4050 534 4114 nihil
557 4050 738 4116 violentiae·
760 4072 779 4114 a
805 4053 956 4137 pulsante
978 4053 1127 4136 patiatur.
