<?xml version="1.0" encoding="UTF-8"?>
<!DOCTYPE html PUBLIC "-//W3C//DTD XHTML 1.0 Transitional//EN"
    "http://www.w3.org/TR/xhtml1/DTD/xhtml1-transitional.dtd">
<html xmlns="http://www.w3.org/1999/xhtml" xml:lang="en" lang="en">
 <head>
  <title>
</title>
<meta http-equiv="Content-Type" content="text/html;charset=utf-8" />
  <meta name='ocr-system' content='tesseract 3.04.00' />
  <meta name='ocr-capabilities' content='ocr_page ocr_carea ocr_par ocr_line ocrx_word'/>
</head>
<body>
  <div class='ocr_page' id='page_1' title='image "./corpusiurisgerm00visigoog_0162.png"; bbox 0 0 2684 4868; ppageno 0'>
   <div class='ocr_carea' id='block_1_1' title="bbox 297 245 1221 330">
    <p class='ocr_par' dir='ltr' id='par_1_1' title="bbox 297 245 1221 330">
     <span class='ocr_line' id='line_1_1' title="bbox 297 245 1221 330; baseline -0.004 -8"><span class='ocrx_word' id='word_1_1' title='bbox 297 261 401 322; x_wconf 79' lang='lat' dir='ltr'><strong>nuors</strong></span> <span class='ocrx_word' id='word_1_2' title='bbox 417 261 710 320; x_wconf 67' lang='lat' dir='ltr'><strong>acroceraunus</strong></span> <span class='ocrx_word' id='word_1_3' title='bbox 728 262 794 330; x_wconf 82' lang='lat' dir='ltr'><strong>ns.</strong></span> <span class='ocrx_word' id='word_1_4' title='bbox 812 261 878 322; x_wconf 80' lang='lat' dir='ltr'><strong>tn.</strong></span> <span class='ocrx_word' id='word_1_5' title='bbox 894 261 966 316; x_wconf 81' lang='lat' dir='ltr'><strong>rrr.</strong></span> <span class='ocrx_word' id='word_1_6' title='bbox 985 261 1020 318; x_wconf 85' lang='lat' dir='ltr'><strong>r.</strong></span> <span class='ocrx_word' id='word_1_7' title='bbox 1143 245 1221 330; x_wconf 70' lang='lat' dir='ltr'><strong>tta</strong></span> 
     </span>
    </p>
   </div>
   <div class='ocr_carea' id='block_1_2' title="bbox 101 400 1225 655">
    <p class='ocr_par' dir='ltr' id='par_1_2' title="bbox 101 400 1225 655">
     <span class='ocr_line' id='line_1_2' title="bbox 101 400 1225 501; baseline 0.004 -35"><span class='ocrx_word' id='word_1_8' title='bbox 101 403 200 472; x_wconf 78' lang='lat' dir='ltr'><strong>bora-</strong></span> <span class='ocrx_word' id='word_1_9' title='bbox 220 423 283 500; x_wconf 74' lang='lat' dir='ltr'><strong>suo</strong></span> <span class='ocrx_word' id='word_1_10' title='bbox 314 401 476 501; x_wconf 58' lang='lat' dir='ltr'><strong>Mmm,</strong></span> <span class='ocrx_word' id='word_1_11' title='bbox 507 411 733 488; x_wconf 79' lang='lat' dir='ltr'><strong>consequatur.</strong></span> <span class='ocrx_word' id='word_1_12' title='bbox 788 403 826 467; x_wconf 81' lang='lat' dir='ltr'><strong>si</strong></span> <span class='ocrx_word' id='word_1_13' title='bbox 852 400 928 484; x_wconf 79' lang='lat' dir='ltr'><strong>qnia</strong></span> <span class='ocrx_word' id='word_1_14' title='bbox 956 400 1094 501; x_wconf 69' lang='lat' dir='ltr'><strong>amplius</strong></span> <span class='ocrx_word' id='word_1_15' title='bbox 1125 426 1225 501; x_wconf 60' lang='lat' dir='ltr'><strong>quarn</strong></span> 
     </span>
     <span class='ocr_line' id='line_1_3' title="bbox 101 487 1225 576; baseline 0.002 -28"><span class='ocrx_word' id='word_1_16' title='bbox 101 508 167 550; x_wconf 74' lang='lat' dir='ltr'><strong>mos</strong></span> <span class='ocrx_word' id='word_1_17' title='bbox 188 493 379 564; x_wconf 73' lang='lat' dir='ltr'><strong>statuarius,</strong></span> <span class='ocrx_word' id='word_1_18' title='bbox 410 508 558 570; x_wconf 79' lang='lat' dir='ltr'><strong>accipere</strong></span> <span class='ocrx_word' id='word_1_19' title='bbox 578 487 713 553; x_wconf 74' lang='lat' dir='ltr'><strong>tor-usse</strong></span> <span class='ocrx_word' id='word_1_20' title='bbox 730 493 1002 571; x_wconf 78' lang='lat' dir='ltr'><strong>praesumpsertt,</strong></span> <span class='ocrx_word' id='word_1_21' title='bbox 1032 503 1065 554; x_wconf 80' lang='lat' dir='ltr'><strong>et</strong></span> <span class='ocrx_word' id='word_1_22' title='bbox 1093 508 1148 557; x_wconf 87' lang='lat' dir='ltr'><strong>cm</strong></span> <span class='ocrx_word' id='word_1_23' title='bbox 1163 487 1225 576; x_wconf 46' lang='lat' dir='ltr'><strong>ab}</strong></span> 
     </span>
     <span class='ocr_line' id='line_1_4' title="bbox 102 567 564 655; baseline 0.006 -23"><span class='ocrx_word' id='word_1_24' title='bbox 102 567 199 633; x_wconf 81' lang='lat' dir='ltr'><strong>stnlit</strong></span> <span class='ocrx_word' id='word_1_25' title='bbox 226 569 340 631; x_wconf 87' lang='lat' dir='ltr'><strong>reddat</strong></span> <span class='ocrx_word' id='word_1_26' title='bbox 359 569 395 631; x_wconf 90' lang='lat' dir='ltr'><strong>iu</strong></span> <span class='ocrx_word' id='word_1_27' title='bbox 419 570 564 655; x_wconf 86' lang='lat' dir='ltr'><strong>duplum.</strong></span> 
     </span>
    </p>
   </div>
   <div class='ocr_carea' id='block_1_3' title="bbox 554 686 784 760">
    <p class='ocr_par' dir='ltr' id='par_1_3' title="bbox 554 686 784 760">
     <span class='ocr_line' id='line_1_5' title="bbox 554 686 784 760; baseline -0.017 -9"><span class='ocrx_word' id='word_1_28' title='bbox 554 686 594 753; x_wconf 88' lang='lat' dir='ltr'><strong>V.</strong></span> <span class='ocrx_word' id='word_1_29' title='bbox 635 704 784 760; x_wconf 78' lang='lat' dir='ltr'><strong>armona.</strong></span> 
     </span>
    </p>
   </div>
   <div class='ocr_carea' id='block_1_4' title="bbox 93 797 1228 1550">
    <p class='ocr_par' dir='ltr' id='par_1_4' title="bbox 211 797 1190 884">
     <span class='ocr_line' id='line_1_6' title="bbox 211 797 1190 884; baseline 0.013 -19"><span class='ocrx_word' id='word_1_30' title='bbox 211 803 249 865; x_wconf 80' lang='lat' dir='ltr'><strong>st</strong></span> <span class='ocrx_word' id='word_1_31' title='bbox 269 800 371 868; x_wconf 75' lang='lat' dir='ltr'><strong>tader</strong></span> <span class='ocrx_word' id='word_1_32' title='bbox 385 801 575 870; x_wconf 69' lang='lat' dir='ltr'><strong>-crimtnftso</strong></span> <span class='ocrx_word' id='word_1_33' title='bbox 591 797 711 884; x_wconf 72' lang='lat' dir='ltr'><strong>fatens,</strong></span> <span class='ocrx_word' id='word_1_34' title='bbox 731 797 949 877; x_wconf 65' lang='lat' dir='ltr'><strong>crimimw:</strong></span> <span class='ocrx_word' id='word_1_35' title='bbox 963 799 1124 882; x_wconf 57' lang='lat' dir='ltr'><strong>adsolant„</strong></span> <span class='ocrx_word' id='word_1_36' title='bbox 1158 813 1190 884; x_wconf 72' lang='lat' dir='ltr'><strong>‘t&#39;</strong></span> 
     </span>
    </p>

    <p class='ocr_par' dir='ltr' id='par_1_5' title="bbox 93 878 1228 1550">
     <span class='ocr_line' id='line_1_7' title="bbox 168 878 1221 967; baseline -0.001 -20"><span class='ocrx_word' id='word_1_37' title='bbox 168 886 224 948; x_wconf 61' lang='lat' dir='ltr'><strong>‘si</strong></span> <span class='ocrx_word' id='word_1_38' title='bbox 259 885 359 946; x_wconf 85' lang='lat' dir='ltr'><strong>iudex</strong></span> <span class='ocrx_word' id='word_1_39' title='bbox 387 885 535 966; x_wconf 90' lang='lat' dir='ltr'><strong>quolibet</strong></span> <span class='ocrx_word' id='word_1_40' title='bbox 562 883 723 947; x_wconf 85' lang='lat' dir='ltr'><strong>beneficio</strong></span> <span class='ocrx_word' id='word_1_41' title='bbox 752 894 922 967; x_wconf 87' lang='lat' dir='ltr'><strong>corruptus</strong></span> <span class='ocrx_word' id='word_1_42' title='bbox 949 883 1092 966; x_wconf 77' lang='lat' dir='ltr'><strong>aliquem</strong></span> <span class='ocrx_word' id='word_1_43' title='bbox 1120 878 1221 946; x_wconf 88' lang='lat' dir='ltr'><strong>iuno-</strong></span> 
     </span>
     <span class='ocr_line' id='line_1_8' title="bbox 93 963 1219 1049; baseline -0.005 -16"><span class='ocrx_word' id='word_1_44' title='bbox 93 977 234 1037; x_wconf 74' lang='lat' dir='ltr'><strong>,ceutem</strong></span> <span class='ocrx_word' id='word_1_45' title='bbox 255 967 434 1046; x_wconf 86' lang='lat' dir='ltr'><strong>occiderit,</strong></span> <span class='ocrx_word' id='word_1_46' title='bbox 464 966 566 1030; x_wconf 84' lang='lat' dir='ltr'><strong>simili·</strong></span> <span class='ocrx_word' id='word_1_47' title='bbox 592 976 705 1030; x_wconf 81' lang='lat' dir='ltr'><strong>morta.</strong></span> <span class='ocrx_word' id='word_1_48' title='bbox 724 963 925 1049; x_wconf 63' lang='lat' dir='ltr'><strong>dauqmetub.</strong></span> <span class='ocrx_word' id='word_1_49' title='bbox 974 965 1010 1026; x_wconf 90' lang='lat' dir='ltr'><strong>Si</strong></span> <span class='ocrx_word' id='word_1_50' title='bbox 1037 988 1116 1030; x_wconf 77' lang='lat' dir='ltr'><strong>vero</strong></span> <span class='ocrx_word' id='word_1_51' title='bbox 1143 990 1219 1030; x_wconf 87' lang='lat' dir='ltr'><strong>eum</strong></span> 
     </span>
     <span class='ocr_line' id='line_1_9' title="bbox 102 1046 1228 1137; baseline 0.002 -25"><span class='ocrx_word' id='word_1_52' title='bbox 102 1052 164 1135; x_wconf 89' lang='lat' dir='ltr'><strong>qni</strong></span> <span class='ocrx_word' id='word_1_53' title='bbox 201 1059 304 1114; x_wconf 86' lang='lat' dir='ltr'><strong>morte</strong></span> <span class='ocrx_word' id='word_1_54' title='bbox 341 1048 458 1133; x_wconf 80' lang='lat' dir='ltr'><strong>dignus</strong></span> <span class='ocrx_word' id='word_1_55' title='bbox 487 1058 535 1112; x_wconf 88' lang='lat' dir='ltr'><strong>est</strong></span> <span class='ocrx_word' id='word_1_56' title='bbox 565 1049 777 1112; x_wconf 88' lang='lat' dir='ltr'><strong>criminosum</strong></span> <span class='ocrx_word' id='word_1_57' title='bbox 805 1047 999 1127; x_wconf 85' lang='lat' dir='ltr'><strong>absolverit,</strong></span> <span class='ocrx_word' id='word_1_58' title='bbox 1033 1046 1228 1137; x_wconf 50' lang='lat' dir='ltr'><strong>septuplum¹</strong></span> 
     </span>
     <span class='ocr_line' id='line_1_10' title="bbox 101 1129 1219 1218; baseline 0.003 -25"><span class='ocrx_word' id='word_1_59' title='bbox 101 1143 263 1218; x_wconf 84' lang='lat' dir='ltr'><strong>quantum</strong></span> <span class='ocrx_word' id='word_1_60' title='bbox 286 1153 345 1215; x_wconf 89' lang='lat' dir='ltr'><strong>pro</strong></span> <span class='ocrx_word' id='word_1_61' title='bbox 367 1133 436 1193; x_wconf 87' lang='lat' dir='ltr'><strong>eius</strong></span> <span class='ocrx_word' id='word_1_62' title='bbox 458 1130 658 1194; x_wconf 89' lang='lat' dir='ltr'><strong>absolutione</strong></span> <span class='ocrx_word' id='word_1_63' title='bbox 682 1141 866 1216; x_wconf 87' lang='lat' dir='ltr'><strong>acceperat,</strong></span> <span class='ocrx_word' id='word_1_64' title='bbox 896 1129 946 1190; x_wconf 90' lang='lat' dir='ltr'><strong>illi</strong></span> <span class='ocrx_word' id='word_1_65' title='bbox 977 1131 1031 1192; x_wconf 88' lang='lat' dir='ltr'><strong>cui</strong></span> <span class='ocrx_word' id='word_1_66' title='bbox 1052 1143 1119 1194; x_wconf 86' lang='lat' dir='ltr'><strong>crat</strong></span> <span class='ocrx_word' id='word_1_67' title='bbox 1135 1136 1219 1215; x_wconf 78' lang='lat' dir='ltr'><strong>¹clal-</strong></span> 
     </span>
     <span class='ocr_line' id='line_1_11' title="bbox 99 1211 1218 1302; baseline 0.003 -26"><span class='ocrx_word' id='word_1_68' title='bbox 99 1216 239 1302; x_wconf 79' lang='lat' dir='ltr'><strong>pabilis,</strong></span> <span class='ocrx_word' id='word_1_69' title='bbox 272 1223 405 1297; x_wconf 77' lang='lat' dir='ltr'><strong>cogatur</strong></span> <span class='ocrx_word' id='word_1_70' title='bbox 426 1213 605 1278; x_wconf 77' lang='lat' dir='ltr'><strong>exsolvere.</strong></span> <span class='ocrx_word' id='word_1_71' title='bbox 652 1215 697 1278; x_wconf 83' lang='lat' dir='ltr'><strong>Et:</strong></span> <span class='ocrx_word' id='word_1_72' title='bbox 719 1213 759 1276; x_wconf 89' lang='lat' dir='ltr'><strong>de</strong></span> <span class='ocrx_word' id='word_1_73' title='bbox 790 1211 959 1276; x_wconf 78' lang='lat' dir='ltr'><strong>iudiciaria</strong></span> <span class='ocrx_word' id='word_1_74' title='bbox 986 1221 1141 1300; x_wconf 85' lang='lat' dir='ltr'><strong>potestate</strong></span> <span class='ocrx_word' id='word_1_75' title='bbox 1164 1239 1218 1278; x_wconf 88' lang='lat' dir='ltr'><strong>rc-</strong></span> 
     </span>
     <span class='ocr_line' id='line_1_12' title="bbox 100 1295 1223 1384; baseline 0.001 -24"><span class='ocrx_word' id='word_1_76' title='bbox 100 1301 218 1384; x_wconf 88' lang='lat' dir='ltr'><strong>pulsus</strong></span> <span class='ocrx_word' id='word_1_77' title='bbox 246 1297 392 1374; x_wconf 88' lang='lat' dir='ltr'><strong>infamis,</strong></span> <span class='ocrx_word' id='word_1_78' title='bbox 431 1296 534 1358; x_wconf 87' lang='lat' dir='ltr'><strong>asibi</strong></span> <span class='ocrx_word' id='word_1_79' title='bbox 566 1310 751 1360; x_wconf 77' lang='lat' dir='ltr'><strong>successore</strong></span> <span class='ocrx_word' id='word_1_80' title='bbox 775 1295 887 1358; x_wconf 84' lang='lat' dir='ltr'><strong>iudice</strong></span> <span class='ocrx_word' id='word_1_81' title='bbox 918 1295 1147 1378; x_wconf 77' lang='lat' dir='ltr'><strong>distringatur,</strong></span> <span class='ocrx_word' id='word_1_82' title='bbox 1182 1304 1223 1362; x_wconf 71' lang='lat' dir='ltr'><strong>ut</strong></span> 
     </span>
     <span class='ocr_line' id='line_1_13' title="bbox 101 1377 1224 1464; baseline 0.001 -20"><span class='ocrx_word' id='word_1_83' title='bbox 101 1401 180 1444; x_wconf 82' lang='lat' dir='ltr'><strong>cum</strong></span> <span class='ocrx_word' id='word_1_84' title='bbox 213 1401 310 1464; x_wconf 89' lang='lat' dir='ltr'><strong>quem</strong></span> <span class='ocrx_word' id='word_1_85' title='bbox 339 1378 499 1442; x_wconf 79' lang='lat' dir='ltr'><strong>relaxavit</strong></span> <span class='ocrx_word' id='word_1_86' title='bbox 532 1386 717 1463; x_wconf 73' lang='lat' dir='ltr'><strong>praesentet</strong></span> <span class='ocrx_word' id='word_1_87' title='bbox 744 1377 779 1439; x_wconf 88' lang='lat' dir='ltr'><strong>iu</strong></span> <span class='ocrx_word' id='word_1_88' title='bbox 811 1377 951 1456; x_wconf 87' lang='lat' dir='ltr'><strong>indicio,</strong></span> <span class='ocrx_word' id='word_1_89' title='bbox 997 1380 1147 1460; x_wconf 86' lang='lat' dir='ltr'><strong>qualiter·</strong></span> <span class='ocrx_word' id='word_1_90' title='bbox 1175 1382 1224 1445; x_wconf 82' lang='lat' dir='ltr'><strong>du’</strong></span> 
     </span>
     <span class='ocr_line' id='line_1_14' title="bbox 101 1461 1092 1550; baseline -0.005 -22"><span class='ocrx_word' id='word_1_91' title='bbox 101 1463 241 1528; x_wconf 87' lang='lat' dir='ltr'><strong>crimine</strong></span> <span class='ocrx_word' id='word_1_92' title='bbox 261 1463 428 1526; x_wconf 79' lang='lat' dir='ltr'><strong>conuictus</strong></span> <span class='ocrx_word' id='word_1_93' title='bbox 453 1483 592 1550; x_wconf 87' lang='lat' dir='ltr'><strong>poenam</strong></span> <span class='ocrx_word' id='word_1_94' title='bbox 612 1461 770 1550; x_wconf 79' lang='lat' dir='ltr'><strong>excipiat,</strong></span> <span class='ocrx_word' id='word_1_95' title='bbox 809 1479 907 1546; x_wconf 86' lang='lat' dir='ltr'><strong>qnam</strong></span> <span class='ocrx_word' id='word_1_96' title='bbox 939 1469 1092 1525; x_wconf 85' lang='lat' dir='ltr'><strong>meretur.</strong></span> 
     </span>
    </p>
   </div>
   <div class='ocr_carea' id='block_1_5' title="bbox 398 1597 928 1668">
    <p class='ocr_par' dir='ltr' id='par_1_6' title="bbox 398 1597 928 1668">
     <span class='ocr_line' id='line_1_15' title="bbox 398 1597 928 1668; baseline 0 -6"><span class='ocrx_word' id='word_1_97' title='bbox 398 1597 457 1668; x_wconf 84' lang='lat' dir='ltr'><strong>Vl.</strong></span> <span class='ocrx_word' id='word_1_98' title='bbox 518 1621 580 1666; x_wconf 79' lang='lat' dir='ltr'><strong>rur.</strong></span> <span class='ocrx_word' id='word_1_99' title='bbox 620 1619 687 1663; x_wconf 76' lang='lat' dir='ltr'><strong>sus.</strong></span> <span class='ocrx_word' id='word_1_100' title='bbox 728 1620 816 1665; x_wconf 79' lang='lat' dir='ltr'><strong>uuus.</strong></span> <span class='ocrx_word' id='word_1_101' title='bbox 856 1621 928 1662; x_wconf 77' lang='lat' dir='ltr'><strong>nux.</strong></span> 
     </span>
    </p>
   </div>
   <div class='ocr_carea' id='block_1_6' title="bbox 99 1712 1224 2144">
    <p class='ocr_par' dir='ltr' id='par_1_7' title="bbox 99 1712 1224 2144">
     <span class='ocr_line' id='line_1_16' title="bbox 150 1712 1165 1806; baseline -0.004 -24"><span class='ocrx_word' id='word_1_102' title='bbox 150 1717 202 1782; x_wconf 86' lang='lat' dir='ltr'><strong>Dc</strong></span> <span class='ocrx_word' id='word_1_103' title='bbox 223 1715 360 1806; x_wconf 84' lang='lat' dir='ltr'><strong>dampno</strong></span> <span class='ocrx_word' id='word_1_104' title='bbox 390 1716 525 1798; x_wconf 78' lang='lat' dir='ltr'><strong>iudicis,</strong></span> <span class='ocrx_word' id='word_1_105' title='bbox 560 1716 765 1778; x_wconf 83' lang='lat' dir='ltr'><strong>criminosum</strong></span> <span class='ocrx_word' id='word_1_106' title='bbox 796 1713 936 1778; x_wconf 80' lang='lat' dir='ltr'><strong>indebite</strong></span> <span class='ocrx_word' id='word_1_107' title='bbox 967 1712 1165 1778; x_wconf 74' lang='lat' dir='ltr'><strong>absolventis:</strong></span> 
     </span>
     <span class='ocr_line' id='line_1_17' title="bbox 183 1797 1224 1883; baseline -0.008 -17"><span class='ocrx_word' id='word_1_108' title='bbox 183 1800 290 1866; x_wconf 85' lang='lat' dir='ltr'><strong>ludex</strong></span> <span class='ocrx_word' id='word_1_109' title='bbox 321 1799 492 1864; x_wconf 90' lang='lat' dir='ltr'><strong>criminoso</strong></span> <span class='ocrx_word' id='word_1_110' title='bbox 528 1819 594 1860; x_wconf 94' lang='lat' dir='ltr'><strong>nou</strong></span> <span class='ocrx_word' id='word_1_111' title='bbox 625 1807 735 1883; x_wconf 89' lang='lat' dir='ltr'><strong>parcat</strong></span> <span class='ocrx_word' id='word_1_112' title='bbox 759 1819 820 1881; x_wconf 87' lang='lat' dir='ltr'><strong>pro</strong></span> <span class='ocrx_word' id='word_1_113' title='bbox 849 1797 1030 1874; x_wconf 87' lang='lat' dir='ltr'><strong>patrocinio</strong></span> <span class='ocrx_word' id='word_1_114' title='bbox 1052 1805 1108 1862; x_wconf 87' lang='lat' dir='ltr'><strong>ant</strong></span> <span class='ocrx_word' id='word_1_115' title='bbox 1140 1799 1224 1859; x_wconf 66' lang='lat' dir='ltr'><strong>amia·</strong></span> 
     </span>
     <span class='ocr_line' id='line_1_18' title="bbox 100 1880 1221 1960; baseline -0.013 -11"><span class='ocrx_word' id='word_1_116' title='bbox 100 1883 181 1950; x_wconf 84' lang='lat' dir='ltr'><strong>citia</strong></span> <span class='ocrx_word' id='word_1_117' title='bbox 208 1884 357 1952; x_wconf 86' lang='lat' dir='ltr'><strong>alicuius.</strong></span> <span class='ocrx_word' id='word_1_118' title='bbox 413 1885 493 1945; x_wconf 87' lang='lat' dir='ltr'><strong>Nam</strong></span> <span class='ocrx_word' id='word_1_119' title='bbox 526 1882 551 1944; x_wconf 89' lang='lat' dir='ltr'><strong>si</strong></span> <span class='ocrx_word' id='word_1_120' title='bbox 577 1883 688 1946; x_wconf 83' lang='lat' dir='ltr'><strong>favens</strong></span> <span class='ocrx_word' id='word_1_121' title='bbox 719 1880 908 1946; x_wconf 80' lang='lat' dir='ltr'><strong>criminibus</strong></span> <span class='ocrx_word' id='word_1_122' title='bbox 929 1902 996 1942; x_wconf 91' lang='lat' dir='ltr'><strong>non</strong></span> <span class='ocrx_word' id='word_1_123' title='bbox 1019 1880 1221 1960; x_wconf 76' lang='lat' dir='ltr'><strong>iudicaverit.</strong></span> 
     </span>
     <span class='ocr_line' id='line_1_19' title="bbox 99 1962 1216 2046; baseline -0.004 -18"><span class='ocrx_word' id='word_1_124' title='bbox 99 1965 335 2044; x_wconf 81' lang='lat' dir='ltr'><strong>innocentem,</strong></span> <span class='ocrx_word' id='word_1_125' title='bbox 371 1973 404 2028; x_wconf 84' lang='lat' dir='ltr'><strong>ct</strong></span> <span class='ocrx_word' id='word_1_126' title='bbox 428 1963 601 2028; x_wconf 80' lang='lat' dir='ltr'><strong>absolverit</strong></span> <span class='ocrx_word' id='word_1_127' title='bbox 630 1964 857 2043; x_wconf 80' lang='lat' dir='ltr'><strong>criminosum,</strong></span> <span class='ocrx_word' id='word_1_128' title='bbox 891 1985 956 2026; x_wconf 88' lang='lat' dir='ltr'><strong>non</strong></span> <span class='ocrx_word' id='word_1_129' title='bbox 984 1962 1118 2046; x_wconf 87' lang='lat' dir='ltr'><strong>quidem</strong></span> <span class='ocrx_word' id='word_1_130' title='bbox 1144 1967 1216 2025; x_wconf 56' lang='lat' dir='ltr'><strong>mol</strong></span> 
     </span>
     <span class='ocr_line' id='line_1_20' title="bbox 99 2045 1214 2144; baseline -0.004 -34"><span class='ocrx_word' id='word_1_131' title='bbox 99 2051 204 2110; x_wconf 87' lang='lat' dir='ltr'><strong>riatur</strong></span> <span class='ocrx_word' id='word_1_132' title='bbox 234 2059 290 2112; x_wconf 83' lang='lat' dir='ltr'><strong>aut</strong></span> <span class='ocrx_word' id='word_1_133' title='bbox 314 2048 572 2112; x_wconf 84' lang='lat' dir='ltr'><strong>debilitationem</strong></span> <span class='ocrx_word' id='word_1_134' title='bbox 600 2047 744 2144; x_wconf 71' lang='lat' dir='ltr'><strong>corporis</strong></span> <span class='ocrx_word' id='word_1_135' title='bbox 771 2046 948 2133; x_wconf 59' lang='lat' dir='ltr'><strong>patiatur„</strong></span> <span class='ocrx_word' id='word_1_136' title='bbox 975 2045 1033 2108; x_wconf 87' lang='lat' dir='ltr'><strong>sed</strong></span> <span class='ocrx_word' id='word_1_137' title='bbox 1068 2055 1214 2142; x_wconf 35' lang='lat' dir='ltr'><strong>tam-pro</strong></span> 
     </span>
    </p>
   </div>
   <div class='ocr_carea' id='block_1_7' title="bbox 5 2131 1220 2218">
    <p class='ocr_par' dir='ltr' id='par_1_8' title="bbox 5 2131 1220 2218">
     <span class='ocr_line' id='line_1_21' title="bbox 5 2131 1220 2218; baseline -0.008 -22"><span class='ocrx_word' id='word_1_138' title='bbox 5 2145 8 2154; x_wconf 59' lang='lat'>¹</span> <span class='ocrx_word' id='word_1_139' title='bbox 98 2131 297 2208; x_wconf 88' lang='lat' dir='ltr'><strong>homicidio,</strong></span> <span class='ocrx_word' id='word_1_140' title='bbox 335 2154 433 2214; x_wconf 90' lang='lat' dir='ltr'><strong>quam</strong></span> <span class='ocrx_word' id='word_1_141' title='bbox 466 2151 527 2216; x_wconf 90' lang='lat' dir='ltr'><strong>pro</strong></span> <span class='ocrx_word' id='word_1_142' title='bbox 558 2150 647 2194; x_wconf 79' lang='lat' dir='ltr'><strong>omns</strong></span> <span class='ocrx_word' id='word_1_143' title='bbox 676 2131 833 2218; x_wconf 79' lang='lat' dir='ltr'><strong>negotio„</strong></span> <span class='ocrx_word' id='word_1_144' title='bbox 863 2149 1019 2194; x_wconf 82' lang='lat' dir='ltr'><strong>summam</strong></span> <span class='ocrx_word' id='word_1_145' title='bbox 1051 2149 1220 2218; x_wconf 63' lang='lat' dir='ltr'><strong>composs-⁴</strong></span> 
     </span>
    </p>
   </div>
   <div class='ocr_carea' id='block_1_8' title="bbox 99 2213 786 2403">
    <p class='ocr_par' dir='ltr' id='par_1_9' title="bbox 99 2213 786 2403">
     <span class='ocr_line' id='line_1_22' title="bbox 99 2213 380 2290; baseline 0.021 -14"><span class='ocrx_word' id='word_1_146' title='bbox 99 2213 198 2290; x_wconf 79' lang='lat' dir='ltr'><strong>tionis</strong></span> <span class='ocrx_word' id='word_1_147' title='bbox 226 2213 380 2282; x_wconf 74' lang='lat' dir='ltr'><strong>exsolvat.</strong></span> 
     </span>
     <span class='ocr_line' id='line_1_23' title="bbox 525 2327 786 2403; baseline -0.011 -11"><span class='ocrx_word' id='word_1_148' title='bbox 525 2327 603 2394; x_wconf 86' lang='lat' dir='ltr'>v11.</span> <span class='ocrx_word' id='word_1_149' title='bbox 637 2345 786 2403; x_wconf 77' lang='lat' dir='ltr'><strong>arctous.</strong></span> 
     </span>
    </p>
   </div>
   <div class='ocr_carea' id='block_1_9' title="bbox 98 2440 1222 2864">
    <p class='ocr_par' dir='ltr' id='par_1_10' title="bbox 98 2440 1222 2864">
     <span class='ocr_line' id='line_1_24' title="bbox 212 2440 1109 2532; baseline -0.009 -20"><span class='ocrx_word' id='word_1_150' title='bbox 212 2445 255 2512; x_wconf 89' lang='lat' dir='ltr'><strong>Ut</strong></span> <span class='ocrx_word' id='word_1_151' title='bbox 276 2467 347 2510; x_wconf 85' lang='lat' dir='ltr'><strong>reas</strong></span> <span class='ocrx_word' id='word_1_152' title='bbox 368 2465 432 2510; x_wconf 86' lang='lat' dir='ltr'><strong>non</strong></span> <span class='ocrx_word' id='word_1_153' title='bbox 458 2445 492 2508; x_wconf 83' lang='lat' dir='ltr'><strong>in</strong></span> <span class='ocrx_word' id='word_1_154' title='bbox 522 2445 694 2523; x_wconf 83' lang='lat' dir='ltr'><strong>absconso,</strong></span> <span class='ocrx_word' id='word_1_155' title='bbox 721 2443 781 2505; x_wconf 85' lang='lat' dir='ltr'><strong>sed</strong></span> <span class='ocrx_word' id='word_1_156' title='bbox 801 2440 928 2532; x_wconf 82' lang='lat' dir='ltr'><strong>publice</strong></span> <span class='ocrx_word' id='word_1_157' title='bbox 951 2441 1109 2531; x_wconf 79' lang='lat' dir='ltr'><strong>percipiat</strong></span> 
     </span>
     <span class='ocr_line' id='line_1_25' title="bbox 508 2527 1222 2610; baseline -0.001 -21"><span class='ocrx_word' id='word_1_158' title='bbox 508 2529 693 2589; x_wconf 83' lang='lat' dir='ltr'><strong>sententiam</strong></span> <span class='ocrx_word' id='word_1_159' title='bbox 723 2527 810 2610; x_wconf 76' lang='lat' dir='ltr'><strong>legis.</strong></span> <span class='ocrx_word' id='word_1_160' title='bbox 1021 2532 1023 2541; x_wconf 91' lang='lat'>&#39;</span> <span class='ocrx_word' id='word_1_161' title='bbox 1120 2527 1124 2545; x_wconf 80' lang='lat'><em>¹</em></span> <span class='ocrx_word' id='word_1_162' title='bbox 1219 2529 1222 2536; x_wconf 77' lang='grc'><strong>“</strong></span> 
     </span>
     <span class='ocr_line' id='line_1_26' title="bbox 181 2603 1217 2695; baseline -0.003 -21"><span class='ocrx_word' id='word_1_163' title='bbox 181 2612 286 2675; x_wconf 83' lang='lat' dir='ltr'><strong>ludex</strong></span> <span class='ocrx_word' id='word_1_164' title='bbox 316 2611 467 2695; x_wconf 88' lang='lat' dir='ltr'><strong>quotiens</strong></span> <span class='ocrx_word' id='word_1_165' title='bbox 495 2611 660 2674; x_wconf 85' lang='lat' dir='ltr'><strong>occisurus</strong></span> <span class='ocrx_word' id='word_1_166' title='bbox 693 2619 742 2672; x_wconf 86' lang='lat' dir='ltr'><strong>est</strong></span> <span class='ocrx_word' id='word_1_167' title='bbox 773 2629 889 2690; x_wconf 88' lang='lat' dir='ltr'><strong>reum,</strong></span> <span class='ocrx_word' id='word_1_168' title='bbox 919 2625 988 2671; x_wconf 90' lang='lat' dir='ltr'><strong>non</strong></span> <span class='ocrx_word' id='word_1_169' title='bbox 1016 2605 1052 2669; x_wconf 87' lang='lat' dir='ltr'><strong>in</strong></span> <span class='ocrx_word' id='word_1_170' title='bbox 1079 2603 1217 2671; x_wconf 72' lang='lat' dir='ltr'><strong>secretis</strong></span> 
     </span>
     <span class='ocr_line' id='line_1_27' title="bbox 98 2691 1213 2842; baseline -0.004 -84"><span class='ocrx_word' id='word_1_171' title='bbox 98 2703 155 2842; x_wconf 61' lang='lat' dir='ltr'><strong>plut</strong></span> <span class='ocrx_word' id='word_1_172' title='bbox 183 2695 382 2760; x_wconf 85' lang='lat' dir='ltr'><strong>inabsconsis</strong></span> <span class='ocrx_word' id='word_1_173' title='bbox 414 2693 515 2782; x_wconf 77' lang='lat' dir='ltr'><strong>locis,</strong></span> <span class='ocrx_word' id='word_1_174' title='bbox 549 2693 608 2757; x_wconf 89' lang='lat' dir='ltr'><strong>scd</strong></span> <span class='ocrx_word' id='word_1_175' title='bbox 639 2691 674 2756; x_wconf 86' lang='lat' dir='ltr'><strong>iu</strong></span> <span class='ocrx_word' id='word_1_176' title='bbox 707 2703 873 2759; x_wconf 80' lang='lat' dir='ltr'><strong>conventu</strong></span> <span class='ocrx_word' id='word_1_177' title='bbox 901 2691 1035 2788; x_wconf 69' lang='lat' dir='ltr'><strong>publicp</strong></span> <span class='ocrx_word' id='word_1_178' title='bbox 1061 2701 1213 2781; x_wconf 55' lang='lat' dir='ltr'><strong>onerarat</strong></span> 
     </span>
     <span class='ocr_line' id='line_1_28' title="bbox 122 2779 315 2864; baseline 0.031 -25"><span class='ocrx_word' id='word_1_179' title='bbox 122 2779 315 2864; x_wconf 81' lang='lat' dir='ltr'><strong>isciplinttm.</strong></span> 
     </span>
    </p>
   </div>
   <div class='ocr_carea' id='block_1_10' title="bbox 277 2914 1038 3018">
    <p class='ocr_par' dir='ltr' id='par_1_11' title="bbox 277 2914 1038 3018">
     <span class='ocr_line' id='line_1_29' title="bbox 277 2914 1038 3018; baseline -0.003 -28"><span class='ocrx_word' id='word_1_180' title='bbox 277 2917 369 2990; x_wconf 75' lang='lat' dir='ltr'><strong>Tru.</strong></span> <span class='ocrx_word' id='word_1_181' title='bbox 395 2915 443 2990; x_wconf 81' lang='lat' dir='ltr'><strong>V.</strong></span> <span class='ocrx_word' id='word_1_182' title='bbox 498 2915 566 3018; x_wconf 21' lang='lat' dir='ltr'><strong>De,</strong></span> <span class='ocrx_word' id='word_1_183' title='bbox 581 2914 736 2988; x_wconf 82' lang='lat' dir='ltr'><strong>falsariis</strong></span> <span class='ocrx_word' id='word_1_184' title='bbox 760 2915 1038 3013; x_wconf 79' lang='lat' dir='ltr'><strong>scripturarum.</strong></span> 
     </span>
    </p>
   </div>
   <div class='ocr_carea' id='block_1_11' title="bbox 19 3037 1271 3700">
    <p class='ocr_par' dir='ltr' id='par_1_12' title="bbox 19 3037 1150 3204">
     <span class='ocr_line' id='line_1_30' title="bbox 179 3037 1150 3124; baseline -0.002 -20"><span class='ocrx_word' id='word_1_185' title='bbox 179 3037 208 3107; x_wconf 87' lang='lat' dir='ltr'><strong>I.</strong></span> <span class='ocrx_word' id='word_1_186' title='bbox 244 3038 294 3102; x_wconf 80' lang='lat' dir='ltr'><strong>Dc</strong></span> <span class='ocrx_word' id='word_1_187' title='bbox 321 3039 371 3100; x_wconf 74' lang='lat' dir='ltr'><strong>lais</strong></span> <span class='ocrx_word' id='word_1_188' title='bbox 397 3038 453 3121; x_wconf 79' lang='lat' dir='ltr'><strong>qui</strong></span> <span class='ocrx_word' id='word_1_189' title='bbox 477 3039 579 3118; x_wconf 82' lang='lat' dir='ltr'><strong>regias</strong></span> <span class='ocrx_word' id='word_1_190' title='bbox 601 3037 803 3099; x_wconf 78' lang='lat' dir='ltr'><strong>auctoritates</strong></span> <span class='ocrx_word' id='word_1_191' title='bbox 828 3049 859 3098; x_wconf 86' lang='lat' dir='ltr'><strong>ct</strong></span> <span class='ocrx_word' id='word_1_192' title='bbox 880 3039 1120 3124; x_wconf 60' lang='lat' dir='ltr'><strong>praeceptiones</strong></span> <span class='ocrx_word' id='word_1_193' title='bbox 1145 3052 1150 3059; x_wconf 83' lang='lat'>&#39;</span> 
     </span>
     <span class='ocr_line' id='line_1_31' title="bbox 19 3119 865 3204; baseline -0.001 -24"><span class='ocrx_word' id='word_1_194' title='bbox 19 3186 22 3191; x_wconf 55' lang='grc'><strong><em>,</em></strong></span> <span class='ocrx_word' id='word_1_195' title='bbox 83 3168 88 3177; x_wconf 96' lang='grc'><strong><em>.</em></strong></span> <span class='ocrx_word' id='word_1_196' title='bbox 432 3119 557 3202; x_wconf 79' lang='lat' dir='ltr'><strong>falsare</strong></span> <span class='ocrx_word' id='word_1_197' title='bbox 585 3120 865 3204; x_wconf 74' lang='lat' dir='ltr'><strong>praesumpserint.</strong></span> 
     </span>
    </p>

    <p class='ocr_par' dir='ltr' id='par_1_13' title="bbox 76 3201 1271 3700">
     <span class='ocr_line' id='line_1_32' title="bbox 76 3201 1211 3289; baseline 0.002 -23"><span class='ocrx_word' id='word_1_198' title='bbox 76 3249 79 3254; x_wconf 24' lang='grc' dir='ltr'><strong>Δ</strong></span> <span class='ocrx_word' id='word_1_199' title='bbox 157 3204 200 3266; x_wconf 88' lang='lat' dir='ltr'><strong>Hi</strong></span> <span class='ocrx_word' id='word_1_200' title='bbox 214 3205 271 3288; x_wconf 89' lang='lat' dir='ltr'><strong>qui</strong></span> <span class='ocrx_word' id='word_1_201' title='bbox 285 3203 319 3264; x_wconf 89' lang='lat' dir='ltr'><strong>iu</strong></span> <span class='ocrx_word' id='word_1_202' title='bbox 335 3203 577 3265; x_wconf 83' lang='lat' dir='ltr'><strong>auctoritatibus</strong></span> <span class='ocrx_word' id='word_1_203' title='bbox 592 3201 708 3263; x_wconf 85' lang='lat' dir='ltr'><strong>nostris</strong></span> <span class='ocrx_word' id='word_1_204' title='bbox 722 3201 774 3263; x_wconf 83' lang='lat' dir='ltr'><strong>vel</strong></span> <span class='ocrx_word' id='word_1_205' title='bbox 789 3201 1071 3285; x_wconf 86' lang='lat' dir='ltr'><strong>praeceptionibus</strong></span> <span class='ocrx_word' id='word_1_206' title='bbox 1085 3203 1211 3289; x_wconf 85' lang='lat' dir='ltr'><strong>aliquid</strong></span> 
     </span>
     <span class='ocr_line' id='line_1_33' title="bbox 94 3283 1211 3368; baseline 0 -17"><span class='ocrx_word' id='word_1_207' title='bbox 94 3288 315 3365; x_wconf 84' lang='lat' dir='ltr'><strong>mutaverint,</strong></span> <span class='ocrx_word' id='word_1_208' title='bbox 344 3284 524 3364; x_wconf 86' lang='lat' dir='ltr'><strong>demerint,</strong></span> <span class='ocrx_word' id='word_1_209' title='bbox 548 3283 767 3347; x_wconf 81' lang='lat' dir='ltr'><strong>subtraxerint</strong></span> <span class='ocrx_word' id='word_1_210' title='bbox 783 3292 839 3344; x_wconf 89' lang='lat' dir='ltr'><strong>aut</strong></span> <span class='ocrx_word' id='word_1_211' title='bbox 860 3285 1130 3368; x_wconf 82' lang='lat' dir='ltr'><strong>interposuerint,</strong></span> <span class='ocrx_word' id='word_1_212' title='bbox 1154 3289 1211 3351; x_wconf 79' lang='lat' dir='ltr'><strong>vel</strong></span> 
     </span>
     <span class='ocr_line' id='line_1_34' title="bbox 93 3365 1231 3454; baseline 0 -22"><span class='ocrx_word' id='word_1_213' title='bbox 93 3380 224 3452; x_wconf 85' lang='lat' dir='ltr'><strong>tempus</strong></span> <span class='ocrx_word' id='word_1_214' title='bbox 238 3379 294 3431; x_wconf 86' lang='lat' dir='ltr'><strong>aut</strong></span> <span class='ocrx_word' id='word_1_215' title='bbox 306 3369 392 3430; x_wconf 88' lang='lat' dir='ltr'><strong>diem</strong></span> <span class='ocrx_word' id='word_1_216' title='bbox 406 3368 599 3436; x_wconf 82' lang='lat' dir='ltr'><strong>mutaverint</strong></span> <span class='ocrx_word' id='word_1_217' title='bbox 610 3367 677 3429; x_wconf 79' lang='lat' dir='ltr'><strong>sive</strong></span> <span class='ocrx_word' id='word_1_218' title='bbox 693 3365 945 3448; x_wconf 81' lang='lat' dir='ltr'><strong>designaverint,</strong></span> <span class='ocrx_word' id='word_1_219' title='bbox 961 3379 992 3430; x_wconf 89' lang='lat' dir='ltr'><strong>et</strong></span> <span class='ocrx_word' id='word_1_220' title='bbox 1006 3368 1064 3453; x_wconf 89' lang='lat' dir='ltr'><strong>qui</strong></span> <span class='ocrx_word' id='word_1_221' title='bbox 1081 3371 1209 3454; x_wconf 82' lang='lat' dir='ltr'><strong>signum</strong></span> <span class='ocrx_word' id='word_1_222' title='bbox 1230 3417 1231 3420; x_wconf 17' lang='grc' dir='ltr'>η</span> 
     </span>
     <span class='ocr_line' id='line_1_35' title="bbox 95 3449 1209 3534; baseline 0.004 -22"><span class='ocrx_word' id='word_1_223' title='bbox 95 3453 317 3516; x_wconf 86' lang='lat' dir='ltr'><strong>adulterinum</strong></span> <span class='ocrx_word' id='word_1_224' title='bbox 343 3449 540 3533; x_wconf 78' lang='lat' dir='ltr'><strong>sculpserint</strong></span> <span class='ocrx_word' id='word_1_225' title='bbox 570 3452 621 3513; x_wconf 77' lang='lat' dir='ltr'><strong>vel</strong></span> <span class='ocrx_word' id='word_1_226' title='bbox 654 3451 891 3532; x_wconf 78' lang='lat' dir='ltr'><strong>impresserints</strong></span> <span class='ocrx_word' id='word_1_227' title='bbox 928 3473 1066 3534; x_wconf 84' lang='lat' dir='ltr'><strong>persona</strong></span> <span class='ocrx_word' id='word_1_228' title='bbox 1094 3454 1209 3516; x_wconf 83' lang='lat' dir='ltr'><strong>hones-</strong></span> 
     </span>
     <span class='ocr_line' id='line_1_36' title="bbox 92 3532 1209 3616; baseline 0.003 -21"><span class='ocrx_word' id='word_1_229' title='bbox 92 3536 161 3600; x_wconf 86' lang='lat' dir='ltr'><strong>tior</strong></span> <span class='ocrx_word' id='word_1_230' title='bbox 180 3534 318 3598; x_wconf 84' lang='lat' dir='ltr'><strong>mediam</strong></span> <span class='ocrx_word' id='word_1_231' title='bbox 340 3540 463 3616; x_wconf 85' lang='lat' dir='ltr'><strong>partem</strong></span> <span class='ocrx_word' id='word_1_232' title='bbox 483 3533 674 3594; x_wconf 85' lang='lat' dir='ltr'><strong>facultatum</strong></span> <span class='ocrx_word' id='word_1_233' title='bbox 691 3552 821 3592; x_wconf 87' lang='lat' dir='ltr'><strong>suarum</strong></span> <span class='ocrx_word' id='word_1_234' title='bbox 843 3532 984 3613; x_wconf 86' lang='lat' dir='ltr'><strong>amittat,</strong></span> <span class='ocrx_word' id='word_1_235' title='bbox 1026 3533 1094 3598; x_wconf 88' lang='lat' dir='ltr'><strong>lisci</strong></span> <span class='ocrx_word' id='word_1_236' title='bbox 1121 3557 1209 3598; x_wconf 89' lang='lat' dir='ltr'><strong>com·</strong></span> 
     </span>
     <span class='ocr_line' id='line_1_37' title="bbox 92 3608 1271 3700; baseline 0.001 -22"><span class='ocrx_word' id='word_1_237' title='bbox 92 3617 199 3680; x_wconf 86' lang='lat' dir='ltr'><strong>modis</strong></span> <span class='ocrx_word' id='word_1_238' title='bbox 229 3619 446 3700; x_wconf 86' lang='lat' dir='ltr'><strong>profuturam:</strong></span> <span class='ocrx_word' id='word_1_239' title='bbox 484 3615 592 3677; x_wconf 90' lang='lat' dir='ltr'><strong>minor</strong></span> <span class='ocrx_word' id='word_1_240' title='bbox 621 3635 698 3677; x_wconf 84' lang='lat' dir='ltr'><strong>vero</strong></span> <span class='ocrx_word' id='word_1_241' title='bbox 729 3634 867 3696; x_wconf 87' lang='lat' dir='ltr'><strong>persona</strong></span> <span class='ocrx_word' id='word_1_242' title='bbox 909 3638 1040 3676; x_wconf 90' lang='lat' dir='ltr'><strong>manum</strong></span> <span class='ocrx_word' id='word_1_243' title='bbox 1072 3608 1207 3700; x_wconf 72' lang='lat' dir='ltr'><strong>perdat,</strong></span> <span class='ocrx_word' id='word_1_244' title='bbox 1268 3639 1271 3642; x_wconf 88' lang='lat'>·</span> 
     </span>
    </p>
   </div>
   <div class='ocr_carea' id='block_1_12' title="bbox 90 3696 1209 3863">
    <p class='ocr_par' dir='ltr' id='par_1_14' title="bbox 90 3696 1209 3863">
     <span class='ocr_line' id='line_1_38' title="bbox 90 3696 1209 3844; baseline -0.001 -82"><span class='ocrx_word' id='word_1_245' title='bbox 90 3721 153 3844; x_wconf 81' lang='lat' dir='ltr'><strong>per</strong></span> <span class='ocrx_word' id='word_1_246' title='bbox 179 3721 277 3783; x_wconf 87' lang='lat' dir='ltr'><strong>qnam</strong></span> <span class='ocrx_word' id='word_1_247' title='bbox 301 3709 427 3760; x_wconf 88' lang='lat' dir='ltr'><strong>tantum</strong></span> <span class='ocrx_word' id='word_1_248' title='bbox 454 3698 577 3760; x_wconf 86' lang='lat' dir='ltr'><strong>crimen</strong></span> <span class='ocrx_word' id='word_1_249' title='bbox 600 3696 736 3762; x_wconf 85' lang='lat' dir='ltr'><strong>admisit.</strong></span> <span class='ocrx_word' id='word_1_250' title='bbox 790 3696 886 3773; x_wconf 87' lang='lat' dir='ltr'><strong>Quod</strong></span> <span class='ocrx_word' id='word_1_251' title='bbox 915 3696 943 3759; x_wconf 88' lang='lat' dir='ltr'><strong>si</strong></span> <span class='ocrx_word' id='word_1_252' title='bbox 971 3697 1139 3782; x_wconf 81' lang='lat' dir='ltr'><strong>contingat</strong></span> <span class='ocrx_word' id='word_1_253' title='bbox 1165 3699 1209 3762; x_wconf 90' lang='lat' dir='ltr'><strong>il-</strong></span> 
     </span>
     <span class='ocr_line' id='line_1_39' title="bbox 108 3776 1209 3863; baseline 0 -19"><span class='ocrx_word' id='word_1_254' title='bbox 108 3805 142 3844; x_wconf 90' lang='lat' dir='ltr'><strong>os</strong></span> <span class='ocrx_word' id='word_1_255' title='bbox 162 3783 338 3849; x_wconf 81' lang='lat' dir='ltr'><strong>auditores</strong></span> <span class='ocrx_word' id='word_1_256' title='bbox 359 3781 411 3844; x_wconf 84' lang='lat' dir='ltr'><strong>vel</strong></span> <span class='ocrx_word' id='word_1_257' title='bbox 440 3779 564 3843; x_wconf 86' lang='lat' dir='ltr'><strong>indices</strong></span> <span class='ocrx_word' id='word_1_258' title='bbox 588 3779 688 3857; x_wconf 92' lang='lat' dir='ltr'><strong>mori,</strong></span> <span class='ocrx_word' id='word_1_259' title='bbox 720 3776 838 3863; x_wconf 88' lang='lat' dir='ltr'><strong>quibus</strong></span> <span class='ocrx_word' id='word_1_260' title='bbox 868 3779 1033 3842; x_wconf 86' lang='lat' dir='ltr'><strong>audientia</strong></span> <span class='ocrx_word' id='word_1_261' title='bbox 1061 3783 1116 3844; x_wconf 82' lang='lat' dir='ltr'><strong>rel</strong></span> <span class='ocrx_word' id='word_1_262' title='bbox 1134 3782 1209 3845; x_wconf 89' lang='lat' dir='ltr'><strong>-ius-</strong></span> 
     </span>
    </p>
   </div>
   <div class='ocr_carea' id='block_1_13' title="bbox 89 3859 1209 4275">
    <p class='ocr_par' dir='ltr' id='par_1_15' title="bbox 89 3859 1209 4275">
     <span class='ocr_line' id='line_1_40' title="bbox 91 3859 1209 3948; baseline -0.004 -20"><span class='ocrx_word' id='word_1_263' title='bbox 91 3865 142 3928; x_wconf 87' lang='lat' dir='ltr'><strong>sio</strong></span> <span class='ocrx_word' id='word_1_264' title='bbox 163 3864 321 3930; x_wconf 83' lang='lat' dir='ltr'><strong>destinata</strong></span> <span class='ocrx_word' id='word_1_265' title='bbox 344 3865 471 3926; x_wconf 82' lang='lat' dir='ltr'><strong>fuerat:</strong></span> <span class='ocrx_word' id='word_1_266' title='bbox 501 3873 555 3925; x_wconf 93' lang='lat' dir='ltr'><strong>aut</strong></span> <span class='ocrx_word' id='word_1_267' title='bbox 578 3861 739 3946; x_wconf 85' lang='lat' dir='ltr'><strong>Episcopo</strong></span> <span class='ocrx_word' id='word_1_268' title='bbox 771 3859 856 3934; x_wconf 87' lang='lat' dir='ltr'><strong>loci,</strong></span> <span class='ocrx_word' id='word_1_269' title='bbox 894 3870 950 3922; x_wconf 88' lang='lat' dir='ltr'><strong>ant</strong></span> <span class='ocrx_word' id='word_1_270' title='bbox 978 3861 1043 3924; x_wconf 88' lang='lat' dir='ltr'><strong>alio</strong></span> <span class='ocrx_word' id='word_1_271' title='bbox 1070 3863 1209 3948; x_wconf 84' lang='lat' dir='ltr'><strong>Episco-</strong></span> 
     </span>
     <span class='ocr_line' id='line_1_41' title="bbox 89 3943 1208 4032; baseline -0.001 -20"><span class='ocrx_word' id='word_1_272' title='bbox 89 3969 135 4032; x_wconf 88' lang='lat' dir='ltr'><strong>po</strong></span> <span class='ocrx_word' id='word_1_273' title='bbox 156 3948 212 4010; x_wconf 79' lang='lat' dir='ltr'><strong>rel</strong></span> <span class='ocrx_word' id='word_1_274' title='bbox 236 3946 399 4014; x_wconf 81' lang='lat' dir='ltr'><strong>iudicibus</strong></span> <span class='ocrx_word' id='word_1_275' title='bbox 433 3945 551 4012; x_wconf 78' lang='lat' dir='ltr'><strong>vicinis</strong></span> <span class='ocrx_word' id='word_1_276' title='bbox 580 3943 735 4009; x_wconf 86' lang='lat' dir='ltr'><strong>territorii</strong></span> <span class='ocrx_word' id='word_1_277' title='bbox 763 3944 873 4022; x_wconf 89' lang='lat' dir='ltr'><strong>illius,</strong></span> <span class='ocrx_word' id='word_1_278' title='bbox 905 3943 961 4004; x_wconf 86' lang='lat' dir='ltr'><strong>ubi</strong></span> <span class='ocrx_word' id='word_1_279' title='bbox 987 3943 1109 4008; x_wconf 88' lang='lat' dir='ltr'><strong>iussum</strong></span> <span class='ocrx_word' id='word_1_280' title='bbox 1132 3950 1208 4012; x_wconf 83' lang='lat' dir='ltr'><strong>fuc-</strong></span> 
     </span>
     <span class='ocr_line' id='line_1_42' title="bbox 89 4025 1209 4115; baseline 0 -23"><span class='ocrx_word' id='word_1_281' title='bbox 89 4039 160 4110; x_wconf 86' lang='lat' dir='ltr'><strong>rat,</strong></span> <span class='ocrx_word' id='word_1_282' title='bbox 197 4029 367 4112; x_wconf 82' lang='lat' dir='ltr'><strong>negotium</strong></span> <span class='ocrx_word' id='word_1_283' title='bbox 398 4029 578 4110; x_wconf 82' lang='lat' dir='ltr'><strong>terminare</strong></span> <span class='ocrx_word' id='word_1_284' title='bbox 609 4027 720 4105; x_wconf 87' lang='lat' dir='ltr'><strong>liceat,</strong></span> <span class='ocrx_word' id='word_1_285' title='bbox 753 4037 786 4090; x_wconf 88' lang='lat' dir='ltr'><strong>ct</strong></span> <span class='ocrx_word' id='word_1_286' title='bbox 811 4025 916 4090; x_wconf 90' lang='lat' dir='ltr'><strong>datam</strong></span> <span class='ocrx_word' id='word_1_287' title='bbox 944 4027 1209 4115; x_wconf 86' lang='lat' dir='ltr'><strong>praeceptionem</strong></span> 
     </span>
     <span class='ocr_line' id='line_1_43' title="bbox 91 4103 1208 4260; baseline 0.003 -85"><span class='ocrx_word' id='word_1_288' title='bbox 91 4112 207 4178; x_wconf 83' lang='lat' dir='ltr'><strong>offerre</strong></span> <span class='ocrx_word' id='word_1_289' title='bbox 205 4121 297 4260; x_wconf 42' lang='lat' dir='ltr'><strong>(ipat</strong></span> <span class='ocrx_word' id='word_1_290' title='bbox 325 4133 439 4183; x_wconf 79' lang='lat' dir='ltr'><strong>soram</strong></span> <span class='ocrx_word' id='word_1_291' title='bbox 460 4103 591 4186; x_wconf 78' lang='lat' dir='ltr'><strong>&#39;iudicio</strong></span> <span class='ocrx_word' id='word_1_292' title='bbox 632 4107 799 4206; x_wconf 80' lang='lat' dir='ltr'><strong>negotium</strong></span> <span class='ocrx_word' id='word_1_293' title='bbox 830 4109 980 4197; x_wconf 76' lang='lat' dir='ltr'><strong>legaliter</strong></span> <span class='ocrx_word' id='word_1_294' title='bbox 1010 4131 1047 4175; x_wconf 89' lang='lat' dir='ltr'><strong>ac</strong></span> <span class='ocrx_word' id='word_1_295' title='bbox 1071 4111 1208 4180; x_wconf 84' lang='lat' dir='ltr'><strong>iustissi-</strong></span> 
     </span>
     <span class='ocr_line' id='line_1_44' title="bbox 90 4212 512 4275; baseline -0.007 -19"><span class='ocrx_word' id='word_1_296' title='bbox 90 4215 142 4262; x_wconf 67' lang='lat' dir='ltr'><strong>me</strong></span> <span class='ocrx_word' id='word_1_297' title='bbox 166 4212 204 4260; x_wconf 61' lang='grc' dir='ltr'><strong>ΟΥ</strong></span> <span class='ocrx_word' id='word_1_298' title='bbox 229 4215 331 4275; x_wconf 59' lang='lat' dir='ltr'><strong>,flama</strong></span> <span class='ocrx_word' id='word_1_299' title='bbox 360 4259 374 4271; x_wconf 30' lang='lat' dir='ltr'><em>a</em></span> <span class='ocrx_word' id='word_1_300' title='bbox 393 4255 411 4271; x_wconf 78' lang='lat'><strong>„</strong></span> <span class='ocrx_word' id='word_1_301' title='bbox 508 4244 512 4253; x_wconf 91' lang='lat'><em>.</em></span> 
     </span>
    </p>
   </div>
   <div class='ocr_carea' id='block_1_14' title="bbox 0 0 1346 4868">
    <p class='ocr_par' dir='ltr' id='par_1_16' title="bbox 0 0 1346 4868">
     <span class='ocr_line' id='line_1_45' title="bbox 0 0 1346 4868; baseline 0 4"><span class='ocrx_word' id='word_1_302' title='bbox 0 0 1346 4868; x_wconf 95' lang='lat' dir='ltr'><strong> </strong></span> 
     </span>
    </p>
   </div>
  </div>
 </body>
</html>
