2632 4822
338 278 561 337 usurpatum
593 277 720 334 tuuuu
755 277 890 333 trram.
1105 257 1178 330 ros

67 425 219 512 propitio,
233 422 338 504 Regni
361 422 425 486 mei
446 418 547 486 tht.
566 416 620 480 die
642 414 856 478 Kalendarum
877 414 1042 494 Martium,
1065 413 1196 496 ludio..-

71 514 154 571 tione
173 508 237 574 III.
255 530 318 576 una
340 525 409 567 cum
423 503 597 571 illustribus
611 501 693 560 uiris
717 498 926 582 Optimatibus
937 499 1013 558 meis
1033 521 1077 560 eos
1095 502 1179 560 Neu·

69 593 182 667 striae,
204 589 351 651 Austrioe
372 599 402 646 et
424 585 555 644 Tusciae
582 583 746 666 partibus,
774 583 828 642 vel
845 582 997 640 universis
1012 583 1178 642 Nobilibus

68 671 306 752 Langobardis,
338 667 413 728 dum
434 665 574 746 singula,
592 685 671 745 quae
693 663 955 730 inunterioribus
970 664 1071 724 titulis
1089 665 1181 724 liuius

33 815 35 819 ,
68 754 342 832 Edicti’leguntur
354 749 494 811 studiose
514 769 552 810 ae
575 747 733 808 subtiliter
755 747 964 806 serutnuimus
975 789 984 822 ,
1009 744 1182 808 adsistente

69 839 157 898 ornni
183 834 324 919 populo,
353 843 450 916 prout
473 851 605 914 sequens
626 849 728 896 sermo
750 829 989 907 monstraverit,
1008 827 1128 890 addere
1150 839 1190 890 et·

70 917 243 995 elucidare,
266 918 330 978 sive
350 926 486 978 statuere
506 909 719 998 praevidimus
740 910 850 991 legem.
871 907 907 998 lr)
1015 913 1018 916 '

460 1052 614 1115 'Primum
632 1051 782 1114 omnium.

151 1171 220 1237 XV.
261 1165 338 1243 (I.)
379 1165 587 1249 Quicumque
612 1165 698 1228 liber
733 1163 831 1227 homo
865 1163 925 1228 sub
953 1168 1058 1252 Regni
1079 1166 1192 1230 nostri

72 1253 198 1317 ditione
215 1251 338 1338 positus
353 1249 547 1332 cuicumque
570 1272 588 1310 a
609 1247 705 1312 modo
723 1247 860 1310 wadiam
883 1250 1027 1328 dederit}
1050 1260 1083 1311 et
1099 1249 1181 1311 fide-

53 1337 224 1400 iussorem
247 1334 401 1418 posuerit,
424 1333 458 1394 in
487 1331 669 1417 praesentia
689 1332 828 1392 duorum
854 1332 906 1394 vel
929 1333 1030 1394 trium
1051 1332 1183 1394 testium

70 1441 208 1506 qnorum
234 1417 312 1479 fides
339 1414 536 1493 admittitur,
564 1415 598 1476 iu
623 1415 771 1476 omuibus
800 1415 961 1497 complere
992 1415 1099 1478 debet.
1140 1417 1184 1476 Et

69 1505 97 1566 si
120 1501 302 1577 distulerit,
333 1508 366 1560 et
386 1498 573 1582 pignoratos
598 1497 755 1560 fueritin
786 1495 836 1558 his
861 1498 972 1576 rebus,
1005 1498 1039 1558 in
1064 1497 1183 1580 quibus

70 1586 197 1648 licitum
217 1592 264 1645 est
278 1582 462 1665 pignorare,
478 1581 602 1642 nullain
623 1579 829 1657 calumniam,
843 1581 900 1663 qui
914 1581 1109 1664 pignoravit,
1130 1603 1185 1664 pa-

69 1669 178 1731 tiatur.
224 1666 304 1727 Nam
335 1665 392 1752 qui
422 1664 493 1726 sine
521 1663 582 1724 hae
613 1661 870 1724 manifestatione
892 1663 1062 1748 pignorare
1088 1685 1185 1748 prae·
1253 1712 1256 1722 ,

70 1748 244 1819 sumserit,
286 1747 433 1808 iubemus
457 1746 552 1807 utin
587 1747 722 1826 duplum
748 1744 853 1826 ipsum
879 1747 996 1830 pignus
1028 1743 1184 1811 restituat,

63 1833 107 1894 'si
129 1852 207 1893 vero
233 1831 319 1890 inter
345 1829 550 1906 creditorem,
572 1839 605 1890 et
627 1828 815 1905 debitorem,
842 1838 939 1910 utque
962 1828 1186 1892 fideiussorem

72 1915 141 1975 ortu
167 1911 268 1972 fuerit
296 1911 459 1989 intentio,
488 1911 629 1994 qualiter
657 1911 689 1970 in
720 1912 876 1972 anteriori
898 1912 1015 1973 Edicto
1044 1911 1184 1995 legitur,

72 1994 199 2080 quoda
223 1993 450 2076 gloriosissimo
477 1993 608 2056 Rotbari
639 1995 726 2077 Rege
756 1992 940 2054 institutum
963 2001 1033 2070 est,
1052 2017 1113 2077 per
1133 2003 1186 2054 ta-

50 2086 272 2148 ,crumentum
291 2074 532 2138 determinetur.
573 2079 652 2139 Nam
670 2078 695 2137 si
715 2076 946 2160 inpraesentia
969 2076 1107 2137 duorum
1130 2074 1185 2138 vel

72 2161 172 2221 trium
194 2158 326 2219 testium
352 2158 516 2242 stipulatio
530 2157 597 2244 ipsa
617 2160 701 2220 facta
721 2157 832 2236 fuerit,
855 2160 889 2219 in
911 2181 1022 2220 eorum
1045 2158 1188 2220 testimo·

75 2243 131 2303 nio
153 2241 322 2313 credatur,
345 2251 382 2301 ut
408 2253 640 2303 sacramentum
669 2241 756 2304 inter
778 2242 907 2319 dantes,
939 2251 971 2302 et
992 2241 1188 2326 accipientes

74 2323 207 2386 minime
229 2324 409 2406 proveniat.
457 2324 500 2384 Et
526 2325 552 2385 si
577 2324 750 2386 debuerint
776 2324 836 2407 ipsi
861 2332 956 2386 testes
981 2346 1075 2385 suum
1095 2323 1187 2386 testi-

74 2407 221 2468 monium
246 2406 390 2484 firmare,
411 2405 515 2485 uobis,
531 2407 582 2470 vel
599 2407 655 2488 qui
680 2405 712 2466 in
732 2415 874 2490 tempore
898 2407 1055 2490 Princeps
1075 2407 1187 2487 fuerit,

74 2490 128 2552 vel
143 2489 243 2550 iudici
269 2487 393 2548 firmare
412 2488 558 2562 debeant.
599 2491 642 2551 Et
664 2489 691 2552 si
709 2489 856 2552 homines
876 2511 941 2549 non
963 2489 1186 2568 interfuerint,

74 2572 207 2656 quando
227 2572 329 2634 wadia
353 2571 465 2649 datur,
487 2572 683 2656 quicumque
710 2572 803 2656 quasi
830 2573 1051 2634 fideiussorem
1074 2573 1189 2658 pigno·

73 2655 203 2732 raverit,
227 2664 414 2736 componat,
440 2653 523 2715 sicut
544 2679 638 2735 supra
665 2656 793 2738 legitur.
875 2657 918 2720 II.
939 2677 989 2716 21.
1015 2679 1061 2731 ru.

143 2755 226 2790 roua.
262 2739 340 2790 Pctre
365 2746 393 2790 te
415 2738 536 2808 appellat
551 2737 704 2801 Martinus,
732 2737 807 2808 quod
823 2745 854 2792 tu
871 2738 1017 2810 pignerasti
1034 2755 1098 2792 eum
1113 2737 1187 2790 malo

8 2835 12 2842 -
74 2806 168 2859 ordine
186 2807 341 2860 intantum
360 2809 394 2860 de
412 2827 461 2860 suo
478 2808 583 2870 mobili,
602 2808 677 2880 quod
692 2807 803 2860 valebat
819 2809 868 2862 sol.
888 2809 917 2860 C.
955 2809 983 2861 si
1002 2808 1119 2862 dixerit:
1143 2811 1187 2860 Tu
1222 2837 1223 2841 =
1255 2859 1258 2864 .

74 2877 174 2930 dedisti
193 2877 260 2928 mihi
277 2878 357 2930 vadia
375 2878 439 2930 dare
457 2879 505 2931 sol.
520 2880 549 2930 C.
567 2878 596 2929 in
617 2879 678 2930 Kal.
694 2879 774 2940 Maii,
785 2885 814 2931 et
829 2897 885 2933 non
898 2878 965 2930 mihi
984 2878 1084 2932 dedisti
1108 2895 1189 2948 prop-

74 2955 117 3000 ter
138 2949 192 3000 hoc
209 2957 237 3000 te
255 2947 401 3017 pignerari.
437 2949 498 3000 Non
516 2949 580 3000 dedi
597 2947 649 3000 tibi
667 2948 725 3018 ipsa
742 2949 830 3002 vadia.
865 2951 921 3002 Aut
936 2949 1034 3020 probet
1057 2948 1105 3018 qui
1130 2948 1189 3018 pig-

74 3017 190 3078 neravit,
209 3027 258 3068 aut
273 3019 370 3070 reddat
387 3017 438 3070 sibi
455 3037 565 3070 nonum.
602 3019 630 3071 Si
649 3019 749 3071 dixerit
764 3020 812 3089 qui
829 3021 967 3090 appellat:
986 3021 1047 3072 Non
1068 3016 1189 3068 debuisti

74 3103 119 3207 mue
136 3086 274 3166 pignerare
291 3097 401 3210 propter
417 3088 476 3211 ipsp
492 3088 594 3210 vadia(i
610 3089 681 3212 lquia·
693 3088 818 3212 homfines
834 3109 891 3214 spon
909 3088 1012 3142 fuerint
1027 3086 1102 3142 illic:
1120 3095 1189 3139 tune

72 3173 82 3206 1
108 3172 188 3226 equs
207 3173 346 3226 pigueravr
376 3175 423 3228 pro
446 3177 460 3212 e
484 3196 493 3220 ,
518 3176 573 3229 quo
605 3214 609 3227 ¹
630 3175 733 3211 omines
764 3177 860 3214 uersu.

143 3377 176 3443 t)
194 3378 270 3431 linus
289 3377 383 3430 Codex
402 3381 531 3434 diversam
546 3382 629 3451 plane
647 3353 748 3435 seriem
761 3399 892 3436 annorum
911 3391 940 3436 et
958 3381 1079 3454 capitum
1096 3380 1187 3435 refert.

71 3447 203 3500 Nimirum
222 3456 283 3517 post
299 3451 439 3517 prologum
457 3451 521 3506 unni
546 3454 624 3507 vt11.
649 3453 762 3504 exhibet
781 3453 881 3522 capita,
908 3471 980 3523 quae
1006 3452 1080 3523 apud
1103 3469 1188 3504 noea

71 3519 149 3640 XIX.
169 3519 306 3640 usquead
323 3521 419 3575 XXIV.
436 3522 573 3587 leguntur.
610 3523 689 3576 Tunc
706 3522 791 3574 habet
810 3523 964 3594 sequeutia,
988 3540 1125 3595 nusquam
1139 3522 1191 3574 ali-

93 3606 202 3642 llnven
217 3606 255 3640 a·
287 3653 290 3656 ¹
377 3661 419 3712 De
437 3677 513 3710 anno
532 3625 605 3712 nono
624 3660 726 3730 incipit
741 3660 883 3730 prologus.
963 3653 982 3672 '¹

141 3729 204 3798 Ego
222 3730 254 3781 in
270 3731 326 3782 Dei
343 3731 537 3798 omnipotentis
555 3731 664 3783 nomine
685 3729 853 3801 liudprand
867 3735 926 3786 Deo
951 3727 1070 3783 ditectae
1088 3743 1116 3784 et
1140 3749 1188 3784 ca-

73 3796 195 3852 thelicae
214 3802 305 3868 gentis
323 3798 569 3870 Langobardorum
587 3819 648 3862 rex,
668 3818 743 3852 antro
762 3805 844 3871 regni
860 3803 915 3854 mei
931 3797 982 3853 deo
997 3803 1122 3872 propitio
1136 3820 1188 3854 no·
1281 3849 1284 3852 .

74 3886 123 3928 no,
143 3868 298 3938 indictione
316 3885 431 3942 quarto,
452 3867 603 3923 edisserere
620 3869 813 3942 praevidimus
831 3873 917 3942 leges.
970 3929 971 3933 Ἰ

143 3940 214 3990 Huic
233 3941 342 4010 prologo
362 3941 485 4012 quinque
502 3948 610 3993 tantum
637 3939 728 4009 capita
745 3943 886 4006 annectit,
907 3957 979 4012 quae
1003 3941 1078 4011 apud
1096 3945 1153 3992 'nos
1172 3959 1188 3991 a

72 4007 154 4059 XXV.
173 4027 260 4078 usque
280 4011 315 4062 ad
341 4010 438 4066 XXIX.
456 4009 602 4064 habentur.
648 4013 720 4064 'Post
743 4010 815 4065 haec
842 4013 893 4068 tub
919 4029 991 4063 anno
1016 4013 1047 4063 X.
1073 4011 1187 4062 exhibet
1222 4058 1224 4062 .

73 4077 225 4145 prologum,
244 4098 327 4150 quem
344 4099 393 4132 nos
412 4099 482 4133 anno
499 4081 545 4132 IX.
564 4079 717 4144 tribuimus,
735 4081 834 4152 illique
848 4090 966 4155 quatuor
984 4081 1075 4152 capita
1093 4100 1108 4132 a
1126 4100 1189 4132 nos-

73 4155 116 4198 tro
135 4147 189 4198 XV.
210 4165 297 4220 usque
317 4151 352 4202 ad
370 4153 471 4204 XVIII.
496 4149 644 4219 subiungit.
688 4153 736 4209 llis
761 4153 882 4229 denique
900 4152 1189 4226 explanandarum

74 4217 122 4276 XI·
141 4226 213 4276 sieut
230 4228 259 4276 et
275 4230 367 4282 nostra
385 4219 470 4278 editio
486 4221 582 4294 pergit.
954 4268 957 4279 .
1047 4244 1051 4261 ··
