2632 4822
126 243 201 320 746
518 265 684 321 euterun
722 266 899 323 uorasms
987 343 991 352 Ι

126 410 199 490 dat,
235 415 268 469 et
293 427 353 492 pro
389 405 517 472 incauta
546 409 785 492 praesumtione
822 416 994 494 componat
1027 407 1153 476 solidos
1185 411 1241 480 Vl.

127 493 276 576 1.27.5.
310 493 313 500 '

194 571 383 636 ‘CCCLXL
425 571 460 634 Si
482 573 554 654 quis
575 583 703 658 pratum
723 573 866 635 alienum
889 573 1037 652 secuerit,
1059 584 1116 636 aut
1136 599 1243 640 exara-

124 658 221 731 verit,
244 666 276 718 et
297 657 431 728 foenum
450 657 583 735 reddat,
606 666 638 717 et
658 678 716 740 pro
738 657 868 718 incauta
887 658 1129 744 praesumtione
1152 682 1242 723 com-

126 750 225 825 ponat
247 738 367 802 solidos
389 739 448 803 Vl.
509 742 536 800 I.
559 762 607 820 27.
631 741 660 804 5.

208 821 401 885 CCCLXll.
444 822 478 883 Si
510 821 582 905 quis
611 843 758 919 campum
779 824 922 885 alienum
943 832 1011 886 asto
1034 825 1145 886 animo
1168 846 1239 888 cum

124 905 255 992 peculio
277 926 336 965 suo
358 903 529 984 deleverit,
561 915 615 968 aut
643 927 745 988 spicas
765 907 912 968 manibus
941 908 1116 988 evulserit,
1152 929 1239 970 com-

124 997 225 1075 ponat
245 988 365 1049 solidos
386 989 443 1052 Vl.
506 990 530 1048 1.
557 1009 602 1070 19.
625 990 674 1050 25.

207 1069 416 1134 CCCLXlll.
457 1070 547 1132 Nulli
576 1073 616 1132 sit
638 1069 769 1134 licentia
799 1073 986 1136 iterantibus
1014 1073 1153 1134 herbam
1181 1095 1238 1136 ue-

123 1176 209 1238 gare,
231 1164 367 1238 excepto
389 1163 478 1238 prato
502 1155 623 1216 intacto
630 1200 639 1234 ,
660 1164 805 1237 tempore
827 1179 905 1236 suo,
927 1166 984 1217 aut
1007 1177 1123 1218 messe.
1166 1161 1238 1220 Post

123 1241 258 1299 l'oeuum
280 1247 401 1314 autem,
423 1248 479 1298 aut
499 1239 607 1321 fruges
630 1238 793 1318 collectas,
815 1249 941 1301 tantum
961 1243 1072 1322 fruges
1093 1240 1238 1302 vindicet

123 1320 168 1400 is,
200 1321 292 1382 cuius
319 1332 404 1382 terra
434 1330 501 1398 est,
530 1331 687 1404 quantum
713 1344 787 1382 cum
807 1324 954 1386 clausura
974 1345 1032 1384 sua
1051 1332 1162 1406 potest
1183 1323 1238 1384 de-

123 1405 269 1466 fendere.
311 1405 392 1465 Nam
421 1403 447 1464 si
477 1403 550 1487 quis
572 1404 713 1466 caballos
735 1404 797 1468 iter
815 1405 971 1469 facientes
993 1408 1034 1468 de
1056 1406 1166 1489 stupla
1187 1416 1238 1468 aut

124 1487 164 1549 de
187 1487 263 1572 ipsis
284 1486 411 1572 pascuis
433 1486 488 1547 ubi
519 1487 581 1549 alia
631 1508 726 1548 ecura
754 1499 948 1571 pascuntur,
983 1509 1115 1552 movere
1146 1511 1238 1573 prae·

123 1569 288 1645 sumserit,
311 1571 344 1630 in
366 1569 499 1654 actogilt
520 1510 660 1632 caballos
682 1583 870 1654 componat,
899 1594 959 1655 pro
979 1594 1019 1635 eo
1043 1573 1134 1654 quod
1156 1574 1237 1657 ipsos

123 1654 163 1715 de
180 1675 254 1715 arvo
271 1675 395 1739 campo,
417 1653 505 1738 quod
526 1663 574 1716 est
592 1653 770 1740 fossiuagar
790 1657 833 1738 t),
855 1677 983 1720 morere
997 1657 1237 1742 praesumserit.

123 1735 190 1802 lll.
211 1739 244 1816 4.
269 1759 295 1799 1.

538 1845 587 1907 De
609 1847 822 1913 sacramentis.

206 1958 412 2041 CCCLXIV.
464 1961 500 2024 Si
537 1963 782 2046 qualiscumque
820 1982 928 2023 caussa
968 1961 1056 2026 inter
1088 1963 1239 2026 homiues

123 2044 243 2107 liberos
271 2046 430 2124 evenerit,
469 2055 502 2107 et
532 2057 765 2108 sacramentum
795 2045 938 2108 dandum
968 2046 1084 2122 fuerit,
1121 2048 1148 2109 si
1183 2070 1239 2108 us-

125 2151 187 2210 que
223 2129 263 2189 ad
294 2128 371 2191 XX.
404 2128 525 2191 solidos
555 2129 654 2190 luerit
687 2149 797 2190 caussa
828 2130 896 2211 ipsa
927 2141 981 2192 aut
1010 2130 1166 2213 amplius,
1197 2127 1237 2190 ad

122 2211 299 2294 Evangelia
333 2223 443 2274 sancta
472 2213 556 2274 iuret
587 2235 660 2274 cum
691 2213 864 2273 duodecim
893 2213 973 2274 aidis
1004 2213 1090 2289 suis,
1128 2214 1163 2275 id
1190 2222 1239 2275 est

123 2295 414 2358 sacramentalibus.
468 2297 516 2356 Ita
546 2304 582 2355 ut
611 2317 667 2358 sex
695 2295 746 2356 illi
775 2296 986 2357 nominentur
1013 2297 1052 2355 ab
1083 2294 1142 2357 illo
1180 2294 1237 2378 qui

122 2377 247 2520 pulsat,
281 2387 318 2438 ut
346 2379 499 2461 septimus
530 2379 590 2456 sit,
630 2379 687 2461 qui
714 2379 877 2461 pulsatur,
913 2389 945 2439 et
977 2378 1123 2460 quinque
1153 2400 1237 2520 {pua-

138 2483 170 2520 es
197 2460 337 2520 voluerit
364 2463 481 2524 liberos
513 2462 629 2545 eligat,
666 2471 701 2522 ut
729 2469 837 2521 tamen
871 2461 936 2522 sint
955 2462 1027 2520 XlI.
1077 2464 1151 2538 Quo
1196 2459 1238 2540 ,si

124 2542 232 2602 minor
254 2565 362 2604 caussa
391 2546 489 2605 fuerit
511 2546 550 2606 de
573 2544 645 2606 XX.
668 2544 795 2604 solidos
828 2564 932 2626 nsque
965 2543 1004 2602 ad
1038 2541 1236 2620 duodecim,

125 2626 184 2687 sibi
206 2634 314 2686 sextus
336 2628 421 2688 iuret
440 2629 480 2688 ad
503 2649 588 2687 arma
610 2637 739 2702 sacrata,
760 2637 825 2687 tres
847 2627 877 2686 ei
900 2626 1064 2703 nominet,
1081 2623 1139 2706 qui
1160 2625 1238 2708 pul-

125 2719 192 2785 sat,
223 2717 254 2768 'et
285 2711 365 2771 duos
393 2711 512 2771 liberos
537 2709 652 2792 eligat,
681 2709 737 2792 qui
759 2710 920 2792 pulsatur,
952 2707 1061 2791 quales
1081 2707 1239 2786 voluerit,

125 2802 158 2853 et
181 2801 288 2852 sextus
311 2793 351 2853 sit
370 2793 448 2874 ipse.
490 2794 531 2853 Et
551 2792 576 2852 si
593 2792 699 2852 minor
714 2793 811 2853 fuerit
835 2813 944 2853 caussa
962 2793 1003 2854 de
1020 2791 1094 2852 Xll.
1111 2790 1238 2868 solidis,

124 2875 185 2938 sibi
205 2873 319 2935 tertius
340 2875 422 2935 iuret
440 2875 484 2954 ¹ad
505 2896 589 2933 arma
611 2885 748 2953 sacrata,
789 2897 889 2934 unum
918 2875 949 2935 ei
973 2873 1138 2952 nominet,
1180 2872 1238 2955 qui

122 2959 246 3044 pulsat,
269 2966 302 3019 et
314 2958 414 3017 alium
428 2957 496 3039 ipse
510 2957 570 3018 sibi
584 2966 727 3039 quaerat,
749 2967 781 3018 et
793 2957 905 3019 tertius
920 2957 960 3018 sit
974 2957 1052 3040 ipse.
1094 2957 1138 3017 ll.
1148 2955 1238 3020 55.5.

165 3095 168 3102 ’
208 3070 393 3134 CCCLXV.
436 3070 470 3131 si
492 3071 564 3152 quis
584 3071 638 3131 alii
665 3071 800 3134 wadiam
823 3080 856 3134 et
874 3072 1096 3133 fideiussorem
1121 3071 1161 3132 de
1186 3092 1239 3131 sa-

126 3165 289 3218 cramento
316 3155 461 3232 dederit,
496 3176 590 3216 omne
618 3156 705 3237 quod
728 3176 787 3238 per
804 3155 941 3216 wadiam
963 3165 995 3216 et
1015 3153 1239 3216 fideiussorem

125 3238 294 3322 obligavit,
317 3237 507 3321 adimpleat,
529 3248 561 3299 ct
581 3237 638 3299 ille
660 3237 718 3320 qui
738 3239 861 3320 pulsat,
883 3247 915 3298 et
931 3237 1067 3299 wadium
1084 3236 1238 3318 suscepit,

125 3322 336 3408 proximiores
367 3324 629 3398 sacramentales,
664 3319 721 3403 qui
750 3320 912 3382 nascendo
942 3329 1017 3380 sunt
1043 3323 1092 3399 i),
1125 3320 1240 3380 debeat

126 3406 294 3468 nominare
312 3413 449 3466 tantum.
487 3406 631 3490 Excepto
654 3406 712 3466 illo
732 3404 782 3483 t),
805 3404 860 3487 qui
885 3424 1013 3485 gravem
1032 3401 1240 3463 inimicitiam

126 3511 201 3550 cum
222 3488 311 3570 ipso,
342 3488 400 3569 qui
428 3489 589 3571 pulsatur,
629 3486 829 3548 commissam
850 3486 961 3562 habet,
1001 3483 1122 3562 idest,
1159 3485 1186 3546 si
1209 3483 1239 3545 ei

124 3573 251 3655 plagam
271 3571 405 3649 fecerit,
429 3581 482 3632 aut
503 3573 536 3630 iu
558 3581 658 3632 morte
681 3570 749 3631 eius
772 3567 989 3646 consenserit,
1012 3579 1142 3630 autres
1166 3587 1240 3628 suas

121 3655 183 3717 alii
205 3654 417 3736 tlringaverit,
440 3655 507 3738 ipse
531 3675 596 3715 non
618 3663 723 3735 potest
747 3675 816 3714 esse
839 3651 1101 3728 sacramentalis,
1125 3672 1242 3732 quam-

125 3738 172 3802 vis
193 3737 357 3821 proximus
379 3737 437 3815 sit,
466 3759 504 3798 eo
526 3737 615 3820 quod
637 3735 785 3797 inimicus
808 3745 839 3798 et
858 3745 1028 3797 extraneus
1054 3755 1122 3797 csse
1145 3733 1241 3795 inve·

126 3822 223 3889 nitur.
287 3820 333 3884 ll.
356 3843 405 3883 21.
426 3842 457 3902 9.
832 3910 843 3941 a
915 3901 916 3904 Ἴ

195 4049 225 4121 la)
242 4051 283 4102 Al.
297 4047 383 4102 Codd.
399 4044 582 4113 fhsinaclaar5
592 4043 922 4119 fionsnegnrpfossugur.
940 4039 1050 4096 Herold.
1061 4041 1241 4113 fhnsaccar.

126 4120 150 4190 i)
166 4120 277 4176 Herold.
296 4139 322 4189 q.
340 4118 451 4171 Nascon
470 4114 549 4169 deins.
620 4115 648 4177 t)
671 4115 713 4168 Al.
733 4113 821 4166 Codd.
849 4114 946 4164 debeat
970 4113 1125 4164 nominare.
1164 4111 1244 4180 Tura·

125 4204 183 4242 cnm
201 4204 260 4253 est,
279 4203 309 4242 ut
326 4200 438 4259 excepto
458 4187 530 4240 illos.
565 4184 677 4244 Herold.
697 4182 799 4238 debeat*
810 4186 965 4244 norninare,
985 4194 1093 4234 tantum
1111 4193 1172 4246 cst,
1194 4198 1244 4236 ex·

126 4275 206 4332 cepte
216 4262 283 4320 silla·
