2640 4838
448 282 613 340 aurcrun
636 283 814 340 romans
1119 263 1194 343 ost

74 439 214 516 quatuor
226 424 340 488 feritae
352 421 487 497 fuerint,
513 434 683 510 componat
696 421 826 506 sol.11.3
847 425 1115 510 ampliusssleritae
1129 448 1196 488 non

73 519 298 579 numerentur.
362 513 388 570 I.
410 509 440 573 8.
462 510 512 584 24.
1086 530 1089 534 ’

147 594 292 656 CXXVI.
338 591 372 651 Si
396 591 435 650 de
458 591 560 674 plagis
581 602 636 653 aut
656 590 760 652 feritis
787 591 938 672 superius
959 592 1088 674 scriptis
1109 590 1200 670 aldii,

11 709 14 714 *
76 688 131 742 aut
154 675 239 738 servi
259 673 497 751 ministerialis,
520 685 575 735 aut
594 675 769 748 rusticani,
800 683 896 754 atque
919 675 1042 752 ald-iae,
1065 685 1122 734 aut
1141 690 1201 732 au:-

75 763 185 838 cillae,
207 781 330 834 munus,
353 765 408 816 aut
428 757 536 838 pedes,
559 760 609 819 vel
633 756 802 840 quodlibet
822 758 1014 834 membrum,
1028 759 1200 840 ¹plagatum

77 856 133 906 aut
150 861 339 926 percussum
357 847 422 915 est,
444 840 588 900 siluerit
608 843 800 916 sideratum,
825 849 858 900 et
876 863 940 902 non
962 839 1202 927 persanassent

78 953 96 989 a
115 945 262 1009 corpore,
285 924 382 1070 sirpili
404 923 499 984 modo
518 933 699 1009 componat,
721 932 873 1006 tanquam
894 925 921 986 si
946 942 1022 986 eum
1040 922 1202 986 excussis·

79 1022 138 1077 set.
201 1005 225 1069 l.
248 1008 348 1069 8.2.
974 1025 990 1070 ἢ
1135 1034 1182 1064 «κ

163 1089 324 1154 CXXVII.
367 1089 488 1150 Omnes
509 1109 587 1150 vero
607 1085 718 1172 plagae
737 1099 792 1150 aut
813 1089 927 1152 feritas
946 1100 1010 1151 tam
1035 1090 1075 1152 do
1097 1087 1203 1167 aldiis,

80 1197 178 1260 quam
194 1175 234 1234 ‹le
253 1172 353 1235 servis
373 1172 651 1250 ministerialibus,
674 1195 732 1234 seu
753 1173 793 1233 de
811 1174 912 1235 serris
931 1173 1123 1249 rusticanis,
1151 1181 1203 1250 ,at-

79 1281 143 1344 que
164 1257 268 1332 aldiis,
291 1266 346 1315 aut
366 1255 512 1332 ancillis,
536 1274 619 1335 quae
637 1256 824 1332 evenerint,
855 1277 915 1338 per
933 1257 1022 1319 hunc
1043 1266 1203 1332 tenorem,

1 1396 4 1404 ,
78 1345 275 1427 sicutsupra
296 1333 505 1399 constitutum
527 1347 592 1414 est,
621 1337 793 1404 finiantur.
828 1340 862 1399 Si
881 1348 988 1400 autem
1011 1339 1120 1420 aliqua
1141 1337 1206 1398 du·

78 1427 179 1488 bietas
199 1422 275 1482 inde
299 1422 409 1499 fuerit,
436 1421 523 1502 quod
545 1421 701 1493 evadere,
732 1432 786 1482 aut
805 1422 902 1483 citius
925 1425 1029 1483 sanari
1050 1444 1115 1483 uon
1135 1441 1206 1502 pos-

80 1509 144 1584 sit,
169 1516 249 1566 tuno
272 1505 414 1565 medium
443 1503 538 1584 pretii
567 1504 606 1564 de
630 1506 739 1586 plaga,
767 1506 856 1587 quod
881 1505 1072 1590 arbitratum
1094 1503 1207 1580 fuerit,

81 1589 231 1655 dominus
253 1588 322 1648 eius
349 1588 493 1669 accipiat.
529 1586 667 1668 Reliqua
694 1609 773 1649 vero
800 1588 954 1650 medietas
978 1588 1204 1671 suspendatur,

80 1693 185 1755 usque
205 1671 282 1731 dum
299 1681 519 1752 cognoscatur,
541 1669 568 1730 si
589 1669 674 1729 intra
696 1671 772 1730 anni
793 1672 930 1752 spatium
946 1673 1083 1735 evadere
1101 1677 1208 1751 potest
1274 1711 1275 1714 η

83 1758 124 1818 de
145 1755 213 1837 ipsa
234 1754 337 1835 plaga.
381 1753 415 1814 Si
436 1753 591 1814 evaserit:
614 1753 702 1833 quod
721 1753 885 1835 reliquum
902 1765 967 1833 est,
997 1755 1208 1836 compleatur.
1243 1789 1247 1802 ‹

85 1839 120 1901 Si
146 1846 253 1897 autem
275 1837 314 1898 de
341 1835 407 1918 ipsa
427 1845 571 1896 mortuus
599 1837 699 1896 fuerit
730 1835 814 1896 intra
836 1837 914 1896 ann'i
937 1839 1093 1920 spatium,
1124 1836 1210 1896 sicut

84 1921 372 1984 subterannexum
393 1928 458 1997 est,
490 1918 534 1978 ita
552 1928 732 2001 componat.
776 1920 875 1997 Quod
895 1941 955 2004 pro
975 1922 1069 2003 plaga
1096 1941 1210 1999 accep·

87 2015 156 2067 tum
180 2011 249 2080 est,
288 2002 322 2063 in
355 2002 423 2086 ipsa
451 2023 574 2064 summa
592 2002 833 2086 compositionis
853 2005 973 2086 mortui
995 2011 1209 2086 computetur.

87 2089 112 2150 l.
134 2088 163 2149 8.
188 2085 236 2150 26.

154 2187 235 2220 roan.
272 2169 351 2219 Petne
367 2175 396 2220 te
411 2169 531 2238 appellat
545 2167 698 2229 Martinus,
728 2167 804 2236 quod
820 2167 887 2236 ipse,
899 2167 1049 2240 appellavit
1067 2175 1114 2232 te,
1135 2166 1211 2236 quod

26 2303 27 2306 Ἴ
86 2249 117 2293 ιιι
141 2237 233 2290 fecisti
252 2238 357 2306 plagam
382 2239 517 2308 incapite
539 2237 746 2289 deMarcoardo
769 2255 817 2290 suo
837 2255 930 2303 servo,
962 2249 990 2290 et
1011 2249 1123 2308 propter
1145 2239 1209 2300 hoc,

88 2310 164 2380 quod
178 2307 302 2362 dubietas
319 2317 376 2360 erat
391 2309 412 2360 si
431 2312 567 2372 evaderet,
589 2309 763 2360 medietatem
779 2309 812 2360 de
824 2305 1161 2377 compositione‘dcdisti,
1183 2318 1212 2361 et

35 2429 40 2434 .
70 2381 218 2446 ⁵medietas
236 2379 486 2448 iususpensofuit.
522 2378 607 2444 Modo
626 2397 707 2432 sanus
725 2378 780 2443 est}
807 2389 835 2430 et
853 2381 931 2440 vult,
962 2389 994 2432 ut
1010 2388 1042 2430 tu
1056 2379 1211 2448 ¹adimpleas

90 2450 171 2502 aliam
190 2449 374 2502 medietatem:
417 2453 493 2518 Aut;
518 2449 599 2502 modo
612 2459 734 2501 mortuus
754 2458 809 2512 est,
836 2460 863 2502 ct
877 2451 940 2504 vult
959 2449 1034 2520 quod
1061 2445 1214 2520 adimpleas¹
1308 2501 1309 2504 ,

89 2519 314 2590 compositionem
330 2521 437 2572 mortui.
1187 2549 1189 2556 ·

174 2613 365 2676 CXXVlll.
409 2613 474 2691 Qui
492 2612 599 2696 plagas
620 2612 755 2690 fecerit,
784 2613 852 2696 ipse
874 2622 1008 2695 quaerat
1027 2608 1213 2692 medicum
1273 2687 1274 2696 ἵ

90 2700 168 2761 etsi
195 2697 377 2781 neglexerit
400 2718 574 2777 quaerere,
605 2706 682 2757 tunc
703 2696 778 2773 ille,
805 2696 867 2778 'qui
888 2697 1034 2778 plagatus
1060 2705 1124 2771 est,
1158 2703 1213 2754 aut

72 2773 178 2844 ‘certe
203 2782 351 2842 dominus
371 2781 440 2842 eins
462 2779 606 2844 inveniat
623 2779 795 2845 medicum.
837 2781 878 2840 Et
896 2779 1029 2860 ille‘qui
1049 2788 1146 2862 eaput
1161 2799 1215 2838 ru·

88 2867 184 2948 perit,
207 2875 262 2925 aut
282 2863 511 2945 suprascriptas
526 2864 635 2944 plagas
655 2863 779 2941 fecerit,
803 2867 916 2945 operas
932 2864 1058 2939 reddat,
1081 2870 1114 2921 et
1132 2871 1215 2921 mer-

89 2949 203 3010 cedem
219 2948 346 3008 medioo
362 2947 540 3030 persolvat,
562 2955 717 3028 quantum
740 2968 799 3030 per
821 2947 932 3008 doctos
955 2946 1105 3014 homines
1127 2943 1214 3003 arbi-

91 3042 210 3092 tratum
231 3030 340 3094 fuerit.
403 3030 427 3092 l.
448 3031 477 3094 8.
500 3035 578 3109 27.”
1161 3083 1164 3091 ,

159 3131 238 3166 roan.
275 3115 354 3164 Petro
367 3119 396 3164 te
412 3112 534 3182 appellat
552 3111 695 3174 Martinus,
715 3112 791 3182 quod
803 3121 834 3164 tu
852 3110 967 3181 plagasti
977 3111 1116 3162 Donatum
1134 3127 1215 3161 suum

91 3200 196 3235 servum
211 3184 240 3234 in
258 3183 358 3252 capite,
379 3192 406 3235 ct
420 3183 533 3235 noluisti
550 3199 679 3252 quaerere
695 3183 848 3249 medicum,
870 3182 918 3234 secl
937 3182 996 3251 ipse
1011 3180 1164 3250 quaesivit,
1186 3187 1216 3232 et

90 3255 152 3306 vult
169 3263 201 3305 ut
217 3257 304 3307 solvas
321 3253 346 3305 ei
360 3253 530 3318 mercedem,
560 3262 696 3324 quantum
711 3270 760 3324 per
787 3253 883 3306 doctos
909 3251 1034 3304 homines
1060 3249 1214 3304 arbitratur.

92 3323 229 3376 Detorto.

104 3455 113 3477 .
176 3416 313 3477 CXXlX.
357 3415 390 3476 Si
417 3414 489 3496 quis
511 3415 634 3476 aldium
661 3415 805 3476 alienum
829 3390 1008 3496 occiderit,
1041 3423 1216 3500 componat

93 3499 213 3562 solidos
230 3501 292 3560 LX.
355 3500 381 3558 Ι.
409 3520 453 3558 11.
481 3520 505 3556 1.
830 3524 832 3530 .
1043 3513 1046 3522 ’

161 3600 241 3634 roan.
278 3583 358 3636 Petro
379 3590 409 3634 te
430 3581 551 3651 appellat
564 3579 716 3642 Martinus,
746 3581 867 3652 quodtu
892 3581 1018 3636 occidisti
1036 3600 1215 3636 unumsuum

93 3652 205 3706 aldium.
243 3651 605 3706 lutunumsuumservum
619 3651 824 3704 ministerialem
840 3653 995 3722 probatum.
1030 3654 1086 3706 Aut
1104 3655 1139 3714 de
1155 3654 1216 3706 aliis

71 3722 325 3776 ministerialibus.
367 3727 640 3788 Autunumservum
659 3723 823 3776 massarium.
871 3724 1028 3776 Autunum
1046 3741 1150 3778 servum
1166 3724 1216 3776 bo-

92 3794 207 3847 bulcum
226 3794 260 3845 de
276 3793 341 3845 sala.
384 3792 440 3844 Aut
462 3811 548 3843 unum
572 3791 748 3846 rusticanum.
791 3795 846 3844 Aut
871 3811 957 3844 unum
982 3795 1135 3864 porcarium
1159 3812 1217 3845 ma·

92 3865 210 3931 gistrum.
254 3865 309 3918 Aut
328 3863 361 3914 de
374 3861 547 3914 inferioribus
563 3863 700 3932 porcariis.
745 3866 800 3916 Αιιι
819 3864 998 3934 pecorarium.
1045 3867 1101 3918 Aut
1123 3881 1217 3934 capra·

91 3934 170 3988 rium.
218 3935 272 3987 Seu
289 3935 489 3985 armentarium.
534 3931 592 3987 Aut
607 3950 641 3986 er
654 3933 806 4006 discipulis.
848 3935 908 3988 Aut
925 3933 1058 3988 infantem
1069 3937 1216 4006 parvulum
1278 3956 1283 3963 ·

91 4005 225 4058 deservo.
262 4005 365 4057 Autde
380 4003 518 4066 massario.
933 4017 936 4022 “
1244 4022 1246 4026 ·

174 4076 303 4141 CXXX.
353 4075 388 4137 Si
421 4077 493 4157 quis
519 4089 649 4148 servum
680 4050 924 4136 ministerialem
955 4073 1142 4157 probatum,
1179 4083 1217 4137 ut

92 4178 206 4246 supra,
229 4169 285 4218 ant
300 4158 429 4221 doctum
446 4157 552 4235 domi,
575 4156 751 4235 occiderit,
774 4165 943 4239 componat
961 4157 1081 4220 solidos
1095 4161 1131 4222 L.

177 4241 334 4308 CXXXI·
376 4245 425 4308 De
443 4242 507 4308 alio
525 4263 603 4307 vero
620 4262 711 4307 servo
728 4240 951 4320 ministeriali,
978 4241 1036 4323 qai
1053 4239 1223 4305 secundus
