2640 4838
153 251 228 338 708
426 240 430 255 ‘
514 263 679 324 euterun
712 233 895 322 nominis

153 422 266 478 temne
293 403 490 473 substautias
520 405 610 490 quod
636 405 799 490 reliquum
822 391 958 487 luerit‚'
983 406 1077 469 inter
1096 402 1281 492 'sesequ-

152 496 230 559 liter
251 493 409 557 dividant.
489 487 535 550 ll.
562 489 607 565 14,
633 510 679 549 ιι.

223 592 306 630 rosa.
342 575 420 626 Petra
437 580 466 625 te
487 571 609 642 appellat
627 571 760 624 Martinus
776 577 839 624 tuus
858 572 951 636 frater,
969 569 1048 643 quod
1070 570 1134 640 ipse
1153 573 1283 626 remansit

107 697 109 704 ,
152 655 246 701 tecum
264 647 294 700 in
321 661 383 697 casa
407 642 545 696 communi
568 649 629 710 post
653 650 766 694 inanem
787 641 829 692 sui
854 641 958 712 patris,
987 650 1015 694 et
1040 641 1107 708 tui3
1137 642 1283 713 adquisisti

153 719 184 771 iu
201 717 324 770 exercitu
341 720 420 768 tauta
437 710 560 773 mobilia,
573 727 644 792 quae
662 710 852 780 valebantlsol.
874 713 906 764 X.
934 713 978 764 De
994 720 1072 765 torto
1091 729 1139 766 me
1157 715 1282 783 appellis.

224 789 302 841 Petre
319 793 347 838 te
366 783 487 864 appellat
512 781 645 838 Martinus
677 790 741 834 tuus
767 781 863 843 irater,
888 781 965 852 quod
982 790 1014 834 tu
1033 791 1117 834 tenes
1140 783 1197 835 sibi
1214 785 1282 836 malo

152 856 250 921 ordine
266 866 370 910 terram
387 870 417 904 ιιι
435 852 484 904 tali
510 852 580 904 loco.
635 851 724 920 Ipsam
748 858 845 903 terram
868 867 916 917 ego
943 849 977 901 sd
1000 851 1087 904 uisivi
1114 851 1147 904 in
1175 854 1281 906 servitio

144 924 250 993 degis,
276 934 325 979 aut
352 921 472 986 Iudicis,
498 928 548 973 sut
564 919 631 972 mihi
651 921 754 975 donata
772 921 836 974 tuit.
872 923 926 973 Aut
941 938 991 989 pro
1013 931 1045 974 et
1062 937 1116 994 per
1138 923 1279 995 scriptum,

153 1005 203 1052 out
247 1014 277 1049 er
298 1003 400 1056 testes,
425 1000 474 1044 rut
500 991 549 1043 det
572 999 676 1072 partem
702 991 737 1043 ad
759 1007 839 1043 suum
858 989 973 1044 tratrem.

224 1015 302 1120 lette
320 1073 348 1116 te
366 1063 489 1133 appellat
505 1061 638 1114 Martinus
660 1071 723 1114 tuus
743 1058 839 1122 irater,
858 1061 932 1132 quod
950 1061 1012 1131 ipse
1028 1062 1175 1116 remansit
1190 1070 1278 1116 tecum

153 1138 183 1192 ln
201 1153 264 1189 casa
282 1131 420 1188 communi
444 1138 507 1203 post
529 1139 642 1182 mortem
657 1129 699 1183 sui
720 1129 802 1201 patris
821 1131 920 1196 ettui3
941 1141 969 1186 et
986 1133 1107 1200 quando
1126 1141 1163 1186 tu
1181 1133 1277 1186 duxisti

154 1223 276 1269 uxorem,
296 1202 395 1258 dedisti
414 1201 442 1254 iu
459 1207 533 1253 meta
551 1199 586 1252 de
608 1199 797 1252 communibus
825 1201 855 1253 C.
881 1203 930 1254 sol.
949 1202 1035 1255 Modo
1064 1203 1132 1258 vult
1159 1219 1191 1256 se
1217 1212 1278 1257 ate

153 1276 291 1338 dividere,
314 1283 342 1326 et
359 1272 419 1327 vult
437 1269 472 1323 de
490 1269 681 1324 communibus
699 1271 779 1338 rebus
796 1270 897 1324 tollere
917 1272 966 1325 sol.
986 1271 1019 1327 C.

236 1341 408 1408 CLXVIII.
427 1339 519 1402 Nulli
535 1341 629 1402 liceat
640 1341 711 1403 sine
726 1349 813 1402 certa
829 1341 924 1424 culpa
945 1341 1053 1402 lilium
1069 1364 1174 1404 suum
1188 1343 1278 1406 exire·

125 1429 129 1436 “
152 1429 278 1504 redere,
294 1446 355 1487 neo
365 1423 454 1505 quod
466 1422 495 1484 ei
509 1423 646 1486 debetur
660 1445 718 1504 per
730 1423 899 1504 legemalii
913 1423 1080 1506 thingare.
1103 1425 1152 1487 ll.
1175 1429 1221 1504 ¹4·
1237 1449 1277 1490 ra.

221 1527 300 1563 ιοιιιι.
337 1507 418 1562 Petre
431 1513 460 1558 te
474 1506 597 1576 appellat
610 1506 752 1568 Mettium,
771 1506 977 1586 quodtutenes
987 1506 1040 1560 sibi
1057 1516 1168 1562 terram
1185 1511 1218 1562 in
1233 1511 1277 1562 tali

152 1582 215 1636 loco
233 1580 305 1632 malo
323 1576 425 1630 ordine.
462 1578 524 1646 lpas
540 1585 611 1628 terra
629 1593 688 1626 urea
706 1593 812 1647 propria
831 1585 889 1643 est;
910 1593 975 1630 ecce
990 1585 1081 1634 carta,
1102 1597 1193 1650 quam
1206 1589 1277 1651 pater

151 1659 216 1706 tuus
235 1648 302 1701 milri
321 1645 407 1702 dedit.
445 1645 473 1697 Si
492 1645 646 1698 manifestat
662 1647 698 1698 de
716 1646 874 1710 donatione,
894 1648 981 1700 dicat:
1007 1647 1116 1701 Contra
1137 1650 1275 1716 legemest

128 1717 131 1724 ’
150 1721 210 1792 ipsa
228 1727 313 1780 carta,
330 1716 407 1786 ,quod
423 1725 501 1785 pater
517 1733 592 1770 meus
610 1733 665 1768 non
682 1716 774 1787 potuit
791 1733 834 1768 mc
852 1713 1052 1772 dehereditare'.
1093 1719 1143 1772 Sic
1171 1721 1273 1792 potuit;

152 1791 228 1862 quod
257 1798 288 1840 tu
315 1785 457 1838 insidiatus
480 1803 507 1838 es
531 1784 637 1838 animas
660 1804 750 1849 suae,
780 1795 828 1838 aut
853 1787 975 1853 cogitasti
1007 1788 1044 1838 de
1074 1789 1175 1841 anima
1209 1795 1273 1852 sua,

153 1869 212 1924 out,
239 1855 394 1928 percussisti
419 1865 525 1925 patrem
555 1863 635 1907 tuum
662 1856 831 1921 voluntarie3
853 1867 900 1909 aut
921 1857 1033 1909 voluisti
1065 1875 1194 1930 peccare
1218 1877 1273 1913 cun
1318 1915 1319 1918 Ἴ

151 1929 278 1983 matrinia
298 1936 364 1989 tua,
387 1933 414 1978 et
434 1925 561 1997 peccasti.
597 1925 631 1977 Et
645 1926 743 1994 prabet
761 1927 984 1994 ingratitudinem
1011 1928 1083 1993 ille,
1099 1924 1172 2001 ‘'qui
1195 1930 1273 1982 hahet

152 2011 265 2062 cartam,
293 2006 341 2050 aut
367 2003 459 2050 taceat
486 2011 535 2066 per
556 1995 706 2048 Novellam.

235 2064 385 2134 CLXlX.
428 2067 531 2128 lustss
552 2075 659 2126 autem
681 2066 793 2148 culpas
821 2065 959 2130 dicimus
981 2067 1216 2130 exheredsndi
1241 2069 1270 2128 li·

151 2154 276 2216 lioseas
295 2171 379 2222 esse;
397 2149 424 2211 si
435 2149 522 2210 lilius
538 2157 649 2210 contra
667 2149 804 2209 animam
816 2152 912 2232 patris
927 2159 982 2210 aut
1001 2152 1206 2234 sanguinem
1224 2153 1270 2212 in-

151 2236 282 2300 sidiatus
310 2239 366 2294 sut
393 2230 583 2293 consiliatus
604 2232 719 2293 fuerit:
742 2244 798 2293 aut
809 2234 836 2294 si
853 2233 1048 2316 percusserit
1067 2245 1199 2315 patrem
1216 2257 1269 2298 vo-

152 2317 307 2380 luntarie:
337 2323 393 2376 aut
413 2315 439 2377 si
469 2335 542 2376 cum
566 2313 715 2375 matrinia
742 2335 815 2395 sua,
839 2317 873 2378 id
897 2326 945 2378 est
968 2335 1126 2395 noverca,
1156 2339 1267 2402 pecca-

152 2399 248 2477 verit,
270 2399 352 2458 inste
379 2419 397 2456 a
425 2407 514 2479 patre
537 2397 761 2459 exheredatur.
806 2401 847 2460 11.
874 2401 918 2476 ¹4·
945 2420 990 2459 ro.

235 2479 355 2543 CLXX.
406 2484 490 2542 Item
516 2479 599 2542 sicut
635 2501 694 2541 nec
729 2481 810 2562 patri
841 2482 967 2542 licitum
1001 2491 1048 2542 est
1079 2483 1156 2545 sine
1191 2484 1266 2546 iusta

152 2584 272 2638 caussa,
295 2571 351 2623 sut
374 2564 471 2644 culpa
492 2561 575 2624 filios
599 2584 673 2623 suos
697 2562 905 2643 exheredare,
926 2566 969 2625 ita
990 2585 1051 2626 nee
1077 2567 1158 2628 liliis
1177 2568 1267 2629 liceat

151 2646 229 2710 viro
248 2653 337 2726 patre
356 2645 540 2726 cuicunque
565 2667 616 2705 res
631 2666 702 2705 suas
727 2644 894 2729 thingare‚
928 2656 982 2707 aut
1003 2668 1066 2728 per.
1087 2651 1266 2730 quemlibet

151 2728 284 2789 titulum
310 2726 462 2805 alienare,
494 2727 555 2788 nisi
582 2726 663 2787 lilios
684 2729 787 2806 forte,
815 2739 869 2790 aut
893 2731 974 2790 filias
1000 2729 1188 2811 legitimas,
1217 2740 1266 2794 aut

153 2811 237 2870 lilios
263 2808 627 2965 uatulrples4dimiserit‚
654 2818 690 2870 ut
710 2809 785 2894 ipsis
809 2814 986 2875 secundum
1005 2811 1114 2895 legem
1134 2836 1264 2878 conser-

153 2901 207 2956 vet
226 2898 267 2972 g).
375 2941 382 2955 .
409 2911 418 2948 1
447 2941 453 2954 .
480 2911 525 2950 12.
989 2922 996 2928 -

221 2991 301 3028 rosa.
337 2975 415 3026 Petre
436 2979 463 3024 te
486 2973 608 3044 appellat
630 2974 878 3044 Martinus‚.quod
898 2983 930 3028 tu
945 2984 1023 3029 tenes
1046 2976 1101 3029 sibi
1120 2986 1222 3031 terram
1236 2978 1264 3031 in

152 3044 285 3110 taliloco
307 3043 379 3094 malo
400 3043 505 3094 ordine.
541 3043 604 3095 Mea
627 3047 733 3117 propria
747 3053 788 3097 est
805 3045 871 3114 ipsa
882 3053 970 3112 terra3
992 3061 1058 3099 ecce
1076 3057 1170 3112 carta,
1188 3067 1263 3119 quara

152 3116 218 3168 fecit
240 3114 306 3166 milri
325 3113 498 3165 Marcosrdus
517 3121 583 3167 tuus
598 3114 678 3169 filius.
714 3116 815 3167 Contra
835 3116 922 3179 legem
941 3126 982 3168 est
1000 3117 1058 3185 ipsa
1075 3127 1167 3182 carta,
1194 3119 1263 3189 quod

146 3202 208 3240 nou
228 3185 320 3256 potuit
337 3184 388 3235 tibi
411 3183 529 3237 vendere
552 3201 635 3248 eam,
664 3184 729 3255 quia
751 3185 809 3254 ipse
830 3194 887 3237 erat
904 3186 932 3245 in
954 3203 1012 3238 mea
1038 3197 1189 3257 potestate.
1224 3191 1262 3240 Tu

150 3255 238 3308 habes
264 3273 326 3308 eum
348 3254 548 3324 emancipatum
565 3254 599 3306 de
619 3265 668 3308 tua
692 3264 833 3324 potestate.
878 3257 939 3307 Non
963 3264 1003 3308 est
1024 3274 1130 3312 verum.
1168 3259 1264 3326 Probet

151 3326 255 3396 ipsum,
285 3324 435 3378 secundum
459 3323 605 3394 quosdam,
634 3325 681 3394 qui
711 3324 795 3377 habet
820 3334 939 3392 cartam,
966 3326 1040 3396 quod
1064 3326 1108 3380 ita
1136 3327 1195 3394 sit,
1220 3336 1263 3380 aut

152 3393 255 3474 perdat.
292 3397 364 3460 Aut3
390 3391 480 3447 fecisti
500 3394 524 3446 ei
544 3395 629 3446 talem
646 3395 878 3461 ingratitudinem.
1109 3394 1112 3399 ’

235 3461 382 3525 CLXXI.
425 3465 458 3524 Si
482 3462 556 3548 quis
582 3465 799 3547 desperaverit
822 3475 953 3548 propter
974 3461 1192 3544 senectutem,
1214 3475 1264 3526 ant

129 3547 295 3629 *aliquam
318 3545 461 3629 corporis
482 3547 709 3623 infirmitatem,
736 3547 824 3628 qnod
846 3547 927 3608 lilios
952 3569 1017 3608 non
1039 3549 1143 3632 possit
1166 3550 1263 3610 habe-

152 3651 200 3706 re,
224 3637 256 3690 et
281 3650 331 3690 res
361 3650 433 3690 suas
459 3629 515 3690 alii
540 3628 755 3710 thingaverit3
785 3640 957 3711 posteaque
989 3651 1064 3691 eum
1088 3633 1264 3716 contigerit

154 3711 238 3772 lilios
263 3711 423 3808 legitimos
444 3730 634 3796 procreare,
667 3717 761 3772 omne
790 3711 904 3787 thina,
927 3713 1014 3793 quod
1036 3722 1083 3774 est
1113 3715 1263 3793 donatio,

154 3815 237 3878 quae
263 3814 352 3877 parus
371 3795 455 3854 facta
481 3805 544 3872 est,
574 3803 758 3875 rumpatur,
788 3803 820 3854 et
843 3794 902 3853 lilii
928 3794 1063 3876 legitimi
1088 3817 1180 3858 unus
1214 3808 1266 3858 aut
1301 3863 1303 3867 ,

154 3879 285 3961 plures,
314 3875 371 3958 qui
393 3885 502 3956 pastea
525 3875 589 3934 nati
610 3876 752 3953 fuerint,
776 3876 912 3938 heredes
941 3878 1025 3958 putri
1051 3877 1086 3937 in
1115 3881 1265 3956 omnihus

153 3959 339 4024 succedant.
381 3957 415 4018 si
443 3957 670 4018 autem‘filiam
699 3959 873 4040 legitimam
898 3981 1021 4038 unam,
1050 3971 1107 4021 aut
1131 3963 1266 4046 plures,

155 4063 213 4104 seu
240 4039 323 4101 lilios
352 4040 513 4102 naturales
542 4061 661 4118 unum,
699 4052 754 4102 arrt
784 4043 895 4124 plures
925 4051 996 4126 post
1024 4043 1119 4107 thinx
1145 4048 1268 4108 lactum

155 4158 500 4176 m-

226 4212 256 4282 g)
273 4211 316 4264 Ua
335 4209 401 4264 eod.
422 4212 478 4282 ipsi
491 4229 543 4276 sec.
562 4213 615 4286 leg.
637 4217 819 4269 consentiant.
