2684 4868
81 345 83 350 .
129 259 203 343 itt
304 283 410 343 mors
428 278 719 371 wrsreornoann
738 283 805 340 sn.
825 283 872 341 rr.
889 281 960 343 nr.
977 285 1010 342 v.

127 428 247 511 absque
270 424 387 489 iudicis
410 424 665 503 examinatione,
687 434 721 488 et
742 424 910 487 manifesto
939 425 1061 490 scelere
1072 445 1166 489 servo
1182 449 1247 492 eun

125 512 181 575 rel
195 510 333 572 ancillae
351 530 498 585 manum,
522 529 652 585 nasum,
676 508 817 585 labium,
838 507 997 591 linguam,
1016 529 1126 570 aurem
1143 512 1245 574 etiam

124 595 178 658 rel
198 592 316 677 pedem
337 592 530 669 absciderit,
553 597 609 650 ant
630 591 763 654 oculum
777 591 953 669 evulserit,
974 612 1031 653 seu
1054 593 1243 674 quantacun..

125 697 191 760 que
230 685 355 758 partem
383 673 527 756 corporis
564 673 828 751 detruncaverit,
867 683 922 735 aut
958 674 1145 736 detruncare
1183 677 1240 738 vel

126 757 286 842 extirpare
319 756 536 841 praeceperit,
572 755 670 818 trium
703 777 864 830 annorum
899 756 1000 819 exilio
1030 756 1090 818 sub
1120 759 1238 838 poeni-

106 842 228 916 tentia
248 840 413 923 relegetur
440 839 526 924 apud
552 837 769 921 Episcopum,
796 839 891 902 cuius
924 839 959 900 in
990 839 1151 901 territorio
1178 849 1236 902 aut

123 925 193 1006 ipae
215 945 366 1002 manere,
391 931 446 983 aut
467 923 588 1004 factum
609 922 714 984 scelus
735 941 804 984 esse
824 921 965 988 videtur.
1022 923 1142 984 Omnes
1162 944 1240 986 vero

122 1006 292 1067 facultates
319 1005 439 1090 ipsius,
471 1004 498 1067 si
527 1003 611 1066 lilios
642 1004 810 1082 habuerit,
845 1003 903 1088 qui
932 1014 1038 1066 tamen
1069 1025 1135 1067 non
1174 1005 1242 1066 sint

123 1087 256 1152 sceleris
277 1088 346 1150 eius
367 1087 559 1171 participes,
583 1097 738 1150 tueantur
766 1095 860 1169 atque
890 1087 1092 1170 gubernent,
1129 1087 1245 1150 reddi·

123 1171 190 1231 turi
212 1191 288 1232 cum
313 1171 451 1232 redierit
470 1171 519 1232 rel
539 1170 671 1232 domino
693 1169 882 1232 dominaeve
905 1171 1073 1232 rationem.
1095 1169 1130 1231 si
1154 1179 1244 1232 certe

123 1253 184 1313 filii
208 1251 345 1334 legitimi
362 1253 557 1332 defuerint,
579 1251 649 1313 aliis
672 1252 860 1336 parentibus
885 1253 929 1312 ita
949 1253 1049 1314 iudex
1070 1253 1243 1314 facultates

124 1336 196 1398 eius
217 1334 441 1399 custodiendas
463 1335 655 1413 committat,
678 1335 820 1418 qualiter
838 1357 914 1396 cum
927 1334 1063 1398 redierit
1086 1335 1126 1396 de
1142 1334 1243 1396 rebus

121 1418 188 1481 suis
209 1417 291 1478 ratio
312 1418 363 1479 illi
383 1417 547 1484 reddatur.
591 1417 648 1479 Sin
670 1427 778 1480 autem
799 1417 911 1480 nullus
933 1417 973 1480 de
986 1417 1141 1500 proximis
1164 1417 1242 1478 fue..

81 1504 83 1511 ’
121 1501 183 1580 rit,
212 1500 312 1561 iudex
340 1501 408 1584 ipse
436 1521 547 1562 curam
574 1499 722 1579 habebit,
758 1500 900 1597 qualiter
933 1510 1052 1562 cuncte
1080 1499 1248 1582 gubernet

67 1593 79 1606 “
121 1591 219 1669 atque
241 1591 432 1663 conservet,
461 1592 495 1647 et
513 1583 554 1646 de
578 1582 699 1646 eisdem
719 1593 879 1646 rationem
899 1592 1010 1669 postea
1029 1582 1153 1647 reddat

495 1697 584 1762 XIV.
606 1721 666 1767 rus.
688 1721 772 1765 cuns.
802 1720 873 1764 arx.

337 1804 379 1868 Ut
399 1805 588 1868 homicidam
610 1806 847 1883 eunctier'ceot
867 1826 1026 1869 accusare.

202 1888 238 1950 Si
258 1888 454 1951 homicidam
476 1889 587 1949 nullas
609 1898 755 1967 accuset,
785 1889 884 1951 iudex
913 1911 989 1953 mox
1020 1897 1056 1950 ut
1076 1888 1156 1952 facti
1178 1889 1247 1952 cria

119 1991 195 2036 men
223 1972 410 2064 agnoverit,
456 1970 622 2033 licentiam
652 1970 768 2034 haheat
802 1973 966 2056 corripere
1003 1971 1215 2034 criminosum
1227 2017 1243 2051 „

119 2064 157 2117 ut
180 2076 319 2139 poenam
339 2076 415 2116 reus
437 2055 593 2136 excipiat,
615 2075 712 2136 quarn
732 2062 884 2119 meretur.
925 2055 992 2116 Nec
1021 2055 1110 2116 enirn
1138 2077 1243 2138 prop·-

118 2147 171 2200 ter
203 2137 397 2199 accusatoris
424 2136 617 2213 absentiam,
653 2145 708 2196 ant
729 2137 864 2219 aliquod
891 2138 1025 2198 fortusse
1056 2137 1241 2200 colludium

117 2221 271 2300 sceleris,
294 2219 389 2282 debet
407 2221 550 2282 vindicta
562 2219 698 2291 differri3
719 2221 855 2282 sedtum
869 2241 952 2284 uxor
971 2229 1109 2282 mortem
1129 2219 1242 2282 mariti.

117 2302 247 2386 siquid
269 2303 405 2362 noxium
425 2303 465 2363 ab
486 2303 550 2363 alio
571 2304 656 2364 forte
677 2303 866 2384 pertulerit,
896 2323 992 2384 quam
1021 2304 1117 2364 etiam
1139 2302 1238 2363 mari-

116 2393 189 2460 tus,
218 2384 245 2446 si
266 2384 370 2446 simile
392 2385 518 2467 aliquid
539 2406 674 2446 uxorem
703 2386 767 2466 pati
796 2385 990 2468 contigerit,
1022 2385 1150 2446 licitum
1179 2385 1235 2446 ha·

115 2466 206 2530 bebit
228 2466 414 2548 inquirere,
445 2475 477 2528 et
508 2467 597 2527 iuxta
619 2468 807 2549 qualitatem
835 2468 979 2544 criminis
1001 2468 1151 2550 legaliter
1179 2467 1236 2527 ul-.

116 2547 304 2611 cisceudum
340 2547 499 2614 insistere.
570 2551 617 2610 lta
657 2558 694 2609 ut
717 2550 744 2611 si
773 2559 923 2612 manente
952 2550 1105 2616 adversus
1142 2570 1237 2613 reum

116 2631 174 2692 tali
195 2630 396 2708 intentione,
424 2631 555 2692 maritus
578 2643 611 2694 et
631 2653 714 2694 uxor
733 2633 833 2696 vitum
853 2632 1018 2712 finierint,
1052 2643 1085 2696 et
1115 2633 1236 2716 imper-

115 2714 236 2776 fectam
268 2734 409 2774 caussam
442 2713 656 2796 reliquerint,
695 2737 807 2778 eorum
840 2715 901 2776 filii
935 2737 996 2778 seu
1032 2715 1240 2799 propinqui,

117 2797 235 2879 quibus
257 2796 297 2856 ad
327 2796 515 2878 capiendam
541 2796 753 2860 hereditatem
780 2798 923 2881 legitima
952 2799 1111 2861 successio
1141 2819 1238 2866 come,

115 2880 216 2963 petit,
248 2899 396 2940 accusare
417 2900 510 2942 reum
538 2880 588 2942 vel
610 2881 821 2957 homicidam,
844 2901 880 2942 ao
901 2879 986 2942 sicut
1015 2891 1161 2964 parentes
1183 2881 1235 2941 fa-¹

116 2983 192 3025 cere
213 2971 381 3047 poterant,
419 2962 579 3024 instanter
597 2963 751 3046 persequi
770 2962 910 3024 habeant
929 2971 1128 3046 potestatem.
1165 2963 1239 3026 Νε-Ι

117 3045 206 3107 enirn
234 3045 456 3127 dignumst,
490 3045 661 3128 parentum
681 3055 737 3106 aut
763 3047 1022 3130 propinquorum
1048 3044 1165 3106 habere
1187 3045 1240 3104 fa-.

117 3130 271 3190 cultatem
293 3127 319 3188 si
343 3148 408 3188 uon
430 3144 504 3189 rens
525 3129 578 3191 vel
599 3129 761 3192 homicida
783 3129 924 3192 debitam
944 3127 1136 3190 sententiam
1156 3147 1234 3189 con·

117 3210 333 3273 demnationis
361 3211 512 3292 excipiat.
568 3212 666 3290 Quod
686 3212 713 3273 si
735 3212 834 3274 index
856 3211 1037 3272 admonitus
1058 3211 1155 3272 huius
1184 3209 1234 3272 rei

116 3294 240 3358 vindex
269 3313 337 3354 esse
382 3293 566 3371 distulerit,
603 3304 636 3355 ct
664 3295 802 3356 dilatans
831 3304 1016 3358 accuse-ntes
1045 3294 1087 3357 ad
1113 3292 1237 3374 regiam

117 3376 338 3459 cognitionem
360 3398 401 3438 ex
421 3376 483 3438 hoc
505 3376 638 3459 querela
660 3377 869 3458 pervenerit,
899 3377 977 3438 scint
998 3397 1032 3438 se
1059 3398 1119 3458 pro
1149 3397 1234 3437 mor·

116 3470 199 3538 tuo,
227 3479 324 3541 quem
346 3459 513 3521 vindicare
535 3459 696 3538 uoluerit,
726 3460 931 3522 medietatem
951 3457 1138 3538 homicidii,
1170 3458 1234 3520 hoc

118 3552 184 3619 est,
219 3541 312 3604 CCL.
343 3542 464 3604 solidos
486 3541 607 3625 petenti
629 3563 696 3604 esre
728 3543 887 3606 daturum.
950 3541 1135 3603 Facultates
1157 3561 1234 3602 sane

118 3625 208 3703 eius,
246 3623 305 3706 qui
336 3646 397 3706 pro
423 3647 483 3686 suo
509 3625 631 3687 scelere
652 3634 700 3686 est
721 3627 926 3708 puniendus,
961 3645 1027 3685 non
1055 3631 1152 3686 antea
1168 3621 1235 3684 eni·

118 3729 216 3790 quam
238 3726 392 3789 usurpare
421 3708 629 3786 conceditur,
664 3708 728 3771 nisi
754 3730 814 3795 per
843 3706 1000 3774 iudicium
1028 3703 1165 3772 ultionis
1192 3726 1234 3770 ex

119 3790 192 3874 lege
217 3790 378 3853 sententia
409 3791 512 3856 detur.
1135 3818 1158 3828 ·=

263 3944 265 3948 -
486 3903 561 3972 XV.
603 3930 666 3974 rus.
695 3928 780 3968 cuns.
809 3929 878 3970 arx.

162 3985 260 4073 Quod
288 3999 319 4050 et
344 3989 503 4072 proximis
535 4000 566 4049 et
593 3992 756 4051 extraneis
783 3986 973 4076 homicidum
1002 3984 1191 4053 conceditur·

601 4092 757 4139 accusare,

201 4153 285 4213 Cum
307 4161 491 4214 ceterorum
513 4154 685 4216 criminum
706 4175 778 4216 reos
797 4173 919 4238 poenas
940 4175 1069 4238 semper-
1088 4162 1234 4237 oporteat

14 4307 17 4314 ‚
50 4244 52 4248 '
120 4234 271 4320 excipere
293 4257 373 4318 quas
393 4247 578 4318 merentur,
600 4237 691 4300 nefas
712 4259 780 4302 esse
797 4239 977 4322 putandum
993 4236 1233 4326 esthornicidas
