2632 4822
120 246 197 322 810
430 267 649 326 narramus
673 269 798 326 suoru
833 271 900 333 ns.
915 271 964 328 rr.
1001 313 1006 320 .
1306 235 1308 320 l

206 406 357 472 CXXIII.
398 407 518 488 (Lxx.)
559 411 595 474 si
616 409 689 494 quis
703 411 813 474 furore
834 421 968 495 accepto
987 406 1169 472 battiderlt
1192 405 1244 469 bo·

121 492 243 554 minem
267 491 405 551 liberum
430 491 483 553 vel
508 494 677 564 mulierem
707 496 860 572 liberam,
881 503 938 556 ant
959 494 1136 576 puellam,
1163 512 1242 572 quae
1306 523 1308 544 ι

120 575 155 636 in
178 573 375 648 scandalum,
396 572 453 635 ubi
465 573 526 634 viri
538 576 682 659 litigant,
710 577 872 655 venerint,
894 585 929 638 et
947 597 1010 658 per
1027 575 1120 659 ipsas
1136 573 1242 636 feritas
1306 555 1308 594 Ι

120 655 295 741 ponderosi
324 665 379 715 aut
399 656 598 741 ponderosae
618 659 722 720 effecti
742 659 880 720 fuerint:
903 659 990 721 sicut
1010 668 1045 720 et
1062 657 1165 718 modo
1181 656 1241 718 fac-

119 750 189 800 tum
209 737 409 818 audivimus,
431 750 603 835 componat
620 742 823 814 medietatem
842 741 939 824 pretii
961 741 1071 823 ipsius
1096 741 1240 817 masculi,
1306 803 1307 812 ¹

119 833 282 904 tamquam
304 820 330 881 si
353 842 434 883 eum·
450 823 635 895 occidissem
661 834 693 885 et
716 825 756 885 de
781 825 902 885 femina
922 823 1024 886 simili
1049 822 1156 884 modo
1176 843 1241 884 me-

120 904 273 967 dietatem
296 905 411 985 pretii,
430 914 590 987 tamquam
606 907 632 967 si
656 908 788 968 fratrem
812 905 879 968 eius
900 907 1104 970 occidisset:
1131 926 1241 987 exeep-

120 997 155 1047 to
185 988 211 1049 si
239 986 348 1069 plagas
381 997 436 1048 aut
466 987 576 1049 feritas
605 990 735 1069 fecerit,
770 997 940 1073 componat
967 989 1061 1050 sicut
1098 988 1239 1082 euterius

121 1069 274 1132 Edictum
300 1069 455 1130 continet.
497 1071 523 1135 l.
551 1071 647 1148 sut

190 1168 270 1204 roan.
313 1151 391 1204 Petre
412 1161 440 1206 te
467 1154 587 1226 appellat
607 1153 757 1216 Martinus,
792 1153 867 1226 qnod
889 1151 948 1223 ipse
965 1151 1105 1206 currebat
1117 1152 1149 1204 in
1167 1169 1241 1205 scan-
1306 1145 1308 1194 ’ὲ

119 1221 233 1284 (lulum,
252 1226 301 1273 sut
319 1222 437 1276 Martina
455 1241 504 1274 sua
521 1224 687 1275 mundoalda
704 1224 879 1295 simpliciter,
901 1232 929 1275 et
946 1230 979 1274 tu
999 1224 1098 1276 fecisti
1117 1223 1171 1277 sibi
1185 1224 1240 1293 pla·
1305 1239 1308 1302 p

119 1309 182 1359 gas,
202 1298 250 1344 aut
267 1290 368 1345 lenitas.
403 1292 505 1345 Etille
521 1311 570 1362 per
587 1293 649 1346 illas
666 1295 758 1362 plagas
775 1296 819 1347 vel
838 1293 929 1346 feritas
940 1293 995 1344 luit
1007 1295 1187 1364 ponderosus
1198 1292 1239 1346 vel

119 1363 280 1434 ponderosa.
327 1360 465 1432 Approbct
487 1363 638 1416 secuudum
657 1364 796 1432 quosdam.
819 1365 861 1416 'Si
880 1381 950 1415 non:
970 1363 1095 1416 idoneet
1113 1381 1143 1416 se
1162 1381 1237 1426 reus,

118 1434 166 1488 vel
187 1441 334 1504 componat
350 1433 525 1486 medietatem
542 1434 621 1504 pretii
640 1442 773 1503 quantum
794 1433 991 1504 appretiabitur
1007 1432 1166 1486 masculus.

202 1503 357 1567 CXXIV.
400 1503 553 1582 (LXXI.)
596 1503 630 1564 Si
652 1504 722 1584 quis
748 1503 888 1581 aldium,
910 1511 966 1562 aut
989 1503 1140 1578 aldium,
1175 1522 1237 1564 ser-

120 1607 217 1662 rum,
261 1594 315 1645 aut
346 1585 498 1646 ancillam
534 1585 720 1663 battiderit,
766 1596 798 1649 et
833 1607 891 1670 per
917 1586 1020 1668 ipsam
1051 1586 1238 1646 battituram

121 1667 296 1752 ponderosi
318 1668 394 1728 facti
423 1677 516 1748 sunt,
549 1668 752 1730 medietatem
780 1669 874 1751 pretii
896 1667 1030 1729 domino
1055 1668 1130 1728 eius
1151 1689 1237 1728 com·
1303 1657 1308 1686 ¹

121 1760 242 1834 ponat,
263 1751 316 1812 rel
337 1760 471 1833 patrono
493 1773 615 1828 eorum,
636 1760 801 1833 tamquam
821 1753 847 1813 si
869 1773 942 1814 eum
963 1749 1164 1826 occidisset;¹
1187 1769 1236 1809 ex·
1306 1749 1308 1834 ζ

123 1843 216 1916 cepto
237 1835 346 1917 plagas
368 1843 400 1893 et
420 1834 528 1896 feritas
543 1837 589 1896 sic
610 1844 799 1918 componat,
821 1833 904 1896 sicut
918 1833 1065 1894 anterius
1082 1832 1236 1894 Edictum
1306 1839 1308 1860 ¹

123 1917 278 1978 continet.
340 1918 366 1976 Ι.
387 1916 416 1978 8.
439 1919 488 1977 31.

189 2017 269 2052 roan.
304 2001 384 2052 Petre
405 2005 434 2052 te
453 2000 573 2068 appellat
586 1998 735 2064 Martinus,
760 1998 837 2071 quod
855 2008 886 2052 tu
906 1997 1020 2068 baptisti
1039 1995 1235 2052 Marcoardum
1306 2011 1308 2054 τ

118 2087 199 2124 suum
216 2069 337 2136 aldium3
369 2077 434 2133 aut,
462 2071 575 2122 Mariam
600 2088 675 2122 suam
693 2071 811 2137 aldiam3
841 2078 905 2130 aut,
932 2070 1059 2121 Marcum
1084 2087 1168 2134 suum
1185 2083 1234 2118 ser·
1306 2123 1307 2134 γ

119 2159 199 2209 vum3
229 2147 296 2204 aut,
324 2139 420 2194 Aldam
439 2158 513 2192 suam
531 2139 674 2206 ancillam;
703 2151 730 2194 et
747 2158 798 2211 per
814 2138 1078 2208 illsmbaptituram
1095 2138 1151 2190 suit
1168 2154 1234 2207 pon·
1306 2157 1307 2168 2

121 2211 246 2274 derosns,
265 2211 328 2272 vel,
347 2211 507 2279 ponderosa,
541 2210 698 2279 Approbet‚
717 2211 867 2263 secundum
886 2208 1037 2280 quosdam,
1060 2208 1084 2258 si
1102 2207 1233 2278 potuerit
1306 2217 1307 2268 ζ

122 2281 151 2332 si
169 2299 237 2346 non;
267 2281 393 2351 purificet
417 2297 446 2334 se
466 2281 636 2350 appellatus3
665 2287 713 2332 aut
737 2288 883 2349 componat
905 2278 1023 2338 domino,
1043 2279 1094 2330 vel
1117 2286 1231 2348 patrono
1306 2307 1308 2336 ;

118 2351 294 2404 medietatem
310 2349 409 2421 precii,
430 2353 559 2420 tanq'uam
578 2351 601 2402 si
619 2367 681 2403 cum
697 2351 862 2415 occidisset,
881 2357 995 2418 excepto
1014 2349 1232 2420 composiciones
1306 2351 1308 2400 l

120 2421 280 2489 plagarum,
299 2429 347 2473 sut
363 2420 509 2474 feriturum.
1032 2441 1033 2444 ’

205 2489 338 2555 CXXV.
382 2491 541 2570 (LXXll.)
582 2490 616 2551 Si
641 2489 713 2573 quis
737 2490 847 2552 dolose
872 2498 926 2550 aut
948 2508 1009 2572 per
1033 2486 1231 2571 superbiam,

122 2571 204 2632 sicut
241 2580 273 2632 et
304 2572 400 2634 modo
430 2574 552 2634 factum
585 2594 654 2634 esse
689 2572 931 2656 cognoscimus,
971 2569 1150 2632 mulierem
1180 2578 1233 2630 ant

118 2654 262 2737 puellam
280 2654 412 2715 liberam
434 2656 599 2717 sedentem
619 2656 660 2717 ad
681 2655 903 2716 necessitatem
924 2652 1067 2735 corporis
1089 2652 1159 2731 sui,
1180 2651 1233 2714 vel

123 2737 158 2797 in
180 2736 244 2797 alio
266 2736 355 2813 loco,
377 2736 433 2797 ubi
453 2737 520 2820 ipsa
540 2737 660 2804 semina
680 2759 738 2820 pro
760 2759 816 2798 sua
836 2735 1025 2798 necessitate
1049 2736 1140 2797 nuda
1163 2755 1231 2798 esse

119 2818 278 2894 rideatur,
300 2839 443 2900 pungere
465 2829 520 2880 ant
540 2829 708 2901 percutere
730 2818 970 2902 praesumserit,
994 2827 1172 2900 componat
1192 2817 1233 2878 ad

120 2900 357 2963 Mundualdum
381 2901 450 2962 eius
478 2901 598 2963 solidos
626 2901 762 2965 LXXX.
823 2903 857 2964 si
887 2900 1008 2976 aldius,
1037 2911 1095 2962 aut
1119 2921 1234 2961 servus

121 2983 235 3062 fuerit,
257 2984 314 3066 qui
334 2983 397 3044 hoc
417 2985 523 3044 facere
544 2985 784 3066 praesumserit,
808 2992 977 3066 componat
991 2977 1143 3043 dominus
1162 2982 1233 3044 eius

122 3067 243 3129 solidos
264 3065 353 3142 LX.,
382 3075 414 3127 et
444 3066 545 3147 ipsam
567 3087 754 3148 personam,
784 3067 841 3148 qui
865 3067 929 3126 hoc
951 3064 1073 3124 malum
1097 3065 1229 3141 fecerit,

119 3151 245 3211 tradere
266 3149 361 3210 debet
378 3148 411 3208 in
425 3148 743 3210 manusMundualdi'
754 3149 895 3210 eiusdem
909 3148 1058 3208 feminae.
1088 3148 1132 3214 Ἰ.
1146 3148 1194 3209 16.
1202 3148 1230 3210 5.

189 3250 269 3284 nonu.
305 3233 382 3284 Petre
411 3229 463 3283 hoc
486 3239 515 3284 te
539 3232 658 3303 appellat
682 3231 831 3294 Martinus,
864 3231 938 3300 quod
964 3230 1051 3282 Maria
1076 3245 1127 3282 sua
1144 3247 1232 3280 mun·

121 3302 222 3356 doalda
240 3300 330 3354 stabat
347 3319 395 3370 per
412 3319 487 3354 suam
505 3302 710 3367 necessitatem,
745 3309 793 3352 aut
818 3310 875 3352 erat
899 3302 974 3353 nuda
990 3298 1136 3370 in.aliquo
1155 3301 1229 3361 loco,

122 3382 151 3425 et
168 3383 198 3425 tu
217 3389 265 3440 per
282 3371 454 3442 superbiam,
482 3381 510 3422 et
534 3389 581 3441 per
598 3372 699 3422 malurn
719 3370 873 3438 percussisti
891 3387 968 3432 eam,
1004 3376 1053 3421 aut
1069 3369 1241 3440 pupugistit'

121 3451 187 3505 aut,
208 3441 383 3495 Marcoardus
399 3449 464 3493 tuus
483 3459 590 3506 servus;
611 3449 674 3502 aut,
693 3441 801 3493 Marcus
819 3451 881 3497 tuus
898 3439 986 3492 aldius
1004 3437 1082 3492 fecit.
1118 3439 1230 3500 Probet,

121 3513 143 3566 si
161 3520 258 3583 potest.
294 3512 322 3563 Si
339 3529 410 3576 non;
431 3512 544 3564 idoneet
561 3527 590 3563 se
608 3509 776 3581 appellatus,
796 3519 844 3562 aut
862 3509 1002 3575 emendet;
1022 3509 1095 3560 sicut
1114 3511 1161 3561 lex
1180 3515 1232 3564 est.

208 3582 346 3645 CXXVI.
388 3582 569 3658 (LXXlll.)
611 3582 645 3642 si
661 3575 763 3641 aldius
784 3580 938 3661 cuiusque
956 3579 1075 3640 aldiam
1096 3579 1232 3656 alterius

123 3665 236 3727 tulerit
255 3663 295 3723 ad
313 3683 463 3741 uxorem,
485 3674 518 3725 et
537 3661 621 3723 filios
640 3685 681 3724 ex
703 3683 739 3721 ea
756 3661 985 3743 procreaverit,
1007 3670 1041 3722 et
1057 3661 1234 3724 mundium

127 3771 168 3812 ex
186 3767 302 3808 canon
322 3745 452 3822 fecerit,
475 3746 544 3808 sint·
556 3745 616 3805 tilii
637 3745 706 3806 eius
724 3744 868 3806 aldiones
889 3744 980 3805 cuius
996 3753 1029 3804 et
1044 3753 1148 3804 mater
1161 3745 1234 3804 'fue-

7 3823 9 3826 '
123 3833 174 3893 rit.
224 3831 304 3890 Nam
330 3829 357 3889 si
390 3837 557 3910 postquam
583 3849 623 3888 ex
658 3849 694 3888 ea
719 3827 885 3888 mundium
905 3826 1037 3904 fecerit,
1074 3825 1136 3884 filii
1164 3824 1244 3886 nati

90 3911 93 3916 ’
124 3913 261 3990 fuerint,
284 3911 366 3972 sicut
380 3910 414 3970 in
436 3908 587 3972 anteriori
599 3911 714 3972 Edicto
735 3911 935 3985 continetur,
955 3917 1076 3990 patrem
1090 3929 1236 3990 sequan-

125 4007 193 4072 tur,
228 4003 260 4058 et
277 3994 375 4054 talem
399 3993 504 4076 legem
522 4014 594 4053 cum
613 4004 747 4076 patrono
772 4013 828 4054 suo
850 3991 1005 4068 habeant,
1041 3991 1178 4072 qualem
1202 4000 1237 4054 et

124 4089 216 4163 pater
237 4098 347 4143 eorum
366 4075 524 4137 habuerit.
585 4075 627 4137 Il.
654 4098 699 4136 12.
721 4097 749 4154 7.
936 4139 938 4144 k
1208 4119 1212 4126 .

194 4178 271 4215 sonu.
286 4186 293 4204 ι
307 4162 385 4212 l‘etre
402 4159 456 4212 hcc
473 4168 503 4210 te
520 4158 642 4229 appellat
650 4158 791 4216 Martinus,
811 4156 886 4226 quod
900 4163 931 4210 tu
944 4153 1238 4212 tencssibibtarcoar-

79 4254 83 4264 ·
122 4231 187 4287 dum
206 4249 284 4288 suum
303 4231 414 4286 aldium.
450 4231 528 4284 Meus
545 4231 666 4301 proprius
684 4237 748 4282 est..
766 4227 909 4304 Quomodo
933 4235 973 4280 est
996 4234 1063 4279 tuus
1084 4226 1235 4300 proprius?
