2648 4874
136 249 212 323 432
358 265 464 322 ansts
482 256 778 332 wrsmomanua
796 265 860 322 uu
879 266 916 322 11.
935 263 1005 322 rrr.
1025 269 1046 320 1.

140 429 255 476 servus
283 415 397 478 nnuma
427 404 582 468 iustitiam
611 415 644 468 et
670 406 759 490 leges
785 405 1030 490 adtemptaverit
1057 419 1169 490 agere,
1212 408 1253 470 ad

139 513 270 558 omnem
286 489 536 554 satisfactionem
550 488 649 572 legis,
676 490 775 550 iudex
798 489 856 572 qni
872 489 961 550 hunc
979 489 1196 566 ordinaverit,
1218 513 1252 553 se

140 574 270 638 noverit
291 571 443 636 detineri.
497 571 572 633 Salo
595 592 675 633 vero
698 593 755 633 seu
778 572 926 654 quisquis
949 571 1066 648 fuerit,
1095 573 1153 652 qni
1174 572 1252 635 huic

141 660 324 741 obsequens
350 653 587 740 praesumptori
618 654 719 714 alium
744 654 944 716 consenserit
965 653 1252 736 comprehendere,

139 741 353 823 distritrgere,
392 737 446 800 tel
481 735 607 820 aliquid
638 747 749 797 rernm
778 733 924 813 auferre,
954 737 990 796 C.
1015 736 1146 818 poblite
1171 737 1252 802 ictus

138 822 343 906 flagellorum
369 819 525 906 accipiat,
562 828 595 881 et
619 818 915 904 praesumptionem
939 815 999 878 tali
1025 819 1251 882 emendatione

139 913 297 968 coereeat.

473 1009 592 1086 XVIII.
634 1029 696 1080 ras.
721 1039 807 1085 cuns.
834 1039 902 1082 unx.

140 1128 191 1200 De
211 1136 261 1198 tta
284 1135 340 1219 qui
361 1133 526 1196 ammoniti
545 1132 662 1229 iudicis
682 1134 817 1219 epistola
835 1134 891 1195 ael
909 1133 1015 1216 sigillo
1034 1133 1081 1196 ad
1097 1123 1252 1220 iudicium

151 1257 153 1262 .
522 1235 633 1275 ventre
655 1228 865 1278 contemnunt.

115 1353 118 1360 .
226 1298 329 1362 Index
349 1317 423 1360 cnm
441 1295 480 1356 ab
505 1296 616 1377 aliquo
643 1299 741 1358 fuerit
759 1298 1001 1382 interpellatus,
1031 1298 1251 1362 adversarium

139 1382 338 1467 querelantis
356 1379 584 1440 ammonitione
606 1381 701 1441 unius
725 1380 878 1462 epistolae
904 1383 955 1444 rel
974 1383 1073 1466 sigilli
1097 1383 1138 1442 ad
1162 1383 1253 1443 iudi-

139 1468 227 1526 cium
247 1462 360 1526 venire
381 1463 575 1544 compellat:
596 1464 655 1523 sub
676 1485 712 1524 ea
735 1463 889 1525 videlicet
907 1463 1054 1543 ratione,
1085 1472 1122 1525 nt
1142 1485 1249 1525 coram

23 1600 28 1614 ,
139 1546 290 1630 ingenuis
335 1543 474 1619 ersonis,
496 1544 522 1604 is
542 1545 598 1624 qni
616 1567 631 1603 a
648 1545 754 1607 iudice
774 1545 887 1609 missus
903 1547 1063 1625 extiterit,
1086 1548 1116 1608 ei
1136 1547 1193 1628 qni
1210 1547 1251 1608 ad

140 1651 282 1692 caussam
299 1567 468 1688 dicendam
477 1626 701 1709 compellitur,
724 1628 837 1688 offerat
849 1628 1015 1712 epistolam
1026 1629 1077 1691 vel
1096 1629 1249 1712 sigillum.

140 1713 185 1774 Et
206 1712 232 1773 si
248 1710 306 1771 tali
323 1708 551 1771 ammonitione
567 1719 765 1787 conventus,
787 1719 842 1771 ant
859 1732 892 1771 se
911 1711 1111 1789 dilataverit,
1135 1722 1191 1772 aut
1210 1712 1250 1773 ad

139 1793 300 1856 iudicium
315 1789 426 1853 venire
444 1792 688 1874 contempserit,
710 1814 769 1874 pro
789 1795 825 1867 i)
848 1793 1002 1855 dilatione
1021 1795 1088 1856 sola
1103 1794 1249 1876 quinque

141 1877 212 1937 auri
231 1875 350 1938 solidos
372 1873 522 1956 petitori,
544 1885 576 1935 et
593 1896 653 1956 pru
672 1885 859 1956 contemptu
883 1877 1028 1958 quinque
1048 1877 1128 1937 alios
1148 1877 1250 1940 indici

140 1969 270 2021 coactus
287 1956 439 2018 exsolvat.
482 1958 579 2033 Quod
598 1957 625 2016 si
648 1978 712 2018 nnn
730 1957 879 2019 habuerit
892 1959 980 2020 nude
1001 1969 1192 2041 componat,
1213 1962 1249 2020 L.

139 2040 276 2125 flagellis
297 2046 501 2120 contemptur
514 2039 600 2100 idem
615 2040 665 2100 vel
684 2041 833 2102 dilatator
849 2053 956 2102 coram
973 2029 1079 2103 iddice
1094 2041 1249 2104 verbere-

138 2134 214 2185 tur:
246 2124 291 2185 ita
311 2130 432 2182 utnon
458 2119 489 2182 ei
506 2121 543 2182 ssa
569 2123 706 2182 ellurum
725 2123 783 2184 ista
801 2124 961 2207 correptio
988 2125 1121 2184 inducat
1140 2135 1249 2185 uotam

139 2206 301 2270 infamias.
339 2203 374 2264 Si
390 2213 496 2264 autem
514 2143 713 2265 solummodo
732 2216 933 2290 contemptor
951 2206 1111 2285 extiterit,
1134 2216 1166 2268 et
1182 2227 1248 2266 nou

138 2289 289 2350 habuerit
311 2286 399 2347 unde
425 2307 494 2346 com
520 2286 690 2347 ositionem
710 2290 870 2366 exsolvat,
901 2289 1021 2371 absque
1045 2290 1113 2350 ulla
1135 2290 1248 2350 testifi-

140 2372 235 2434 candi
256 2371 396 2444 iactura,
418 2309 528 2433 xxi.
545 2367 671 2449 flagella
686 2372 846 2453 suscipiat.
888 2373 919 2433 Is
942 2383 1048 2432 antem
1066 2370 1123 2453 qni
1138 2372 1250 2454 pulsn-

138 2464 212 2534 tur,
235 2452 261 2514 si
280 2452 321 2512 ad
337 2449 557 2533 accipiendam
572 2452 730 2513 ultionem
751 2453 867 2516 iudicis
882 2476 950 2517 sese
972 2454 1090 2516 dixerit
1106 2455 1249 2514 nullate=

139 2558 201 2597 nus
224 2534 372 2595 dilatasse
392 2532 447 2594 vel
471 2533 722 2618 contempsisse,
752 2546 784 2597 et
811 2535 873 2598 hoc
897 2538 989 2599 nullo
1009 2537 1150 2619 potnerit
1168 2545 1248 2598 teste

139 2616 310 2694 convinci,
345 2615 422 2677 dum
444 2625 677 2676 sacramentum
699 2618 895 2698 reddiderit,
925 2620 1014 2703 quod
1040 2640 1100 2702 per
1123 2620 1248 2679 nnllam

138 2697 342 2763 occasionem
364 2697 419 2759 vel
436 2705 656 2781 contemptum
674 2699 737 2760 bue
762 2702 892 2779 fecerit,
931 2724 948 2761 a
968 2701 1091 2763 damnis
1118 2704 1171 2764 vel
1193 2701 1252 2761 tta:

139 2783 233 2868 gellis
265 2779 413 2865 superius
443 2781 702 2863 comprehensis,
731 2782 888 2845 habeatur
912 2785 1105 2868 indempuis.
1149 2783 1248 2863 Quod

136 2869 164 2930 si
186 2864 341 2949 quislibet
360 2862 538 2946 Episcopus
558 2865 821 2928 ammonitionem
843 2867 976 2945 iudicis,
998 2869 1099 2930 fretus
1120 2866 1246 2928 honore

137 2947 350 3025 sacerdotali,
391 2947 638 3028 contempserit,
671 2957 703 3008 et
721 2964 781 3028 pru
809 2970 866 3011 sna
892 2969 1029 3032 persona
1058 2959 1247 3011 assertorem

138 3033 214 3094 dare
235 3029 415 3105 distulerit,
437 3029 608 3091 confestim
628 3052 646 3089 a
663 3029 769 3092 iudice
792 3033 934 3115 negotli,
956 3051 1044 3094 sena
1061 3031 1246 3114 provinciae

137 3135 213 3178 suae
241 3117 332 3175 Duce
362 3114 414 3174 vel
447 3113 571 3174 Comite
597 3115 781 3194 compulsus
803 3117 837 3176 L.
871 3115 1047 3178 solidorum
1072 3115 1247 3196 dampnum

138 3194 288 3280 excipiat.
328 3195 379 3256 Ex
397 3211 461 3277 qua
478 3217 600 3257 summa
613 3197 769 3278 pecuniae
784 3198 855 3262 XX.
869 3198 965 3260 solidi
979 3197 1079 3258 indici
1095 3218 1153 3280 pro
1167 3217 1247 3258 con-¹

137 3289 262 3360 tempta
272 3277 460 3362 proficiant.-
481 3277 572 3339 XXX.
587 3299 667 3341 vcro
689 3281 863 3342 sacerdotis
884 3281 983 3363 ipsius
996 3279 1117 3362 petitor
1130 3301 1246 3341 conse-

141 3372 270 3446 quatur.
313 3360 347 3421 si
382 3369 468 3420 certe
495 3362 682 3446 presbyter,
724 3361 898 3440 diaeonus,
940 3363 992 3424 rel
1012 3363 1247 3438 subdiaconus,

35 3442 37 3447 ’
140 3457 235 3525 atque
265 3443 419 3515 clericus,
451 3444 502 3504 vel
524 3444 718 3520 monachus,
741 3445 781 3505 ad
805 3445 1024 3529 accipiendam
1043 3445 1159 3506 iudicis
1178 3445 1246 3528 epi·

138 3529 253 3588 stolam
279 3525 330 3588 vel
357 3525 500 3607 sigillum
520 3547 553 3586 se
582 3525 805 3603 dilataverint,
828 3540 884 3589 aut
902 3550 961 3610 pro
980 3528 1030 3589 sui
1052 3549 1189 3610 persona
1206 3525 1247 3585 ad

137 3607 398 3692 respondendum
413 3609 545 3668 minime
565 3609 743 3671 direxerlut
755 3620 1041 3692 prosequntoreni,
1064 3619 1118 3670 aut
1136 3619 1248 3670 contu*

138 3692 272 3753 maniter
299 3690 422 3750 fuerint
455 3701 713 3774 contemptores,
755 3694 979 3774 unusquisque
1016 3708 1127 3754 eorum
1158 3693 1246 3753 iuxta

71 3823 76 3830 .
138 3774 220 3857 legis
247 3773 456 3851 sententiam,
488 3795 570 3852 quae
598 3774 633 3834 in
666 3773 755 3836 laicis
776 3776 923 3856 superius
946 3777 1008 3835 lata
1030 3785 1094 3851 est,
1124 3775 1246 3836 indicta

140 3859 277 3940 dampna
290 3857 452 3937 suscipiat.
493 3857 536 3916 Et
551 3856 583 3916 si
604 3879 669 3918 non
692 3857 842 3920 babuerit
864 3859 950 3919 unde
973 3868 1153 3940 componat,
1177 3857 1246 3918 eius

137 3941 316 4023 Episcopus
335 3949 520 4016 moneatur,
550 3948 586 3999 ut
604 3962 663 4023 pro
683 3962 738 4020 co,
769 3941 795 4002 si
816 3942 973 4020 voluerit,
996 3943 1177 4004 satisfacere
1204 3939 1246 3999 tia

207 4144 238 4214 i)
255 4143 306 4195 Un.
326 4141 392 4195 Cod.
413 4142 588 4206 dilataverit,
622 4146 663 4202 vel
690 4143 903 4202 admonitionem
930 4146 1061 4217 epistolae
1086 4147 1133 4202 aet
1157 4135 1247 4218 sigilli

138 4213 260 4285 recipere
279 4217 487 4301 contempserit,
504 4233 557 4289 pru
575 4226 625 4272 etc.
