<?xml version="1.0" encoding="UTF-8"?>
<!DOCTYPE html PUBLIC "-//W3C//DTD XHTML 1.0 Transitional//EN"
    "http://www.w3.org/TR/xhtml1/DTD/xhtml1-transitional.dtd">
<html xmlns="http://www.w3.org/1999/xhtml" xml:lang="en" lang="en">
 <head>
  <title>
</title>
<meta http-equiv="Content-Type" content="text/html;charset=utf-8" />
  <meta name='ocr-system' content='tesseract 3.04.00' />
  <meta name='ocr-capabilities' content='ocr_page ocr_carea ocr_par ocr_line ocrx_word'/>
</head>
<body>
  <div class='ocr_page' id='page_1' title='image "./corpusiurisgerm00visigoog_0251.png"; bbox 0 0 2640 4838; ppageno 0'>
   <div class='ocr_carea' id='block_1_1' title="bbox 115 231 1062 314">
    <p class='ocr_par' dir='ltr' id='par_1_1' title="bbox 115 231 1062 314">
     <span class='ocr_line' id='line_1_1' title="bbox 115 231 1062 314; baseline 0.001 -5"><span class='ocrx_word' id='word_1_1' title='bbox 115 231 191 310; x_wconf 75' lang='grc'><strong>658</strong></span> <span class='ocrx_word' id='word_1_2' title='bbox 309 249 414 306; x_wconf 82' lang='lat' dir='ltr'><strong>assis</strong></span> <span class='ocrx_word' id='word_1_3' title='bbox 433 247 725 308; x_wconf 81' lang='lat' dir='ltr'><strong>wrsrcornoaan</strong></span> <span class='ocrx_word' id='word_1_4' title='bbox 744 251 809 312; x_wconf 82' lang='lat' dir='ltr'><strong>na.</strong></span> <span class='ocrx_word' id='word_1_5' title='bbox 829 252 890 306; x_wconf 89' lang='grc' dir='ltr'><strong>ιιι.</strong></span> <span class='ocrx_word' id='word_1_6' title='bbox 908 251 982 314; x_wconf 81' lang='grc' dir='ltr'><strong>τιτ.</strong></span> <span class='ocrx_word' id='word_1_7' title='bbox 1000 251 1062 310; x_wconf 75' lang='grc' dir='ltr'><strong>ιιι</strong></span> 
     </span>
    </p>
   </div>
   <div class='ocr_carea' id='block_1_2' title="bbox 71 389 1251 1638">
    <p class='ocr_par' dir='ltr' id='par_1_2' title="bbox 71 389 1251 1638">
     <span class='ocr_line' id='line_1_2' title="bbox 113 389 1234 482; baseline 0.004 -25"><span class='ocrx_word' id='word_1_8' title='bbox 113 391 269 482; x_wconf 83' lang='lat' dir='ltr'><strong>perandi,</strong></span> <span class='ocrx_word' id='word_1_9' title='bbox 296 391 534 475; x_wconf 76' lang='lat' dir='ltr'><strong>distringendi,</strong></span> <span class='ocrx_word' id='word_1_10' title='bbox 565 391 739 454; x_wconf 71' lang='lat' dir='ltr'><strong>coercendi</strong></span> <span class='ocrx_word' id='word_1_11' title='bbox 769 389 822 452; x_wconf 79' lang='lat' dir='ltr'><strong>rel</strong></span> <span class='ocrx_word' id='word_1_12' title='bbox 849 391 1015 475; x_wconf 81' lang='lat' dir='ltr'><strong>plectendi</strong></span> <span class='ocrx_word' id='word_1_13' title='bbox 1044 415 1157 458; x_wconf 85' lang='lat' dir='ltr'><strong>curam</strong></span> <span class='ocrx_word' id='word_1_14' title='bbox 1177 399 1234 461; x_wconf 76' lang='lat' dir='ltr'><strong>rel</strong></span> 
     </span>
     <span class='ocr_line' id='line_1_3' title="bbox 113 474 1234 564; baseline 0.004 -26"><span class='ocrx_word' id='word_1_15' title='bbox 113 483 306 562; x_wconf 83' lang='lat' dir='ltr'><strong>potestatem</strong></span> <span class='ocrx_word' id='word_1_16' title='bbox 327 494 424 558; x_wconf 89' lang='lat' dir='ltr'><strong>super</strong></span> <span class='ocrx_word' id='word_1_17' title='bbox 447 474 649 536; x_wconf 74' lang='lat' dir='ltr'><strong>Christianos</strong></span> <span class='ocrx_word' id='word_1_18' title='bbox 672 483 839 536; x_wconf 81' lang='lat' dir='ltr'><strong>exerceat:</strong></span> <span class='ocrx_word' id='word_1_19' title='bbox 861 489 997 559; x_wconf 80' lang='lat' dir='ltr'><strong>excepto</strong></span> <span class='ocrx_word' id='word_1_20' title='bbox 1017 477 1054 545; x_wconf 75' lang='lat' dir='ltr'><strong>si¹</strong></span> <span class='ocrx_word' id='word_1_21' title='bbox 1069 481 1234 564; x_wconf 80' lang='lat' dir='ltr'><strong>Princeps</strong></span> 
     </span>
     <span class='ocr_line' id='line_1_4' title="bbox 111 556 1234 647; baseline 0.006 -27"><span class='ocrx_word' id='word_1_22' title='bbox 111 561 224 642; x_wconf 86' lang='lat' dir='ltr'><strong>aliqua</strong></span> <span class='ocrx_word' id='word_1_23' title='bbox 251 558 401 620; x_wconf 78' lang='lat' dir='ltr'><strong>utilitatis</strong></span> <span class='ocrx_word' id='word_1_24' title='bbox 422 557 572 641; x_wconf 80' lang='lat' dir='ltr'><strong>publicae</strong></span> <span class='ocrx_word' id='word_1_25' title='bbox 597 556 631 618; x_wconf 90' lang='lat' dir='ltr'><strong>id</strong></span> <span class='ocrx_word' id='word_1_26' title='bbox 653 557 724 620; x_wconf 80' lang='lat' dir='ltr'><strong>fieri</strong></span> <span class='ocrx_word' id='word_1_27' title='bbox 741 556 922 636; x_wconf 82' lang='lat' dir='ltr'><strong>permiserit</strong></span> <span class='ocrx_word' id='word_1_28' title='bbox 940 581 1060 622; x_wconf 88' lang='lat' dir='ltr'><strong>caussa.</strong></span> <span class='ocrx_word' id='word_1_29' title='bbox 1103 563 1234 647; x_wconf 86' lang='lat' dir='ltr'><strong>Siquis</strong></span> 
     </span>
     <span class='ocr_line' id='line_1_5' title="bbox 109 638 1233 724; baseline 0.004 -20"><span class='ocrx_word' id='word_1_30' title='bbox 109 647 220 704; x_wconf 82' lang='lat' dir='ltr'><strong>&#39;antem</strong></span> <span class='ocrx_word' id='word_1_31' title='bbox 249 638 443 703; x_wconf 88' lang='lat' dir='ltr'><strong>ludaeorum</strong></span> <span class='ocrx_word' id='word_1_32' title='bbox 472 649 601 724; x_wconf 85' lang='lat' dir='ltr'><strong>accepta</strong></span> <span class='ocrx_word' id='word_1_33' title='bbox 624 661 642 699; x_wconf 88' lang='lat' dir='ltr'><strong>a</strong></span> <span class='ocrx_word' id='word_1_34' title='bbox 663 640 811 722; x_wconf 85' lang='lat' dir='ltr'><strong>quolibet</strong></span> <span class='ocrx_word' id='word_1_35' title='bbox 830 649 984 722; x_wconf 85' lang='lat' dir='ltr'><strong>potestate</strong></span> <span class='ocrx_word' id='word_1_36' title='bbox 1005 643 1233 708; x_wconf 83' lang='lat' dir='ltr'><strong>Christianum</strong></span> 
     </span>
     <span class='ocr_line' id='line_1_6' title="bbox 110 709 1233 808; baseline 0.004 -21"><span class='ocrx_word' id='word_1_37' title='bbox 110 709 343 808; x_wconf 69' lang='lat' dir='ltr'><strong>lpnemcunqne</strong></span> <span class='ocrx_word' id='word_1_38' title='bbox 374 723 584 806; x_wconf 83' lang='lat' dir='ltr'><strong>distringere,</strong></span> <span class='ocrx_word' id='word_1_39' title='bbox 621 723 784 806; x_wconf 82' lang='lat' dir='ltr'><strong>plectere,</strong></span> <span class='ocrx_word' id='word_1_40' title='bbox 823 733 995 802; x_wconf 74' lang='lat' dir='ltr'><strong>coercere,</strong></span> <span class='ocrx_word' id='word_1_41' title='bbox 1022 727 1233 791; x_wconf 75' lang='lat' dir='ltr'><strong>retineam</strong></span> 
     </span>
     <span class='ocr_line' id='line_1_7' title="bbox 110 805 1232 892; baseline 0.004 -22"><span class='ocrx_word' id='word_1_42' title='bbox 110 807 277 876; x_wconf 69' lang='lat' dir='ltr'><strong>desaevire</strong></span> <span class='ocrx_word' id='word_1_43' title='bbox 298 805 568 890; x_wconf 77' lang='lat' dir='ltr'><strong>praesumpserit,</strong></span> <span class='ocrx_word' id='word_1_44' title='bbox 588 816 646 867; x_wconf 84' lang='lat' dir='ltr'><strong>aut</strong></span> <span class='ocrx_word' id='word_1_45' title='bbox 664 806 844 892; x_wconf 83' lang='lat' dir='ltr'><strong>quidquem</strong></span> <span class='ocrx_word' id='word_1_46' title='bbox 863 807 894 866; x_wconf 95' lang='lat' dir='ltr'><strong>ei</strong></span> <span class='ocrx_word' id='word_1_47' title='bbox 914 816 1026 868; x_wconf 87' lang='lat' dir='ltr'><strong>contra</strong></span> <span class='ocrx_word' id='word_1_48' title='bbox 1043 810 1155 892; x_wconf 83' lang='lat' dir='ltr'><strong>legum</strong></span> <span class='ocrx_word' id='word_1_49' title='bbox 1177 835 1232 874; x_wconf 81' lang='lat' dir='ltr'><strong>ve-</strong></span> 
     </span>
     <span class='ocr_line' id='line_1_8' title="bbox 107 888 1251 972; baseline 0.004 -19"><span class='ocrx_word' id='word_1_50' title='bbox 107 890 185 970; x_wconf 80' lang='lat' dir='ltr'><strong>tita‘,</strong></span> <span class='ocrx_word' id='word_1_51' title='bbox 206 900 262 952; x_wconf 90' lang='lat' dir='ltr'><strong>aut</strong></span> <span class='ocrx_word' id='word_1_52' title='bbox 280 889 477 972; x_wconf 82' lang='lat' dir='ltr'><strong>excogitata,</strong></span> <span class='ocrx_word' id='word_1_53' title='bbox 499 888 636 971; x_wconf 87' lang='lat' dir='ltr'><strong>quaein</strong></span> <span class='ocrx_word' id='word_1_54' title='bbox 658 890 729 970; x_wconf 78' lang='lat' dir='ltr'><strong>lege</strong></span> <span class='ocrx_word' id='word_1_55' title='bbox 753 909 819 950; x_wconf 90' lang='lat' dir='ltr'><strong>non</strong></span> <span class='ocrx_word' id='word_1_56' title='bbox 838 898 915 951; x_wconf 89' lang='lat' dir='ltr'><strong>sunt</strong></span> <span class='ocrx_word' id='word_1_57' title='bbox 931 890 1070 969; x_wconf 88' lang='lat' dir='ltr'><strong>inserto,</strong></span> <span class='ocrx_word' id='word_1_58' title='bbox 1102 893 1229 958; x_wconf 83' lang='lat' dir='ltr'><strong>inferre</strong></span> <span class='ocrx_word' id='word_1_59' title='bbox 1246 915 1251 922; x_wconf 83' lang='lat'><strong>·</strong></span> 
     </span>
     <span class='ocr_line' id='line_1_9' title="bbox 107 971 1230 1038; baseline 0.004 -5"><span class='ocrx_word' id='word_1_60' title='bbox 107 978 173 1036; x_wconf 85' lang='lat' dir='ltr'><strong>tem</strong></span> <span class='ocrx_word' id='word_1_61' title='bbox 199 973 331 1036; x_wconf 74' lang='lat' dir='ltr'><strong>laverit:</strong></span> <span class='ocrx_word' id='word_1_62' title='bbox 354 982 411 1033; x_wconf 89' lang='lat' dir='ltr'><strong>ant</strong></span> <span class='ocrx_word' id='word_1_63' title='bbox 429 971 633 1033; x_wconf 87' lang='lat' dir='ltr'><strong>medietatem</strong></span> <span class='ocrx_word' id='word_1_64' title='bbox 654 991 764 1033; x_wconf 85' lang='lat' dir='ltr'><strong>rerum</strong></span> <span class='ocrx_word' id='word_1_65' title='bbox 787 993 917 1034; x_wconf 87' lang='lat' dir='ltr'><strong>auarum</strong></span> <span class='ocrx_word' id='word_1_66' title='bbox 935 971 1014 1034; x_wconf 86' lang='lat' dir='ltr'><strong>lisco</strong></span> <span class='ocrx_word' id='word_1_67' title='bbox 1040 975 1230 1038; x_wconf 73' lang='lat' dir='ltr'><strong>sociandam</strong></span> 
     </span>
     <span class='ocr_line' id='line_1_10' title="bbox 107 997 1228 1134; baseline 0.003 -16"><span class='ocrx_word' id='word_1_68' title='bbox 107 997 247 1134; x_wconf 72' lang='lat' dir='ltr'><strong>atulliat,</strong></span> <span class='ocrx_word' id='word_1_69' title='bbox 272 1061 328 1116; x_wconf 87' lang='lat' dir='ltr'><strong>aut</strong></span> <span class='ocrx_word' id='word_1_70' title='bbox 357 1055 385 1117; x_wconf 92' lang='lat' dir='ltr'><strong>si</strong></span> <span class='ocrx_word' id='word_1_71' title='bbox 412 1055 513 1117; x_wconf 87' lang='lat' dir='ltr'><strong>nullis</strong></span> <span class='ocrx_word' id='word_1_72' title='bbox 534 1056 637 1116; x_wconf 88' lang='lat' dir='ltr'><strong>fultus</strong></span> <span class='ocrx_word' id='word_1_73' title='bbox 657 1054 757 1116; x_wconf 83' lang='lat' dir='ltr'><strong>luerit</strong></span> <span class='ocrx_word' id='word_1_74' title='bbox 777 1055 893 1134; x_wconf 85' lang='lat' dir='ltr'><strong>rebus,</strong></span> <span class='ocrx_word' id='word_1_75' title='bbox 920 1065 1054 1118; x_wconf 88' lang='lat' dir='ltr'><strong>centum</strong></span> <span class='ocrx_word' id='word_1_76' title='bbox 1075 1057 1228 1121; x_wconf 85' lang='lat' dir='ltr'><strong>decalva·</strong></span> 
     </span>
     <span class='ocr_line' id='line_1_11' title="bbox 107 1136 1229 1224; baseline 0.002 -22"><span class='ocrx_word' id='word_1_77' title='bbox 107 1149 159 1202; x_wconf 91' lang='lat' dir='ltr'><strong>tus</strong></span> <span class='ocrx_word' id='word_1_78' title='bbox 179 1139 308 1224; x_wconf 81' lang='lat' dir='ltr'><strong>flagella</strong></span> <span class='ocrx_word' id='word_1_79' title='bbox 329 1136 491 1222; x_wconf 85' lang='lat' dir='ltr'><strong>suscipiat.</strong></span> <span class='ocrx_word' id='word_1_80' title='bbox 535 1137 589 1198; x_wconf 92' lang='lat' dir='ltr'><strong>llli</strong></span> <span class='ocrx_word' id='word_1_81' title='bbox 618 1147 724 1199; x_wconf 70' lang='lat' dir='ltr'><strong>manen</strong></span> <span class='ocrx_word' id='word_1_82' title='bbox 752 1136 812 1220; x_wconf 89' lang='lat' dir='ltr'><strong>qui</strong></span> <span class='ocrx_word' id='word_1_83' title='bbox 842 1137 926 1200; x_wconf 90' lang='lat' dir='ltr'><strong>banc</strong></span> <span class='ocrx_word' id='word_1_84' title='bbox 961 1139 1008 1200; x_wconf 87' lang='lat' dir='ltr'><strong>eis</strong></span> <span class='ocrx_word' id='word_1_85' title='bbox 1033 1149 1229 1222; x_wconf 86' lang='lat' dir='ltr'><strong>potestatem</strong></span> 
     </span>
     <span class='ocr_line' id='line_1_12' title="bbox 106 1220 1229 1307; baseline 0.003 -23"><span class='ocrx_word' id='word_1_86' title='bbox 106 1220 413 1307; x_wconf 88' lang='lat' dir='ltr'><strong>superChristiauos</strong></span> <span class='ocrx_word' id='word_1_87' title='bbox 431 1241 583 1282; x_wconf 86' lang='lat' dir='ltr'><strong>exercerc</strong></span> <span class='ocrx_word' id='word_1_88' title='bbox 596 1220 819 1304; x_wconf 85' lang='lat' dir='ltr'><strong>permiserint:</strong></span> <span class='ocrx_word' id='word_1_89' title='bbox 840 1220 867 1282; x_wconf 92' lang='lat' dir='ltr'><strong>si</strong></span> <span class='ocrx_word' id='word_1_90' title='bbox 889 1220 1007 1284; x_wconf 85' lang='lat' dir='ltr'><strong>nobilis</strong></span> <span class='ocrx_word' id='word_1_91' title='bbox 1026 1225 1083 1306; x_wconf 90' lang='lat' dir='ltr'><strong>qui</strong></span> <span class='ocrx_word' id='word_1_92' title='bbox 1098 1223 1163 1286; x_wconf 91' lang='lat' dir='ltr'><strong>boc</strong></span> <span class='ocrx_word' id='word_1_93' title='bbox 1181 1227 1229 1287; x_wconf 85' lang='lat' dir='ltr'><strong>le·</strong></span> 
     </span>
     <span class='ocr_line' id='line_1_13' title="bbox 71 1301 1229 1387; baseline 0.001 -19"><span class='ocrx_word' id='word_1_94' title='bbox 71 1319 77 1330; x_wconf 89' lang='grc'><strong>’</strong></span> <span class='ocrx_word' id='word_1_95' title='bbox 108 1306 192 1368; x_wconf 88' lang='lat' dir='ltr'><strong>cerit</strong></span> <span class='ocrx_word' id='word_1_96' title='bbox 219 1323 357 1387; x_wconf 85' lang='lat' dir='ltr'><strong>persona</strong></span> <span class='ocrx_word' id='word_1_97' title='bbox 378 1303 541 1380; x_wconf 84' lang='lat' dir='ltr'><strong>extiterit,</strong></span> <span class='ocrx_word' id='word_1_98' title='bbox 570 1302 682 1365; x_wconf 89' lang='lat' dir='ltr'><strong>decem</strong></span> <span class='ocrx_word' id='word_1_99' title='bbox 705 1301 803 1365; x_wconf 86' lang='lat' dir='ltr'><strong>libras</strong></span> <span class='ocrx_word' id='word_1_100' title='bbox 826 1303 899 1364; x_wconf 89' lang='lat' dir='ltr'><strong>auri</strong></span> <span class='ocrx_word' id='word_1_101' title='bbox 919 1304 996 1366; x_wconf 86' lang='lat' dir='ltr'><strong>lisco</strong></span> <span class='ocrx_word' id='word_1_102' title='bbox 1018 1316 1151 1368; x_wconf 89' lang='lat' dir='ltr'><strong>coactus</strong></span> <span class='ocrx_word' id='word_1_103' title='bbox 1173 1330 1229 1369; x_wconf 83' lang='lat' dir='ltr'><strong>ex·</strong></span> 
     </span>
     <span class='ocr_line' id='line_1_14' title="bbox 105 1385 1228 1472; baseline 0.003 -23"><span class='ocrx_word' id='word_1_104' title='bbox 105 1388 224 1450; x_wconf 78' lang='lat' dir='ltr'><strong>solvats</strong></span> <span class='ocrx_word' id='word_1_105' title='bbox 245 1385 403 1458; x_wconf 54' lang='lat' dir='ltr'><strong>minimae,</strong></span> <span class='ocrx_word' id='word_1_106' title='bbox 429 1397 534 1448; x_wconf 86' lang='lat' dir='ltr'><strong>tamen</strong></span> <span class='ocrx_word' id='word_1_107' title='bbox 564 1386 761 1469; x_wconf 88' lang='lat' dir='ltr'><strong>vilioresqna</strong></span> <span class='ocrx_word' id='word_1_108' title='bbox 789 1406 965 1469; x_wconf 88' lang='lat' dir='ltr'><strong>personae,</strong></span> <span class='ocrx_word' id='word_1_109' title='bbox 1000 1387 1152 1472; x_wconf 82' lang='lat' dir='ltr'><strong>quinque</strong></span> <span class='ocrx_word' id='word_1_110' title='bbox 1184 1391 1228 1452; x_wconf 91' lang='lat' dir='ltr'><strong>li·-</strong></span> 
     </span>
     <span class='ocr_line' id='line_1_15' title="bbox 103 1467 1228 1551; baseline 0.002 -19"><span class='ocrx_word' id='word_1_111' title='bbox 103 1471 178 1532; x_wconf 78' lang='lat' dir='ltr'><strong>bris</strong></span> <span class='ocrx_word' id='word_1_112' title='bbox 202 1469 272 1531; x_wconf 90' lang='lat' dir='ltr'><strong>anri</strong></span> <span class='ocrx_word' id='word_1_113' title='bbox 294 1469 371 1530; x_wconf 86' lang='lat' dir='ltr'><strong>fisco</strong></span> <span class='ocrx_word' id='word_1_114' title='bbox 391 1467 624 1551; x_wconf 78' lang='lat' dir='ltr'><strong>persolvendas</strong></span> <span class='ocrx_word' id='word_1_115' title='bbox 639 1468 796 1535; x_wconf 88' lang='lat' dir='ltr'><strong>amittant.</strong></span> <span class='ocrx_word' id='word_1_116' title='bbox 838 1468 936 1546; x_wconf 90' lang='lat' dir='ltr'><strong>Quod</strong></span> <span class='ocrx_word' id='word_1_117' title='bbox 961 1469 987 1531; x_wconf 91' lang='lat' dir='ltr'><strong>si</strong></span> <span class='ocrx_word' id='word_1_118' title='bbox 1007 1491 1073 1532; x_wconf 90' lang='lat' dir='ltr'><strong>non</strong></span> <span class='ocrx_word' id='word_1_119' title='bbox 1097 1472 1228 1535; x_wconf 85' lang='lat' dir='ltr'><strong>babue-</strong></span> 
     </span>
     <span class='ocr_line' id='line_1_16' title="bbox 103 1551 1226 1638; baseline 0.004 -25"><span class='ocrx_word' id='word_1_120' title='bbox 103 1554 172 1614; x_wconf 90' lang='lat' dir='ltr'><strong>rint</strong></span> <span class='ocrx_word' id='word_1_121' title='bbox 195 1552 285 1616; x_wconf 85' lang='lat' dir='ltr'><strong>unde</strong></span> <span class='ocrx_word' id='word_1_122' title='bbox 319 1560 534 1637; x_wconf 85' lang='lat' dir='ltr'><strong>componant,</strong></span> <span class='ocrx_word' id='word_1_123' title='bbox 573 1551 721 1632; x_wconf 85' lang='lat' dir='ltr'><strong>centenis</strong></span> <span class='ocrx_word' id='word_1_124' title='bbox 750 1551 910 1615; x_wconf 82' lang='lat' dir='ltr'><strong>decalvati</strong></span> <span class='ocrx_word' id='word_1_125' title='bbox 945 1551 1084 1638; x_wconf 79' lang='lat' dir='ltr'><strong>flagellis</strong></span> <span class='ocrx_word' id='word_1_126' title='bbox 1111 1555 1226 1620; x_wconf 84' lang='lat' dir='ltr'><strong>subia-</strong></span> 
     </span>
    </p>
   </div>
   <div class='ocr_carea' id='block_1_3' title="bbox 103 1645 208 1701">
    <p class='ocr_par' dir='ltr' id='par_1_3' title="bbox 103 1645 208 1701">
     <span class='ocr_line' id='line_1_17' title="bbox 103 1645 208 1701; baseline -0.01 0"><span class='ocrx_word' id='word_1_127' title='bbox 103 1645 208 1701; x_wconf 82' lang='lat' dir='ltr'><strong>ceant</strong></span> 
     </span>
    </p>
   </div>
   <div class='ocr_carea' id='block_1_4' title="bbox 349 1772 968 1844">
    <p class='ocr_par' dir='ltr' id='par_1_4' title="bbox 349 1772 968 1844">
     <span class='ocr_line' id='line_1_18' title="bbox 349 1772 968 1844; baseline 0.01 -6"><span class='ocrx_word' id='word_1_128' title='bbox 349 1772 470 1843; x_wconf 87' lang='lat' dir='ltr'><strong>XVlll.</strong></span> <span class='ocrx_word' id='word_1_129' title='bbox 510 1795 573 1842; x_wconf 82' lang='lat' dir='ltr'><strong>aas.</strong></span> <span class='ocrx_word' id='word_1_130' title='bbox 620 1795 686 1837; x_wconf 82' lang='lat' dir='ltr'><strong>ors.</strong></span> <span class='ocrx_word' id='word_1_131' title='bbox 716 1795 862 1840; x_wconf 74' lang='lat' dir='ltr'><strong>sartores</strong></span> <span class='ocrx_word' id='word_1_132' title='bbox 898 1794 968 1844; x_wconf 72' lang='lat' dir='ltr'><strong>aaz.</strong></span> 
     </span>
    </p>
   </div>
   <div class='ocr_carea' id='block_1_5' title="bbox 97 1903 1229 3407">
    <p class='ocr_par' dir='ltr' id='par_1_5' title="bbox 97 1903 1229 3407">
     <span class='ocr_line' id='line_1_19' title="bbox 109 1903 1227 1996; baseline 0.001 -17"><span class='ocrx_word' id='word_1_133' title='bbox 109 1903 151 1979; x_wconf 73' lang='lat' dir='ltr'><strong>lit</strong></span> <span class='ocrx_word' id='word_1_134' title='bbox 174 1914 366 1980; x_wconf 83' lang='lat' dir='ltr'><strong>Iudaeorum</strong></span> <span class='ocrx_word' id='word_1_135' title='bbox 384 1913 473 1976; x_wconf 82' lang='lat' dir='ltr'><strong>servi</strong></span> <span class='ocrx_word' id='word_1_136' title='bbox 494 1911 628 1975; x_wconf 79' lang='lat' dir='ltr'><strong>necdum</strong></span> <span class='ocrx_word' id='word_1_137' title='bbox 661 1911 765 1975; x_wconf 82' lang='lat' dir='ltr'><strong>adbuc</strong></span> <span class='ocrx_word' id='word_1_138' title='bbox 792 1915 952 1996; x_wconf 83' lang='lat' dir='ltr'><strong>conversi,</strong></span> <span class='ocrx_word' id='word_1_139' title='bbox 985 1916 1016 1977; x_wconf 89' lang='lat' dir='ltr'><strong>si</strong></span> <span class='ocrx_word' id='word_1_140' title='bbox 1034 1913 1081 1978; x_wconf 85' lang='lat' dir='ltr'><strong>ad</strong></span> <span class='ocrx_word' id='word_1_141' title='bbox 1101 1913 1227 1980; x_wconf 75' lang='lat' dir='ltr'><strong>Carisa·</strong></span> 
     </span>
     <span class='ocr_line' id='line_1_20' title="bbox 273 1991 1159 2080; baseline 0.002 -22"><span class='ocrx_word' id='word_1_142' title='bbox 273 2000 409 2080; x_wconf 79' lang='lat' dir='ltr'><strong>gratiam</strong></span> <span class='ocrx_word' id='word_1_143' title='bbox 430 1998 689 2075; x_wconf 82' lang='lat' dir='ltr'><strong>convolaverint,</strong></span> <span class='ocrx_word' id='word_1_144' title='bbox 715 1997 860 2059; x_wconf 81' lang='lat' dir='ltr'><strong>libertate</strong></span> <span class='ocrx_word' id='word_1_145' title='bbox 878 1995 1044 2066; x_wconf 82' lang='lat' dir='ltr'><strong>donentur.</strong></span> <span class='ocrx_word' id='word_1_146' title='bbox 1118 1991 1125 2002; x_wconf 80' lang='grc'><em>’</em></span> <span class='ocrx_word' id='word_1_147' title='bbox 1156 2013 1159 2020; x_wconf 88' lang='grc'><em>“</em></span> 
     </span>
     <span class='ocr_line' id='line_1_21' title="bbox 184 2079 1223 2166; baseline 0 -21"><span class='ocrx_word' id='word_1_148' title='bbox 184 2079 269 2146; x_wconf 90' lang='lat' dir='ltr'><strong>Cum</strong></span> <span class='ocrx_word' id='word_1_149' title='bbox 297 2105 351 2143; x_wconf 85' lang='lat' dir='ltr'><strong>vas</strong></span> <span class='ocrx_word' id='word_1_150' title='bbox 382 2079 550 2142; x_wconf 85' lang='lat' dir='ltr'><strong>electionis</strong></span> <span class='ocrx_word' id='word_1_151' title='bbox 570 2079 692 2141; x_wconf 88' lang='lat' dir='ltr'><strong>Paulus</strong></span> <span class='ocrx_word' id='word_1_152' title='bbox 713 2079 889 2161; x_wconf 76' lang='lat' dir='ltr'><strong>Apostolus</strong></span> <span class='ocrx_word' id='word_1_153' title='bbox 908 2081 1075 2166; x_wconf 90' lang='lat' dir='ltr'><strong>praedicet</strong></span> <span class='ocrx_word' id='word_1_154' title='bbox 1094 2081 1223 2163; x_wconf 87' lang='lat' dir='ltr'><strong>dicens,</strong></span> 
     </span>
     <span class='ocr_line' id='line_1_22' title="bbox 100 2161 1223 2250; baseline -0.001 -20"><span class='ocrx_word' id='word_1_155' title='bbox 100 2167 169 2230; x_wconf 84' lang='lat' dir='ltr'><strong>sire</strong></span> <span class='ocrx_word' id='word_1_156' title='bbox 194 2187 254 2250; x_wconf 91' lang='lat' dir='ltr'><strong>per</strong></span> <span class='ocrx_word' id='word_1_157' title='bbox 285 2164 488 2226; x_wconf 78' lang='lat' dir='ltr'><strong>occasionem</strong></span> <span class='ocrx_word' id='word_1_158' title='bbox 513 2165 582 2224; x_wconf 88' lang='lat' dir='ltr'><strong>sive</strong></span> <span class='ocrx_word' id='word_1_159' title='bbox 609 2182 668 2244; x_wconf 93' lang='lat' dir='ltr'><strong>per</strong></span> <span class='ocrx_word' id='word_1_160' title='bbox 693 2163 882 2243; x_wconf 85' lang='lat' dir='ltr'><strong>veritatem,</strong></span> <span class='ocrx_word' id='word_1_161' title='bbox 912 2161 1094 2227; x_wconf 83' lang='lat' dir='ltr'><strong>dummodo</strong></span> <span class='ocrx_word' id='word_1_162' title='bbox 1111 2167 1223 2229; x_wconf 87' lang='lat' dir='ltr'><strong>Chris·</strong></span> 
     </span>
     <span class='ocr_line' id='line_1_23' title="bbox 98 2245 1229 2325; baseline 0.001 -16"><span class='ocrx_word' id='word_1_163' title='bbox 98 2261 150 2315; x_wconf 86' lang='lat' dir='ltr'><strong>tus</strong></span> <span class='ocrx_word' id='word_1_164' title='bbox 175 2248 410 2324; x_wconf 86' lang='lat' dir='ltr'><strong>adnuncietur,</strong></span> <span class='ocrx_word' id='word_1_165' title='bbox 438 2245 568 2308; x_wconf 86' lang='lat' dir='ltr'><strong>salubre</strong></span> <span class='ocrx_word' id='word_1_166' title='bbox 593 2245 668 2306; x_wconf 89' lang='lat' dir='ltr'><strong>satis</strong></span> <span class='ocrx_word' id='word_1_167' title='bbox 697 2255 746 2307; x_wconf 87' lang='lat' dir='ltr'><strong>est</strong></span> <span class='ocrx_word' id='word_1_168' title='bbox 773 2256 902 2325; x_wconf 79' lang='lat' dir='ltr'><strong>sotum,</strong></span> <span class='ocrx_word' id='word_1_169' title='bbox 942 2245 968 2310; x_wconf 91' lang='lat' dir='ltr'><strong>si</strong></span> <span class='ocrx_word' id='word_1_170' title='bbox 994 2249 1080 2311; x_wconf 89' lang='lat' dir='ltr'><strong>sicut</strong></span> <span class='ocrx_word' id='word_1_171' title='bbox 1104 2249 1229 2310; x_wconf 83' lang='lat' dir='ltr'><strong>fideles</strong></span> 
     </span>
     <span class='ocr_line' id='line_1_24' title="bbox 98 2327 1221 2414; baseline 0.001 -22"><span class='ocrx_word' id='word_1_172' title='bbox 98 2330 256 2401; x_wconf 86' lang='lat' dir='ltr'><strong>libertatis</strong></span> <span class='ocrx_word' id='word_1_173' title='bbox 276 2341 489 2412; x_wconf 72' lang='lat' dir='ltr'><strong>Provocemus</strong></span> <span class='ocrx_word' id='word_1_174' title='bbox 521 2328 562 2388; x_wconf 89' lang='lat' dir='ltr'><strong>ad</strong></span> <span class='ocrx_word' id='word_1_175' title='bbox 589 2327 741 2411; x_wconf 83' lang='lat' dir='ltr'><strong>gratiam,</strong></span> <span class='ocrx_word' id='word_1_176' title='bbox 773 2327 815 2390; x_wconf 91' lang='lat' dir='ltr'><strong>ita</strong></span> <span class='ocrx_word' id='word_1_177' title='bbox 846 2329 1033 2394; x_wconf 87' lang='lat' dir='ltr'><strong>infidelibus</strong></span> <span class='ocrx_word' id='word_1_178' title='bbox 1059 2333 1221 2414; x_wconf 88' lang='lat' dir='ltr'><strong>praebea-</strong></span> 
     </span>
     <span class='ocr_line' id='line_1_25' title="bbox 99 2408 1221 2498; baseline -0.004 -21"><span class='ocrx_word' id='word_1_179' title='bbox 99 2437 170 2477; x_wconf 87' lang='lat' dir='ltr'><strong>mus</strong></span> <span class='ocrx_word' id='word_1_180' title='bbox 192 2413 394 2476; x_wconf 81' lang='lat' dir='ltr'><strong>occasionem</strong></span> <span class='ocrx_word' id='word_1_181' title='bbox 414 2408 569 2474; x_wconf 83' lang='lat' dir='ltr'><strong>reniendi</strong></span> <span class='ocrx_word' id='word_1_182' title='bbox 597 2410 638 2472; x_wconf 89' lang='lat' dir='ltr'><strong>ad</strong></span> <span class='ocrx_word' id='word_1_183' title='bbox 670 2411 777 2478; x_wconf 77' lang='lat' dir='ltr'><strong>uitam.</strong></span> <span class='ocrx_word' id='word_1_184' title='bbox 808 2412 851 2474; x_wconf 88' lang='lat' dir='ltr'><strong>Et</strong></span> <span class='ocrx_word' id='word_1_185' title='bbox 881 2413 956 2474; x_wconf 90' lang='lat' dir='ltr'><strong>ideo</strong></span> <span class='ocrx_word' id='word_1_186' title='bbox 993 2411 1020 2476; x_wconf 91' lang='lat' dir='ltr'><strong>si</strong></span> <span class='ocrx_word' id='word_1_187' title='bbox 1052 2413 1127 2498; x_wconf 88' lang='lat' dir='ltr'><strong>quis</strong></span> <span class='ocrx_word' id='word_1_188' title='bbox 1162 2413 1221 2474; x_wconf 89' lang='lat' dir='ltr'><strong>ln-</strong></span> 
     </span>
     <span class='ocr_line' id='line_1_26' title="bbox 97 2491 1220 2576; baseline -0.002 -18"><span class='ocrx_word' id='word_1_189' title='bbox 97 2495 252 2563; x_wconf 87' lang='lat' dir='ltr'><strong>daeorum</strong></span> <span class='ocrx_word' id='word_1_190' title='bbox 273 2516 404 2570; x_wconf 84' lang='lat' dir='ltr'><strong>servus,</strong></span> <span class='ocrx_word' id='word_1_191' title='bbox 436 2492 476 2572; x_wconf 81' lang='lat' dir='ltr'><strong>de</strong></span> <span class='ocrx_word' id='word_1_192' title='bbox 503 2491 651 2554; x_wconf 81' lang='lat' dir='ltr'><strong>servituti</strong></span> <span class='ocrx_word' id='word_1_193' title='bbox 682 2514 794 2556; x_wconf 87' lang='lat' dir='ltr'><strong>eorum</strong></span> <span class='ocrx_word' id='word_1_194' title='bbox 821 2504 852 2555; x_wconf 90' lang='lat' dir='ltr'><strong>et</strong></span> <span class='ocrx_word' id='word_1_195' title='bbox 872 2495 1034 2576; x_wconf 89' lang='lat' dir='ltr'><strong>moribus,</strong></span> <span class='ocrx_word' id='word_1_196' title='bbox 1059 2497 1100 2558; x_wconf 92' lang='lat' dir='ltr'><strong>ad</strong></span> <span class='ocrx_word' id='word_1_197' title='bbox 1122 2495 1220 2558; x_wconf 61' lang='lat' dir='ltr'><strong>Chri&lt;</strong></span> 
     </span>
     <span class='ocr_line' id='line_1_27' title="bbox 97 2557 1226 2662; baseline -0.002 -20"><span class='ocrx_word' id='word_1_198' title='bbox 97 2568 138 2642; x_wconf 79' lang='lat' dir='ltr'><strong>sti</strong></span> <span class='ocrx_word' id='word_1_199' title='bbox 173 2557 305 2662; x_wconf 82' lang='lat' dir='ltr'><strong>gratiam</strong></span> <span class='ocrx_word' id='word_1_200' title='bbox 345 2574 520 2637; x_wconf 80' lang='lat' dir='ltr'><strong>convolare</strong></span> <span class='ocrx_word' id='word_1_201' title='bbox 554 2575 733 2652; x_wconf 90' lang='lat' dir='ltr'><strong>desiderat,</strong></span> <span class='ocrx_word' id='word_1_202' title='bbox 780 2571 905 2639; x_wconf 90' lang='lat' dir='ltr'><strong>nullius</strong></span> <span class='ocrx_word' id='word_1_203' title='bbox 939 2600 1013 2640; x_wconf 90' lang='lat' dir='ltr'><strong>eum</strong></span> <span class='ocrx_word' id='word_1_204' title='bbox 1051 2579 1226 2659; x_wconf 76' lang='lat' dir='ltr'><strong>servitutis</strong></span> 
     </span>
     <span class='ocr_line' id='line_1_28' title="bbox 98 2655 1220 2743; baseline -0.001 -20"><span class='ocrx_word' id='word_1_205' title='bbox 98 2657 234 2723; x_wconf 85' lang='lat' dir='ltr'><strong>cathena</strong></span> <span class='ocrx_word' id='word_1_206' title='bbox 262 2657 417 2718; x_wconf 79' lang='lat' dir='ltr'><strong>retineats</strong></span> <span class='ocrx_word' id='word_1_207' title='bbox 441 2655 550 2717; x_wconf 88' lang='lat' dir='ltr'><strong>nullus</strong></span> <span class='ocrx_word' id='word_1_208' title='bbox 579 2655 657 2717; x_wconf 92' lang='lat' dir='ltr'><strong>huic</strong></span> <span class='ocrx_word' id='word_1_209' title='bbox 681 2658 736 2719; x_wconf 92' lang='lat' dir='ltr'><strong>tali</strong></span> <span class='ocrx_word' id='word_1_210' title='bbox 768 2659 909 2721; x_wconf 77' lang='lat' dir='ltr'><strong>resistat:</strong></span> <span class='ocrx_word' id='word_1_211' title='bbox 943 2661 1072 2722; x_wconf 87' lang='lat' dir='ltr'><strong>nullum</strong></span> <span class='ocrx_word' id='word_1_212' title='bbox 1091 2684 1111 2737; x_wconf 85' lang='lat' dir='ltr'><strong>¹a</strong></span> <span class='ocrx_word' id='word_1_213' title='bbox 1133 2681 1220 2743; x_wconf 91' lang='lat' dir='ltr'><strong>quo-</strong></span> 
     </span>
     <span class='ocr_line' id='line_1_29' title="bbox 98 2735 1221 2825; baseline -0.002 -18"><span class='ocrx_word' id='word_1_214' title='bbox 98 2735 181 2808; x_wconf 84' lang='lat' dir='ltr'><strong>libet</strong></span> <span class='ocrx_word' id='word_1_215' title='bbox 201 2739 277 2802; x_wconf 86' lang='lat' dir='ltr'><strong>lidei</strong></span> <span class='ocrx_word' id='word_1_216' title='bbox 298 2738 530 2800; x_wconf 81' lang='lat' dir='ltr'><strong>offendiculum</strong></span> <span class='ocrx_word' id='word_1_217' title='bbox 550 2737 679 2801; x_wconf 89' lang='lat' dir='ltr'><strong>babeat:</strong></span> <span class='ocrx_word' id='word_1_218' title='bbox 702 2742 760 2802; x_wconf 89' lang='lat' dir='ltr'><strong>sed</strong></span> <span class='ocrx_word' id='word_1_219' title='bbox 782 2761 857 2803; x_wconf 85' lang='lat' dir='ltr'><strong>mox</strong></span> <span class='ocrx_word' id='word_1_220' title='bbox 879 2751 916 2804; x_wconf 93' lang='lat' dir='ltr'><strong>ut</strong></span> <span class='ocrx_word' id='word_1_221' title='bbox 936 2765 970 2806; x_wconf 87' lang='lat' dir='ltr'><strong>ae</strong></span> <span class='ocrx_word' id='word_1_222' title='bbox 994 2753 1027 2805; x_wconf 90' lang='lat' dir='ltr'><strong>et</strong></span> <span class='ocrx_word' id='word_1_223' title='bbox 1046 2743 1221 2825; x_wconf 80' lang='lat' dir='ltr'><strong>professio·</strong></span> 
     </span>
     <span class='ocr_line' id='line_1_30' title="bbox 98 2821 1221 2903; baseline 0.001 -16"><span class='ocrx_word' id='word_1_224' title='bbox 98 2848 141 2890; x_wconf 91' lang='lat' dir='ltr'><strong>ne</strong></span> <span class='ocrx_word' id='word_1_225' title='bbox 172 2834 205 2886; x_wconf 88' lang='lat' dir='ltr'><strong>et</strong></span> <span class='ocrx_word' id='word_1_226' title='bbox 235 2821 414 2884; x_wconf 77' lang='lat' dir='ltr'><strong>insinuandi</strong></span> <span class='ocrx_word' id='word_1_227' title='bbox 447 2821 649 2883; x_wconf 87' lang='lat' dir='ltr'><strong>attestatione</strong></span> <span class='ocrx_word' id='word_1_228' title='bbox 673 2822 905 2892; x_wconf 44' lang='lat' dir='ltr'><strong>,Christianum</strong></span> <span class='ocrx_word' id='word_1_229' title='bbox 942 2827 1141 2903; x_wconf 90' lang='lat' dir='ltr'><strong>ostenderit,</strong></span> <span class='ocrx_word' id='word_1_230' title='bbox 1186 2833 1221 2888; x_wconf 91' lang='lat' dir='ltr'><strong>et</strong></span> 
     </span>
     <span class='ocr_line' id='line_1_31' title="bbox 100 2903 1219 2991; baseline 0 -21"><span class='ocrx_word' id='word_1_231' title='bbox 100 2907 310 2970; x_wconf 88' lang='lat' dir='ltr'><strong>dominorum</strong></span> <span class='ocrx_word' id='word_1_232' title='bbox 337 2925 470 2965; x_wconf 86' lang='lat' dir='ltr'><strong>suorum</strong></span> <span class='ocrx_word' id='word_1_233' title='bbox 496 2903 789 2986; x_wconf 83' lang='lat' dir='ltr'><strong>praevaricationes</strong></span> <span class='ocrx_word' id='word_1_234' title='bbox 815 2907 998 2984; x_wconf 77' lang='lat' dir='ltr'><strong>manifeste¹</strong></span> <span class='ocrx_word' id='word_1_235' title='bbox 1013 2907 1219 2991; x_wconf 90' lang='lat' dir='ltr'><strong>prodiderit,</strong></span> 
     </span>
     <span class='ocr_line' id='line_1_32' title="bbox 98 2985 1221 3067; baseline 0 -15"><span class='ocrx_word' id='word_1_236' title='bbox 98 2993 138 3052; x_wconf 87' lang='lat' dir='ltr'><strong>ab</strong></span> <span class='ocrx_word' id='word_1_237' title='bbox 160 2990 248 3052; x_wconf 90' lang='lat' dir='ltr'><strong>omui</strong></span> <span class='ocrx_word' id='word_1_238' title='bbox 275 2987 440 3052; x_wconf 76' lang='lat' dir='ltr'><strong>servitutis</strong></span> <span class='ocrx_word' id='word_1_239' title='bbox 462 2985 598 3048; x_wconf 89' lang='lat' dir='ltr'><strong>cathena</strong></span> <span class='ocrx_word' id='word_1_240' title='bbox 620 2987 710 3048; x_wconf 91' lang='lat' dir='ltr'><strong>illico</strong></span> <span class='ocrx_word' id='word_1_241' title='bbox 738 2989 881 3067; x_wconf 87' lang='lat' dir='ltr'><strong>solutus,</strong></span> <span class='ocrx_word' id='word_1_242' title='bbox 912 3011 986 3050; x_wconf 88' lang='lat' dir='ltr'><strong>cum</strong></span> <span class='ocrx_word' id='word_1_243' title='bbox 1007 2991 1096 3051; x_wconf 89' lang='lat' dir='ltr'><strong>omui</strong></span> <span class='ocrx_word' id='word_1_244' title='bbox 1121 2993 1221 3053; x_wconf 88' lang='lat' dir='ltr'><strong>etiam</strong></span> 
     </span>
     <span class='ocr_line' id='line_1_33' title="bbox 123 3060 1222 3148; baseline 0.001 -14"><span class='ocrx_word' id='word_1_245' title='bbox 123 3073 231 3136; x_wconf 88' lang='lat' dir='ltr'><strong>eculio</strong></span> <span class='ocrx_word' id='word_1_246' title='bbox 251 3095 270 3132; x_wconf 91' lang='lat' dir='ltr'><strong>a</strong></span> <span class='ocrx_word' id='word_1_247' title='bbox 291 3060 495 3136; x_wconf 79' lang='lat' dir='ltr'><strong>domino&#39;suo</strong></span> <span class='ocrx_word' id='word_1_248' title='bbox 512 3069 677 3148; x_wconf 88' lang='lat' dir='ltr'><strong>dimissus,</strong></span> <span class='ocrx_word' id='word_1_249' title='bbox 699 3070 856 3134; x_wconf 88' lang='lat' dir='ltr'><strong>libertatis</strong></span> <span class='ocrx_word' id='word_1_250' title='bbox 878 3072 940 3134; x_wconf 91' lang='lat' dir='ltr'><strong>erit</strong></span> <span class='ocrx_word' id='word_1_251' title='bbox 961 3071 1130 3137; x_wconf 87' lang='lat' dir='ltr'><strong>effectibus</strong></span> <span class='ocrx_word' id='word_1_252' title='bbox 1144 3097 1222 3136; x_wconf 91' lang='lat' dir='ltr'><strong>cou-</strong></span> 
     </span>
     <span class='ocr_line' id='line_1_34' title="bbox 97 3097 1221 3236; baseline 0.002 -19"><span class='ocrx_word' id='word_1_253' title='bbox 97 3097 285 3222; x_wconf 65' lang='lat' dir='ltr'><strong>laudandus.</strong></span> <span class='ocrx_word' id='word_1_254' title='bbox 327 3152 447 3234; x_wconf 83' lang='lat' dir='ltr'><strong>Sisque</strong></span> <span class='ocrx_word' id='word_1_255' title='bbox 477 3149 666 3236; x_wconf 86' lang='lat' dir='ltr'><strong>proveniet,</strong></span> <span class='ocrx_word' id='word_1_256' title='bbox 698 3164 735 3215; x_wconf 90' lang='lat' dir='ltr'><strong>ut</strong></span> <span class='ocrx_word' id='word_1_257' title='bbox 763 3153 797 3214; x_wconf 92' lang='lat' dir='ltr'><strong>in</strong></span> <span class='ocrx_word' id='word_1_258' title='bbox 827 3155 977 3218; x_wconf 90' lang='lat' dir='ltr'><strong>omnibus</strong></span> <span class='ocrx_word' id='word_1_259' title='bbox 1006 3157 1141 3218; x_wconf 89' lang='lat' dir='ltr'><strong>omnino</strong></span> <span class='ocrx_word' id='word_1_260' title='bbox 1164 3165 1221 3219; x_wconf 82' lang='lat' dir='ltr'><strong>re&#39;-</strong></span> 
     </span>
     <span class='ocr_line' id='line_1_35' title="bbox 97 3233 1222 3322; baseline 0.003 -21"><span class='ocrx_word' id='word_1_261' title='bbox 97 3241 159 3302; x_wconf 90' lang='lat' dir='ltr'><strong>hus</strong></span> <span class='ocrx_word' id='word_1_262' title='bbox 184 3239 264 3300; x_wconf 89' lang='lat' dir='ltr'><strong>ordo</strong></span> <span class='ocrx_word' id='word_1_263' title='bbox 291 3237 348 3299; x_wconf 87' lang='lat' dir='ltr'><strong>ille</strong></span> <span class='ocrx_word' id='word_1_264' title='bbox 371 3233 474 3296; x_wconf 87' lang='lat' dir='ltr'><strong>omnis</strong></span> <span class='ocrx_word' id='word_1_265' title='bbox 496 3234 530 3294; x_wconf 90' lang='lat' dir='ltr'><strong>iu</strong></span> <span class='ocrx_word' id='word_1_266' title='bbox 554 3256 629 3296; x_wconf 90' lang='lat' dir='ltr'><strong>eum</strong></span> <span class='ocrx_word' id='word_1_267' title='bbox 650 3235 842 3321; x_wconf 86' lang='lat' dir='ltr'><strong>impleatur,</strong></span> <span class='ocrx_word' id='word_1_268' title='bbox 872 3237 930 3322; x_wconf 87' lang='lat' dir='ltr'><strong>qui</strong></span> <span class='ocrx_word' id='word_1_269' title='bbox 960 3237 1001 3303; x_wconf 86' lang='lat' dir='ltr'><strong>de</strong></span> <span class='ocrx_word' id='word_1_270' title='bbox 1024 3237 1222 3304; x_wconf 88' lang='lat' dir='ltr'><strong>Christianis</strong></span> 
     </span>
     <span class='ocr_line' id='line_1_36' title="bbox 98 3317 562 3407; baseline -0.015 -19"><span class='ocrx_word' id='word_1_271' title='bbox 98 3319 270 3407; x_wconf 85' lang='lat' dir='ltr'><strong>mancipiis</strong></span> <span class='ocrx_word' id='word_1_272' title='bbox 291 3329 338 3384; x_wconf 91' lang='lat' dir='ltr'><strong>est</strong></span> <span class='ocrx_word' id='word_1_273' title='bbox 358 3317 562 3382; x_wconf 82' lang='lat' dir='ltr'><strong>constitutus.</strong></span> 
     </span>
    </p>
   </div>
   <div class='ocr_carea' id='block_1_6' title="bbox 362 3467 954 3534">
    <p class='ocr_par' dir='ltr' id='par_1_6' title="bbox 362 3467 954 3534">
     <span class='ocr_line' id='line_1_37' title="bbox 362 3467 954 3534; baseline 0.007 -5"><span class='ocrx_word' id='word_1_274' title='bbox 362 3467 444 3529; x_wconf 71' lang='lat' dir='ltr'><strong>xtrt</strong></span> <span class='ocrx_word' id='word_1_275' title='bbox 486 3491 549 3531; x_wconf 78' lang='lat' dir='ltr'><strong>aas.</strong></span> <span class='ocrx_word' id='word_1_276' title='bbox 595 3490 662 3534; x_wconf 82' lang='lat' dir='ltr'><strong>aas.</strong></span> <span class='ocrx_word' id='word_1_277' title='bbox 700 3487 847 3532; x_wconf 80' lang='lat' dir='ltr'><strong>narraras</strong></span> <span class='ocrx_word' id='word_1_278' title='bbox 885 3489 954 3534; x_wconf 84' lang='lat' dir='ltr'><strong>aar.</strong></span> 
     </span>
    </p>
   </div>
   <div class='ocr_carea' id='block_1_7' title="bbox 57 3607 1277 4360">
    <p class='ocr_par' dir='ltr' id='par_1_7' title="bbox 57 3607 1222 3934">
     <span class='ocr_line' id='line_1_38' title="bbox 104 3607 1222 3693; baseline 0 -21"><span class='ocrx_word' id='word_1_279' title='bbox 104 3608 153 3672; x_wconf 85' lang='lat' dir='ltr'><strong>Ne</strong></span> <span class='ocrx_word' id='word_1_280' title='bbox 174 3607 294 3670; x_wconf 80' lang='lat' dir='ltr'><strong>ludaei</strong></span> <span class='ocrx_word' id='word_1_281' title='bbox 309 3607 582 3672; x_wconf 82' lang='lat' dir='ltr'><strong>administratorio</strong></span> <span class='ocrx_word' id='word_1_282' title='bbox 603 3630 682 3687; x_wconf 85' lang='lat' dir='ltr'><strong>asa,</strong></span> <span class='ocrx_word' id='word_1_283' title='bbox 708 3609 765 3672; x_wconf 87' lang='lat' dir='ltr'><strong>sub</strong></span> <span class='ocrx_word' id='word_1_284' title='bbox 788 3607 903 3673; x_wconf 82' lang='lat' dir='ltr'><strong>ordine</strong></span> <span class='ocrx_word' id='word_1_285' title='bbox 927 3610 1105 3673; x_wconf 74' lang='lat' dir='ltr'><strong>villicorum</strong></span> <span class='ocrx_word' id='word_1_286' title='bbox 1125 3622 1222 3693; x_wconf 81' lang='lat' dir='ltr'><strong>atquc</strong></span> 
     </span>
     <span class='ocr_line' id='line_1_39' title="bbox 177 3690 1148 3774; baseline 0.001 -20"><span class='ocrx_word' id='word_1_287' title='bbox 177 3703 338 3764; x_wconf 80' lang='lat' dir='ltr'><strong>actorum,</strong></span> <span class='ocrx_word' id='word_1_288' title='bbox 370 3692 584 3752; x_wconf 78' lang='lat' dir='ltr'><strong>Christianam</strong></span> <span class='ocrx_word' id='word_1_289' title='bbox 604 3690 767 3774; x_wconf 87' lang='lat' dir='ltr'><strong>familiam</strong></span> <span class='ocrx_word' id='word_1_290' title='bbox 800 3713 907 3773; x_wconf 76' lang='lat' dir='ltr'><strong>regere</strong></span> <span class='ocrx_word' id='word_1_291' title='bbox 928 3693 1083 3764; x_wconf 80' lang='lat' dir='ltr'><strong>audeant3</strong></span> <span class='ocrx_word' id='word_1_292' title='bbox 1113 3705 1148 3755; x_wconf 87' lang='lat' dir='ltr'><strong>ct</strong></span> 
     </span>
     <span class='ocr_line' id='line_1_40' title="bbox 57 3769 1072 3871; baseline 0.003 -36"><span class='ocrx_word' id='word_1_293' title='bbox 57 3769 61 3776; x_wconf 69' lang='grc'>’</span> <span class='ocrx_word' id='word_1_294' title='bbox 258 3773 299 3836; x_wconf 84' lang='lat' dir='ltr'><strong>de</strong></span> <span class='ocrx_word' id='word_1_295' title='bbox 320 3772 468 3859; x_wconf 84' lang='lat' dir='ltr'><strong>dampnis</strong></span> <span class='ocrx_word' id='word_1_296' title='bbox 489 3795 615 3871; x_wconf 73' lang='lat' dir='ltr'><strong>eoram,</strong></span> <span class='ocrx_word' id='word_1_297' title='bbox 645 3776 702 3857; x_wconf 84' lang='lat' dir='ltr'><strong>qni</strong></span> <span class='ocrx_word' id='word_1_298' title='bbox 721 3777 771 3834; x_wconf 76' lang='lat' dir='ltr'><strong>liis</strong></span> <span class='ocrx_word' id='word_1_299' title='bbox 791 3775 870 3838; x_wconf 77' lang='lat' dir='ltr'><strong>satia</strong></span> <span class='ocrx_word' id='word_1_300' title='bbox 889 3773 1072 3840; x_wconf 79' lang='lat' dir='ltr'><strong>ordinanda</strong></span> 
     </span>
     <span class='ocr_line' id='line_1_41' title="bbox 556 3859 765 3934; baseline 0.038 -19"><span class='ocrx_word' id='word_1_301' title='bbox 556 3859 765 3934; x_wconf 75' lang='lat' dir='ltr'><strong>emunxerint.</strong></span> 
     </span>
    </p>

    <p class='ocr_par' dir='ltr' id='par_1_8' title="bbox 101 3938 1277 4360">
     <span class='ocr_line' id='line_1_42' title="bbox 184 3938 1226 4025; baseline 0.004 -21"><span class='ocrx_word' id='word_1_302' title='bbox 184 3942 219 4004; x_wconf 89' lang='lat' dir='ltr'><strong>Si</strong></span> <span class='ocrx_word' id='word_1_303' title='bbox 245 3939 319 4025; x_wconf 84' lang='lat' dir='ltr'><strong>quis</strong></span> <span class='ocrx_word' id='word_1_304' title='bbox 338 3939 530 4001; x_wconf 89' lang='lat' dir='ltr'><strong>iudaeorum</strong></span> <span class='ocrx_word' id='word_1_305' title='bbox 552 3960 570 3998; x_wconf 88' lang='lat' dir='ltr'><strong>a</strong></span> <span class='ocrx_word' id='word_1_306' title='bbox 591 3938 741 4018; x_wconf 90' lang='lat' dir='ltr'><strong>quolibet</strong></span> <span class='ocrx_word' id='word_1_307' title='bbox 767 3962 807 4003; x_wconf 82' lang='lat' dir='ltr'><strong>ex</strong></span> <span class='ocrx_word' id='word_1_308' title='bbox 828 3939 919 4004; x_wconf 88' lang='lat' dir='ltr'><strong>laicis</strong></span> <span class='ocrx_word' id='word_1_309' title='bbox 939 3939 1139 4004; x_wconf 84' lang='lat' dir='ltr'><strong>¹commissam</strong></span> <span class='ocrx_word' id='word_1_310' title='bbox 1162 3966 1226 4007; x_wconf 86' lang='lat' dir='ltr'><strong>cu-</strong></span> 
     </span>
     <span class='ocr_line' id='line_1_43' title="bbox 101 4020 1277 4108; baseline 0.001 -20"><span class='ocrx_word' id='word_1_311' title='bbox 101 4042 171 4088; x_wconf 83' lang='lat' dir='ltr'><strong>ram</strong></span> <span class='ocrx_word' id='word_1_312' title='bbox 190 4025 244 4088; x_wconf 80' lang='lat' dir='ltr'><strong>rel</strong></span> <span class='ocrx_word' id='word_1_313' title='bbox 267 4032 458 4107; x_wconf 83' lang='lat' dir='ltr'><strong>potestatem</strong></span> <span class='ocrx_word' id='word_1_314' title='bbox 478 4041 574 4105; x_wconf 81' lang='lat' dir='ltr'><strong>snpra</strong></span> <span class='ocrx_word' id='word_1_315' title='bbox 598 4020 797 4086; x_wconf 85' lang='lat' dir='ltr'><strong>Christianos</strong></span> <span class='ocrx_word' id='word_1_316' title='bbox 819 4023 998 4108; x_wconf 84' lang='lat' dir='ltr'><strong>acceperit,</strong></span> <span class='ocrx_word' id='word_1_317' title='bbox 1031 4024 1065 4086; x_wconf 95' lang='lat' dir='ltr'><strong>id</strong></span> <span class='ocrx_word' id='word_1_318' title='bbox 1096 4037 1164 4106; x_wconf 87' lang='lat' dir='ltr'><strong>est,</strong></span> <span class='ocrx_word' id='word_1_319' title='bbox 1186 4038 1227 4089; x_wconf 87' lang='lat' dir='ltr'><strong>ut</strong></span> <span class='ocrx_word' id='word_1_320' title='bbox 1274 4045 1277 4050; x_wconf 84' lang='grc'><em>·</em></span> 
     </span>
     <span class='ocr_line' id='line_1_44' title="bbox 102 4103 1226 4190; baseline 0.002 -19"><span class='ocrx_word' id='word_1_321' title='bbox 102 4105 295 4171; x_wconf 83' lang='lat' dir='ltr'><strong>Christianis</strong></span> <span class='ocrx_word' id='word_1_322' title='bbox 315 4105 446 4167; x_wconf 84' lang='lat' dir='ltr'><strong>familiis</strong></span> <span class='ocrx_word' id='word_1_323' title='bbox 467 4103 604 4187; x_wconf 75' lang='lat' dir='ltr'><strong>praesitz</strong></span> <span class='ocrx_word' id='word_1_324' title='bbox 642 4105 804 4190; x_wconf 89' lang='lat' dir='ltr'><strong>quidquid</strong></span> <span class='ocrx_word' id='word_1_325' title='bbox 830 4106 1115 4169; x_wconf 87' lang='lat' dir='ltr'><strong>administrationis</strong></span> <span class='ocrx_word' id='word_1_326' title='bbox 1143 4133 1226 4173; x_wconf 86' lang='lat' dir='ltr'><strong>suae</strong></span> 
     </span>
     <span class='ocr_line' id='line_1_45' title="bbox 102 4187 1225 4272; baseline 0.001 -20"><span class='ocrx_word' id='word_1_327' title='bbox 102 4210 182 4253; x_wconf 88' lang='lat' dir='ltr'><strong>eura</strong></span> <span class='ocrx_word' id='word_1_328' title='bbox 202 4189 289 4252; x_wconf 79' lang='lat' dir='ltr'><strong>risus</strong></span> <span class='ocrx_word' id='word_1_329' title='bbox 309 4188 412 4251; x_wconf 82' lang='lat' dir='ltr'><strong>fuerit</strong></span> <span class='ocrx_word' id='word_1_330' title='bbox 440 4187 617 4270; x_wconf 82' lang='lat' dir='ltr'><strong>imperare,</strong></span> <span class='ocrx_word' id='word_1_331' title='bbox 647 4197 751 4250; x_wconf 86' lang='lat' dir='ltr'><strong>totum</strong></span> <span class='ocrx_word' id='word_1_332' title='bbox 781 4189 858 4252; x_wconf 85' lang='lat' dir='ltr'><strong>fisco</strong></span> <span class='ocrx_word' id='word_1_333' title='bbox 888 4188 1049 4272; x_wconf 85' lang='lat' dir='ltr'><strong>adplicare</strong></span> <span class='ocrx_word' id='word_1_334' title='bbox 1077 4189 1225 4256; x_wconf 88' lang='lat' dir='ltr'><strong>debebit.</strong></span> 
     </span>
     <span class='ocr_line' id='line_1_46' title="bbox 104 4269 1226 4360; baseline 0.001 -22"><span class='ocrx_word' id='word_1_335' title='bbox 104 4277 155 4338; x_wconf 88' lang='lat' dir='ltr'><strong>Ita</strong></span> <span class='ocrx_word' id='word_1_336' title='bbox 177 4282 214 4338; x_wconf 90' lang='lat' dir='ltr'><strong>ut</strong></span> <span class='ocrx_word' id='word_1_337' title='bbox 227 4272 290 4360; x_wconf 87' lang='lat' dir='ltr'><strong>ipsi</strong></span> <span class='ocrx_word' id='word_1_338' title='bbox 311 4270 369 4358; x_wconf 85' lang='lat' dir='ltr'><strong>qui</strong></span> <span class='ocrx_word' id='word_1_339' title='bbox 391 4269 476 4336; x_wconf 88' lang='lat' dir='ltr'><strong>hauc</strong></span> <span class='ocrx_word' id='word_1_340' title='bbox 493 4270 738 4340; x_wconf 82' lang='lat' dir='ltr'><strong>administrandi</strong></span> <span class='ocrx_word' id='word_1_341' title='bbox 758 4271 962 4360; x_wconf 84' lang='lat' dir='ltr'><strong>susceperint</strong></span> <span class='ocrx_word' id='word_1_342' title='bbox 977 4293 1105 4358; x_wconf 82' lang='lat' dir='ltr'><strong>curam,</strong></span> <span class='ocrx_word' id='word_1_343' title='bbox 1128 4284 1163 4340; x_wconf 80' lang='lat' dir='ltr'><strong>et</strong></span> <span class='ocrx_word' id='word_1_344' title='bbox 1184 4277 1226 4345; x_wconf 88' lang='lat' dir='ltr'><strong>C.</strong></span> 
     </span>
    </p>
   </div>
   <div class='ocr_carea' id='block_1_8' title="bbox 0 0 1324 4838">
    <p class='ocr_par' dir='ltr' id='par_1_9' title="bbox 0 0 1324 4838">
     <span class='ocr_line' id='line_1_47' title="bbox 0 0 1324 4838; baseline 0 6"><span class='ocrx_word' id='word_1_345' title='bbox 0 0 1324 4838; x_wconf 95' lang='lat' dir='ltr'><strong> </strong></span> 
     </span>
    </p>
   </div>
  </div>
 </body>
</html>
