2640 4838
465 295 632 372 unierunt
657 315 837 371 aornams
1136 299 1208 376 729
1311 353 1313 357 -

175 448 385 522 CCXLVIIT.
434 453 469 518 Si
498 453 570 538 quis
598 476 659 539 per
691 479 821 518 murum
849 453 943 520 castri
978 455 1034 520 ant
1060 454 1209 538 civitatis,

92 545 163 608 sine
182 543 296 605 notitia
310 537 431 614 iudicis
444 540 496 602 sui
517 539 649 616 astarti,
665 550 721 602 aut
738 541 924 618 intraverit,
939 541 966 603 si
987 543 1072 613 liber
1089 552 1148 620 est,
1169 543 1212 605 sit

93 625 266 710 culpabilis
289 625 435 690 incuria
458 621 555 704 Regis
575 621 669 698 solid.
692 622 769 686 XX.
818 624 850 684 Si
870 631 976 686 autem
998 625 1122 702 aldius,
1156 634 1212 687 aut

92 731 205 774 servus
224 707 341 782 fucrit,
376 703 610 787 sit·.culpabilis
628 704 661 767 iu
683 715 774 768 curte
795 706 891 788 Regis
911 708 1004 770 solid.
1025 709 1066 771 X.
1119 709 1163 770 Et
1186 705 1213 770 si

92 791 369 933 furtupifoucrip,
402 787 538 936 gicutiu
557 787 621 852 hoc
639 789 747 854 edicto
766 789 908 874 legitur,
938 800 1111 877 componet
1131 811 1213 875 poe·-

94 897 169 938 uam
204 873 277 940 orti.
333 893 485 943 ‚.2.1.
1133 925 1138 932 .

178 954 352 1020 ccxtlx.
395 951 524 1036 Signia
544 951 725 1016 debitorem
739 951 880 1034 babens,
903 955 1051 1040 appellet
1067 977 1142 1018 euru
1164 976 1213 1018 se·

94 1042 173 1119 mel,
195 1049 228 1101 et
245 1040 310 1117 bis,
341 1045 374 1098 st
392 1044 496 1120 usqbo
515 1037 550 1096 iu
572 1037 686 1109 tertio;
715 1038 744 1100 si
762 1037 907 1100 debitum
930 1056 996 1098 non
1020 1039 1213 1120 reddiderit,

96 1135 235 1186 autnon
258 1120 492 1202 composuerit,
523 1127 600 1181 tunc
617 1118 732 1182 debeat
749 1143 824 1183 eum
842 1122 1014 1205 pignorare
1035 1124 1070 1184 iu
1093 1121 1145 1185 his
1164 1143 1215 1185 re·

95 1206 207 1270 busin
229 1205 346 1288 quibus
365 1203 537 1286 pignorare
551 1201 679 1264 licitum
700 1214 756 1265 est.
816 1204 862 1272 ll.
884 1226 985 1268 21.·r.

180 1290 272 1354 CCL,
314 1285 349 1346 Si
368 1286 441 1367 quis
457 1283 558 1346 alium
576 1279 635 1368 p'ro
656 1285 806 1368 quolibet
829 1287 939 1350 debito
957 1297 1013 1349 aut
1029 1309 1142 1365 caussa
1161 1288 1214 1374 pi-

96 1393 233 1456 gnorare
251 1367 494 1454 praesumserit,
524 1377 696 1451 antequam
720 1390 795 1432 eum
815 1370 911 1434 tertio
940 1371 1135 1456 pulsaverit,
1185 1372 1222 1432 i·
1297 1440 1299 1444 ,

97 1477 196 1538 gnus,
229 1453 318 1538 quod
335 1462 409 1514 ante
428 1449 694 1514 contestationem
714 1451 845 1535 tulerit,
875 1451 937 1526 sibi
961 1473 1085 1520 nouum
1100 1395 1215 1520 reddat

98 1540 133 1600 iu
156 1545 312 1622 potestate
329 1533 452 1598 domini
472 1533 533 1602 suit
593 1533 639 1596 ll.
662 1557 713 1602 21.
734 1555 784 1612 α,
1209 1544 1214 1552 “

181 1621 287 1684 cett.
328 1618 418 1681 Nulli
446 1616 543 1680 liccat
567 1615 666 1678 alium
690 1639 749 1700 pro
768 1617 833 1680 alio
853 1639 913 1702 pro
934 1621 1084 1704 quolibet
1105 1616 1215 1684 debito

97 1703 287 1790 pignorare,
309 1711 445 1787 excepto
464 1700 541 1778 illo,
572 1700 629 1784 qui
652 1698 842 1784 gaphansf)
870 1724 938 1764 esse
961 1704 1149 1782 invenitur,
1182 1703 1218 1765 id

100 1797 148 1849 est
166 1785 299 1848 coheres
315 1785 384 1847 eius
401 1783 597 1866 proximior,
619 1785 677 1866 qui
696 1785 747 1846 illi
766 1785 808 1860 ad
829 1785 1059 1869 hereditatem,
1081 1788 1108 1850 si
1125 1807 1219 1850 casus

100 1869 259 1946 evenerit,
280 1877 437 1930 venturas
451 1876 509 1930 est.
570 1865 616 1928 ll.
639 1888 688 1928 ar.
712 1869 742 1935 3.

184 1973 308 2039 CCLII.
350 1971 484 2056 Siquis
504 1993 564 2056 per
583 1994 725 2034 errorem
746 1973 845 2036 alium
860 1996 920 2059 pro
940 1973 1005 2035 alio
1024 1974 1219 2058 pignorave-

100 2057 144 2121 rit
164 2058 197 2117 iu
217 2077 311 2118 servo
328 2067 382 2117 aut
403 2055 533 2133 ancilla,
554 2054 598 2116 ita
619 2055 835 2136 decernimus,
857 2068 894 2119 ut
912 2067 1081 2142 postquam
1102 2081 1220 2142 cogno·

101 2141 159 2218 vit,
180 2139 269 2224 quod
289 2139 372 2199 male
392 2137 623 2222 pignorarerit‚
646 2161 720 2201 mox
733 2141 839 2222 ,ipsum
857 2141 992 2202 relaxet.
1033 2141 1120 2205 Etsi
1143 2141 1221 2224 pul·

102 2235 187 2285 satus
210 2221 309 2284 fuerit
330 2243 346 2282 a
366 2222 507 2283 Domino
527 2222 612 2284 servi
637 2223 689 2283 rel
711 2223 866 2301 ancillae,
896 2231 976 2286 tunc
995 2223 1148 2308 praebeat
1168 2247 1221 2286 sa-

104 2315 314 2382 cramentum,
361 2305 425 2366 uod
445 2325 504 2388 per
524 2324 666 2367 errorem
682 2307 807 2384 fecerit,
831 2327 905 2366 nam
922 2327 987 2369 nou
1011 2315 1079 2373 asto
1099 2307 1220 2386 animo,

102 2390 159 2452 sed
178 2388 318 2449 credidit
336 2327 515 2450 debitorem
537 2407 630 2448 suum
653 2388 858 2472 pignorasse,
887 2399 920 2451 et
940 2397 1020 2450 tunc
1040 2391 1081 2452 sit
1098 2390 1223 2453 indem-

103 2471 164 2536 nis.
205 2471 285 2532 Nam
304 2469 329 2531 si
353 2473 459 2553 plagas
477 2477 532 2530 aut
549 2472 658 2532 feritas
672 2472 788 2534 fecerit
807 2472 841 2532 in
860 2472 964 2558 ipsum
983 2471 1114 2558 pignus,
1130 2495 1222 2536 com-

102 2564 213 2640 ponat,
234 2553 318 2616 sicut
336 2547 369 2614 in
387 2551 450 2614 hoc
472 2553 578 2614 edicto
598 2554 728 2637 legitur.
769 2555 812 2616 Et
834 2553 859 2616 si
885 2565 1121 2622 sacramentum
1144 2555 1221 2619 dare

103 2659 170 2698 uon
191 2636 430 2720 praesumserit,
451 2636 540 2717 quod
558 2658 617 2720 per
632 2659 775 2702 errorem
794 2635 1015 2724 pignorasset,
1035 2637 1151 2702 reddat
1168 2637 1222 2724 pi-

104 2743 185 2806 gnus
202 2721 236 2816 5¹¹,
258 2717 398 2804 acto'gilt.
461 2717 507 2782 ll.
530 2741 579 2786 αι.
599 2720 631 2800 4.
1211 2751 1214 2762 ·

188 2829 332 2890 CCLIII.
383 2826 418 2890 Si
441 2826 515 2911 quis
538 2850 649 2912 greges
672 2849 829 2911 equarum
854 2829 923 2893 sire
948 2851 1123 2914 porcorum
1151 2827 1223 2892 siue

103 2910 248 2974 iussione
267 2910 363 2994 Regis
381 2909 525 2994 pignoris
542 2911 671 2974 nomine
691 2911 878 2991 abstulerit,
901 2913 958 2974 ille
977 2915 1069 2997 prior
1085 2921 1141 2974 aut
1158 2934 1225 2974 mo·

104 2996 219 3071 riatur,
242 3004 297 3054 aut
319 3005 490 3075 componat
511 2994 631 3056 solidos
650 2995 801 3058 DCCCC.
825 2996 969 3058 medium
988 2995 1086 3078 Regi,
1107 3004 1140 3058 et
1159 3017 1224 3055 uae-

107 3078 198 3139 diurn
219 3075 272 3138 cui
292 3076 409 3158 pignus
428 3076 612 3154 abstulerit:
645 3086 678 3138 et
697 3077 748 3138 illi
769 3077 825 3159 qui
846 3101 920 3140 curn
942 3077 999 3140 illo
1026 3078 1167 3154 fuerint,
1196 3075 1224 3139 si

107 3168 213 3220 tamen
235 3157 330 3220 liberi
345 3158 420 3237 sint,
441 3169 613 3242 componat
629 3160 853 3243 unusquisque
869 3161 990 3224 solidos
1007 3159 1141 3225 LXXX.
1158 3181 1224 3221 me·

108 3241 198 3302 dium
214 3241 305 3322 Regi,
326 3251 358 3301 et
375 3242 517 3302 medium
533 3243 602 3320 illi,
624 3264 721 3322 quem
742 3243 966 3326 pignoraverit
979 3253 1016 3304 ut
1034 3265 1141 3324 supra.
1182 3242 1225 3304 Et

107 3323 135 3386 si
153 3323 236 3385 servi
258 3323 425 3384 dominum
443 3325 544 3386 secuti
565 3325 688 3386 fuerint
708 3325 741 3386 iu
767 3325 1000 3408 compositione
1025 3324 1151 3386 domiui
1173 3323 1225 3387 sui

108 3415 329 3487 computetur:
352 3407 480 3488 culpam
495 3406 582 3468 enim
601 3408 681 3473 fecit
699 3408 860 3485 domiuus,
879 3429 954 3468 nam
970 3408 1149 3487 conservi,
1166 3407 1227 3492 qui

108 3489 277 3554 dominum
300 3511 394 3550 suum
415 3488 518 3551 secuti
541 3499 625 3550 sunt.
694 3490 739 3552 ll.
760 3511 809 3554 21.
832 3491 862 3554 5.

178 3589 257 3624 rona.
294 3574 373 3625 Petre
396 3580 425 3624 te
446 3573 567 3644 appellat
583 3572 735 3635 Martinus,
756 3572 831 3644 quod
857 3581 888 3625 tu
907 3571 997 3626 tulisti
1021 3571 1073 3626 ribi
1091 3572 1150 3626 siue
1167 3572 1227 3628 ius-

108 3641 185 3694 sione
203 3641 281 3722 Regis
298 3643 328 3695 in
347 3642 459 3696 nomine
478 3643 594 3714 pigneris
612 3662 698 3696 unum
716 3660 795 3695 suum
820 3659 926 3709 gregem
945 3643 980 3696 dc
1002 3642 1150 3706 iumentis,
1177 3652 1227 3698 aut

110 3713 145 3765 de
162 3729 260 3835 piiiectib
281 3789 310 3833 te
329 3783 451 3852 appellat
473 3781 625 3845 Martinus,
654 3782 729 3851 qnod
746 3782 846 3834 Paulus
865 3782 931 3838 tulit
955 3781 984 3834 iu
1001 3780 1114 3834 nomine
1131 3781 1227 3852 pigne·

108 3853 344 3976 giusuprpgrngussuum
362 3868 467 3919 gregem
485 3853 520 3906 da
537 3853 637 3924 porcis,
656 3860 684 3904 et
704 3860 739 3948 tu¹
754 3851 830 3905 fuisti
847 3870 909 3908 cum
926 3853 1000 3926 ipso,
1029 3861 1078 3906 ant
1102 3854 1227 3906 Donatus

196 3993 342 4056 CCLIV.
384 3991 418 4054 Si
440 3991 512 4074 quis
536 3992 675 4056 caballos
696 3991 850 4076 domitos,
872 4002 928 4058 aut
941 3991 1060 4074 bores,
1082 4001 1138 4060 aut
1156 4013 1227 4060 rac·

175 4232 263 4308 sibl.
283 4233 370 4288 Codd.
388 4230 547 4308 gasandus5
566 4233 696 4309 gafrurrd.
