2648 4874
264 283 377 344 uncis
395 285 688 347 wssscorucnnsr
705 284 772 344 ms.
789 288 827 342 11.
844 285 915 346 nr.
935 287 994 350 nn
1108 271 1182 348 447

64 425 160 492 soluti
183 424 343 506 licentia,
365 425 504 512 legalem
523 423 682 511 fugiendo
701 447 889 508 censuram,
917 426 957 489 ad
979 431 1181 494 convenien-

63 512 125 573 tiae
146 509 250 573 linem
271 509 450 590 deducere,
470 531 569 594 qnam
583 511 679 594 Regis
694 510 860 574 auditibus
873 512 1078 596 protulerant
1092 537 1184 583 caus·

61 615 139 661 sam.
182 593 233 656 Ne
254 614 333 676 ergo
354 593 415 659 sub
432 591 555 657 fraudis
575 591 674 656 huius
701 601 901 656 sacramento
930 615 1002 680 pars
1030 618 1182 665 caussan-

6 729 9 736 ,
60 675 146 738 tium
174 675 364 739 iudicialem
394 675 459 738 fori
488 675 683 759 aequitatem
710 675 863 760 effugiat,
900 676 973 739 ideo
1002 681 1186 761 praesentis¹

62 759 145 844 legis
166 758 336 822 sanctione
357 756 582 836 decernimus,
604 768 640 822 nt
660 758 850 844 quicunque
871 755 1023 842 deinceps
1039 783 1180 826 caussam

61 865 156 906 suam
175 843 269 928 regio
290 840 488 905 intimaverit
509 839 645 904 culmini
665 839 923 923 decernendam,
944 841 1035 904 nulla
1052 847 1184 920 rasione,

63 947 99 988 se
121 926 164 988 de
184 924 310 988 iudicio
330 923 536 1003 submoveat,
557 945 619 987 nec
640 923 818 1007 quamlibet
830 946 904 988 cum
920 946 979 988 sno
995 924 1179 992 adversario

63 1007 334 1073 convenientiam
360 1015 452 1092 aget,
485 1005 544 1070 sed
572 1007 693 1072 tamdiu
713 1007 820 1092 coepti
841 1005 963 1092 negotii
983 1011 1179 1094 propositio-

62 1113 140 1154 nem
161 1089 332 1169 intendat‚
352 1091 457 1154 donec
476 1086 594 1187 regalis
614 1089 787 1153 clementia
805 1091 944 1174 speciale
966 1091 1109 1175 partibas
1131 1095 1180 1158 iu-

62 1175 190 1236 dicium
206 1182 342 1259 promat.
384 1172 483 1254 Quod
505 1194 532 1235 ss
553 1172 740 1236 inchoatum
762 1173 928 1256 negotium
948 1195 1056 1240 coram
1078 1175 1178 1240 Prin-

62 1257 158 1342 cipe,
182 1257 238 1319 vel
253 1278 335 1344 quos
350 1254 437 1318 idem
449 1254 607 1341 Princeps
627 1255 759 1318 arbitrio
773 1277 832 1318 suo
848 1255 1000 1340 elegerit,
1023 1260 1177 1356 expedire

62 1338 270 1423 neglexerit,
298 1348 331 1402 et
348 1358 577 1424 quamcunque
597 1360 672 1400 cum
690 1359 749 1400 suo
771 1337 934 1401 causidico
952 1338 1178 1405 definitionem

61 1421 247 1507 peregerit,
278 1433 344 1485 tam
362 1421 483 1507 petitor
509 1443 606 1504 quam
626 1419 771 1506 pulsatus
796 1429 921 1483 tantum
945 1423 1051 1506 regine
1073 1433 1178 1512 potes·

62 1504 122 1568 tati
142 1505 332 1590 persolvere
349 1526 383 1568 se
405 1503 579 1582 noverint,
600 1512 758 1590 qnantum
776 1502 833 1566 ille
848 1503 941 1566 cuius
959 1507 1073 1600 petitio
1091 1507 1178 1570 exti-

62 1587 161 1666 terit,
190 1609 250 1672 pro
268 1610 379 1652 caussa
401 1587 471 1672 ipsa
488 1587 681 1670 conquirere
701 1595 843 1671 poterats
871 1585 915 1650 ita
935 1586 1110 1670 videlicet,
1140 1599 1176 1654 ut

61 1669 153 1754 quod
164 1669 255 1754 regia
267 1678 408 1755 potestas
428 1666 546 1732 exinde
565 1669 672 1734 facere
688 1669 741 1731 vel
758 1667 903 1731 indicere
921 1668 1118 1754 decreverit,
1138 1673 1175 1735 in

61 1753 197 1817 arbitrio
212 1751 386 1816 voluntatis
399 1773 475 1815 snae
490 1749 660 1816 subiaceat.
701 1751 807 1814 Simili
828 1772 959 1836 qaoque
981 1751 1121 1838 dampno
1139 1765 1175 1819 st

60 1835 114 1898 illi
128 1835 309 1902 mulctandi
325 1845 419 1912 sunt,
441 1834 499 1932 qni
521 1834 626 1922 iurgia
638 1834 859 1898 intentionum
873 1853 1004 1897 suarum
1025 1837 1173 1900 iudiciali

60 1927 220 2002 appetunt
237 1918 385 1980 examine
405 1917 549 1982 finienda
558 1961 571 1992 ‚
593 1926 716 2002 etpost
733 1939 860 1981 caussae
885 1914 1015 1979 initium
1029 1942 1175 1983 renuen-

60 2010 109 2063 tes
131 2000 291 2063 indicium
316 2001 357 2064 de
379 2000 530 2065 inchoato
550 2000 824 2085 praesumpserint
847 1999 989 2063 intense
1011 1999 1174 2088 depactirs

60 2084 204 2166 negotio.
246 2083 300 2146 Sic
315 2093 498 2181 quoquest
514 2092 578 2144 tarn
595 2083 695 2146 iudex
715 2104 813 2168 quam
831 2081 899 2144 saio
918 2082 1049 2168 dampni
1074 2083 1175 2166 ipsius

60 2165 305 2228 exsolutionem
322 2175 409 2230 enter
425 2189 459 2230 se
473 2166 620 2229 dividere
637 2164 791 2244 debeant,
813 2184 872 2226 suo
897 2183 937 2227 ue
956 2165 1020 2228 iuri
1045 2163 1176 2228 habitu·

61 2269 132 2309 ram
154 2247 331 2312 obtineant.
372 2246 517 2330 Quodsi
539 2248 600 2335 ipsi
623 2247 778 2311 causidici
797 2185 1063 2311 nonqbabnerint
1085 2249 1174 2312 ande

62 2329 241 2414 dampnum
259 2330 363 2414 ipsum
380 2330 585 2415 persolvant,
604 2339 756 2394 centenos
770 2331 853 2392 ictus
869 2329 1077 2415 flagellorum
1095 2333 1174 2394 utri·

61 2434 128 2498 que
150 2413 328 2496 accipiant:
351 2414 447 2477 etsie
466 2411 574 2476 denuo
588 2413 692 2478 'iudex
713 2414 769 2476 ille
788 2432 932 2475 caussam
948 2413 1049 2500 ipsam
1061 2417 1174 2477 termi-

61 2495 166 2558 nandi
190 2495 352 2568 licentiam
370 2495 495 2564 hebeat.
535 2497 615 2559 Illos
631 2495 823 2558 tantundem
845 2517 864 2556 a
883 2494 963 2578 legis
985 2497 1082 2560 liuius
1105 2497 1173 2561 iac·

58 2589 136 2640 tura
155 2578 347 2664 indempnes
372 2579 529 2658 efficiant,
558 2579 676 2661 quibus
703 2587 758 2640 aut
776 2576 865 2662 regia
887 2577 985 2640 iussio
1006 2579 1172 2642 licentiam

2 2689 4 2693 ·
59 2659 307 2724 deliberationis
334 2661 523 2740 indulserit,
553 2671 608 2724 snt
629 2683 710 2744 quos
736 2659 835 2724 iudex
862 2659 919 2724 ille
948 2661 1172 2746 quicanssam

60 2743 235 2824 terminat,
256 2745 342 2809 inter
356 2767 391 2809 se
411 2743 627 2832 pacificandos
648 2743 832 2810 absolverit.

176 2927 267 3000 Tru.
292 2927 361 3000 III.
412 2927 471 3002 De
495 2927 772 3002 Mendetcribus
795 2939 832 3000 et
857 2925 1052 3006 Mandatis.
1130 2907 1134 2914 ¹

444 3090 470 3157 1.
509 3111 571 3158 sss.
599 3109 687 3157 aens.
720 3111 788 3158 sax.

61 3199 162 3296 prod
174 3198 362 3286 Principum
376 3209 407 3262 ct
421 3199 649 3284 Episcoporum
663 3197 788 3276 negotio
802 3216 865 3260 non
876 3219 937 3285 per
949 3223 1019 3288 cos,
1039 3207 1170 3294 sedper
1249 3227 1253 3234 ·

421 3280 566 3343 subditos
588 3281 651 3341 sint
671 3279 804 3359 agendo.
1233 3295 1234 3299 ’

137 3365 332 3448 Magnorum
349 3363 530 3427 culminum
548 3361 796 3439 'excellentiam
818 3375 940 3447 quanto
956 3371 1094 3454 negotiis
1111 3394 1167 3435 rc·-

54 3468 128 3510 rnm
146 3447 224 3509 darc
251 3447 408 3512 indicium
434 3447 546 3524 decet,
577 3452 670 3505 tanto
692 3444 895 3527 negotiorum
924 3453 1080 3517 molestiis
1096 3477 1165 3518 περ

53 3529 224 3614 implicare
239 3551 306 3591 non
328 3531 434 3594 debet.
473 3528 509 3590 si
523 3547 600 3611 ergo
613 3527 800 3611 Principem
819 3530 870 3593 vel
882 3531 1077 3618 Episcopum
1090 3560 1166 3601 cum

54 3612 220 3696 aliquibus
239 3609 548 3676 constiterithabere
568 3609 753 3692 negotium,
782 3609 842 3694 ipsi
860 3635 917 3696 pro
935 3615 1000 3679 suis
1018 3621 1165 3704 personis

54 3695 199 3778 eligant,
221 3695 338 3778 quibus
360 3692 488 3778 negotia
507 3713 564 3754 sua
585 3693 722 3754 dicenda
739 3694 953 3764 committant:
976 3705 1052 3782 qnia
1068 3705 1164 3768 tantis

52 3775 253 3840 culminibus
269 3777 375 3840 videri
390 3773 510 3860 poterit
533 3776 729 3837 contumelia
754 3776 907 3862 irrogari,
930 3781 957 3843 si
974 3787 1085 3846 contra
1108 3811 1164 3851 eos
1246 3789 1250 3803 '

52 3860 152 3922 vilior
172 3880 314 3944 persona
337 3859 372 3920 in
398 3857 654 3920 contradictione
675 3879 801 3921 caussae
830 3859 978 3927 videatur
1006 3869 1165 3935 assistere.

52 3945 206 4005 Ceterum
226 3951 259 4004 et
277 3941 305 4004 si
321 3943 392 4004 Rex
407 3940 549 4004 voluerit
566 3939 608 4002 de
627 3961 663 4001 re
683 3941 830 4024 qualibet
846 3941 1098 4028 propositionem
1117 3976 1163 4016 as.

50 4047 195 4104 sumere,
218 4024 297 4107 quis
313 4025 375 4088 erit
394 4023 451 4107 qui
469 4022 501 4086 ei
518 4021 635 4100 audeat
653 4024 817 4085 ullatenus
841 4031 1019 4092 resultus?
1047 4034 1161 4116 ltaque

51 4128 89 4170 ne
106 4106 299 4192 magnitudo
323 4105 475 4170 culminis
494 4105 565 4167 eius
581 4115 717 4166 evacuet
736 4107 901 4174 veritatem
911 4155 923 4192 ,
946 4135 1011 4178 non
1033 4135 1093 4200 per
1115 4137 1160 4193 se,

50 4191 104 4256 sed
122 4213 184 4278 per
199 4187 347 4256 subditos
364 4195 437 4278 agat
457 4187 622 4278 negotium
637 4187 782 4256 actionis.
