2632 4822
134 219 206 298 782
415 237 637 296 sturmium
665 239 790 294 iacun
814 241 879 296 ms.
899 243 946 299 vr.

215 374 318 442 tht.
360 377 437 454 (IX.
448 381 469 452 l.
509 377 921 461 Recolimusqualiteriam
940 383 1129 466 statuimus,
1148 396 1256 475 utqui
1313 375 1314 378 Ἴ

129 461 296 526 homiuem
323 460 463 520 liberum
491 459 640 522 occidere
661 465 920 545 praesumpserit,
941 487 994 528 res
1015 491 1089 530 suas
1114 471 1150 531 in
1175 474 1254 538 inte-

131 568 225 630 grum
246 544 367 628 perdat.
409 543 450 603 Et
471 547 529 624 qui
550 563 584 602 se
605 543 814 605 defendendo
842 546 982 607 liberum
1004 549 1179 614 hominem
1202 580 1254 618 oc-

131 627 259 705 ciderit,
281 635 452 708 componat
472 624 652 694 secundum
667 626 854 707 qualitatem
868 650 1036 711 personae.
1078 636 1181 699 Nunc
1199 663 1253 700 au·

129 722 196 776 tem
216 719 358 772 statuere
381 708 608 791 praevidimus,
622 710 783 790 quomodo
794 710 835 771 sit
846 711 918 792 ipsa·
934 715 1075 794 qualitas
1099 722 1253 782 conside·

129 794 239 858 reuda.
283 789 491 852 Consuetudo
513 790 600 850 enim
622 800 688 867 ost,
717 801 753 852 nt
772 815 831 876 pro
852 794 984 855 minima
1005 819 1150 878 persona
1172 825 1251 885 quae

130 876 312 940 exercitalis
341 873 436 935 lroruo
469 873 633 934 iuvenitur
664 895 753 952 esse,
784 876 848 940 CL.
877 877 969 942 solid.
1000 897 1249 964 componantur,

131 971 163 1022 ot
185 980 242 1039 pro
264 979 313 1034 eo,
336 955 393 1039 qui
416 956 537 1037 primus
559 949 622 1030 esi,
645 957 737 1022 CCC.
759 958 851 1018 solid.
899 962 948 1020 De
984 963 1145 1043 gasindiis
1175 991 1249 1029 vero
1313 979 1314 982 ’

130 1040 248 1104 uostris
270 1041 439 1117 volumus,
471 1047 508 1098 ut
528 1037 726 1120 quicumque
757 1061 798 1101 ex
824 1040 965 1102 minimis
991 1045 1123 1106 occisus
1150 1050 1248 1112 fuerit

128 1125 162 1185 in
186 1123 242 1183 tali
265 1123 400 1200 ordine,
429 1141 551 1202 proco
581 1121 670 1202 quod
694 1122 785 1184 uobis
807 1122 969 1184 deservire
1001 1127 1159 1208 videtur,
1188 1135 1247 1200 CC.
1313 1173 1314 1176 =

130 1207 189 1271 sol.
210 1206 263 1265 liat
282 1203 503 1286 compositus.-
523 1203 661 1264 maiores
684 1225 761 1265 vero
785 1207 963 1267 secundnm
979 1209 1088 1288 qualis
1112 1235 1248 1294 persona

127 1289 246 1364 suerit,
282 1295 317 1348 nt
340 1287 374 1346 in
398 1295 505 1346 nostra
527 1284 794 1363 consideratione,
809 1289 860 1348 vel
879 1309 1105 1352 successorum
1128 1313 1248 1358 nostro·

128 1393 202 1434 rum
224 1371 338 1432 debeat
359 1389 559 1451 permanere,
580 1365 744 1449 'quomodo
762 1391 861 1453 usque
884 1371 924 1432 ad
945 1374 1040 1436 CCC.
1062 1377 1160 1440 solid.
1182 1379 1247 1464 ipsa

127 1454 243 1518 debeat
264 1451 440 1524 ascendere
465 1451 665 1532 compositio.
752 1452 777 1513 1.
799 1473 829 1534 9.
851 1471 899 1518 ar.

206 1561 325 1624 LXlll.
369 1559 446 1636 (Χ.)
491 1557 615 1640 siquis
634 1557 852 1620 testimonium
874 1561 991 1623 falsum
1005 1574 1246 1652 contraquem.

127 1668 258 1729 cunque
281 1643 472 1719 reddiderit,
495 1651 550 1702 aut
576 1641 609 1700 in
631 1641 740 1702 charta
762 1644 840 1704 falsa
861 1644 972 1720 sciens,
989 1669 1125 1711 manum
1150 1676 1246 1733 posu.

128 1730 215 1806 erit,
239 1738 271 1789 et
303 1728 369 1805 ipsa
395 1728 480 1786 fraus
502 1723 702 1784 manifestata
731 1725 852 1802 fuerit,
886 1740 1059 1812 componat
1090 1735 1247 1819 widrigilt

126 1833 220 1874 suum
242 1810 383 1870 medium
402 1807 505 1890 Regi,
527 1817 560 1868 et
577 1806 719 1868 medium
739 1809 787 1884 ei,
811 1807 901 1871 cuius
923 1832 1035 1872 caussa
1053 1815 1167 1882 fuerit·
1208 1821 1248 1878 Et

126 1893 246 1958 titulis
277 1912 413 1972 persona
444 1889 559 1965 fuerit,
591 1909 673 1970 quae
707 1911 773 1951 nou
795 1885 909 1952 habeat
928 1896 1016 1955 unde
1049 1908 1246 1982 componat,

126 1967 205 2038 lunc
233 1975 383 2060 publicus
411 1971 525 2042 debeat
555 1992 628 2031 enm
657 1971 731 2032 dare
763 1994 820 2054 pro
841 1995 933 2035 servo
966 1977 1000 2036 in
1025 2001 1125 2042 manu
1152 1983 1242 2061 eius,

125 2056 447 2143 cuiculpamfec113
479 2063 510 2114 et
531 2053 599 2135 ipse
619 2053 650 2114 ei
682 2055 843 2116 deserviat
872 2057 954 2118 sicut
976 2081 1100 2129 servus.
1144 2065 1187 2125 Et
1202 2067 1246 2148 ip.

94 2205 96 2214 ,
126 2164 172 2221 se,
194 2143 252 2225 qui
266 2141 366 2201 alium
386 2146 477 2219 rogat
498 2135 715 2197 testimonium
731 2137 846 2199 salsum
862 2139 981 2219 dicere,
999 2155 1054 2204 aut
1075 2168 1134 2226 pro
1154 2169 1245 2208 caus.

126 2247 161 2288 sa
181 2248 238 2288 sua
260 2244 389 2284 manum
419 2221 452 2279 in
477 2218 586 2279 charta
606 2218 685 2280 falsa
706 2240 842 2301 ponere,
866 2223 910 2283 sic
933 2238 1125 2308 componat,
1157 2231 1243 2291 sicut

127 2317 224 2370 testes
246 2308 330 2389 ipsos
349 2305 445 2364 falsos
468 2302 615 2362 iussimus
639 2323 852 2383 componere;
874 2327 933 2386 pro
950 2329 1000 2386 eo,
1022 2312 1114 2392 quod
1136 2312 1245 2394 ipsum

126 2393 246 2450 malum
267 2410 326 2471 per
347 2387 453 2467 ipsum
473 2385 536 2445 fuit
557 2383 751 2444 inchoatum.
816 2385 859 2448 ll.
874 2389 922 2452 51.
945 2410 968 2450 r.

195 2490 275 2523 nonu.
311 2473 389 2522 Petre
402 2477 430 2520 te
444 2467 565 2538 appellat
578 2466 720 2531 Martinus,
739 2469 814 2538 quod
831 2480 861 2522 tu
881 2480 958 2523 tenes
975 2471 1027 2522 sibi
1049 2475 1121 2526 malo
1142 2477 1241 2530 ¹ordine

125 2541 161 2596 D.
180 2559 259 2593 suum
277 2539 488 2592 ministerialem.
535 2540 625 2606 Ipsum
644 2551 749 2589 servum
777 2540 885 2609 dequo
904 2550 935 2592 tu
955 2541 1048 2594 dicis?
1073 2561 1119 2610 ego
1145 2545 1240 2599 haheo

125 2629 278 2682 possessum
296 2627 344 2678 per
360 2610 442 2662 XXX.
462 2625 546 2660 annos
565 2608 600 2658 ad
618 2608 760 2676 proprium.
804 2612 883 2664 Potes
907 2611 1022 2680 probare
1040 2622 1113 2666 tuam
1131 2635 1241 2686 posses-

125 2679 252 2734 sionem?
280 2682 326 2732 Sic
343 2697 458 2748 possum.
497 2676 634 2728 Davadia
652 2677 686 2727 dc
703 2679 826 2747 probare,
846 2688 927 2740 etta
946 2683 981 2732 da
1004 2684 1084 2736 vadi,
1113 2687 1148 2738 de
1176 2689 1241 2757 Pla,

126 2752 198 2814 cito,
228 2758 257 2802 et
281 2749 434 2801 decontra.
472 2749 570 2799 Doune
588 2747 693 2809 Comes,
717 2747 769 2800 hoc
787 2749 856 2802 dicit
881 2753 1024 2814 Martinus,
1045 2756 1120 2822 qnod
1137 2757 1167 2807 in
1183 2775 1243 2808 rne-

124 2822 173 2874 dio
198 2822 292 2872 Mense
320 2819 432 2884 Augusti
461 2817 610 2885 appellavit
632 2833 693 2866 eum
720 2820 836 2881 Petrus,
863 2822 1018 2892 quodipse
1044 2825 1161 2878 tenebat
1186 2827 1239 2878 ,ibi

125 2893 198 2944 malo
218 2892 249 2942 D.
268 2905 347 2940 sunm
366 2886 579 2946 ministerialem,
600 2893 629 2938 st
646 2887 799 2955 ipsedixit,
826 2891 901 2958 quod
921 2908 969 2959 per
987 2893 1067 2944 XXX.
1088 2913 1175 2947 arrnos
1194 2898 1241 2948 ha·

124 2962 210 3016 bebat
227 2975 378 3029 possessum
398 2957 432 3008 ud
449 2953 595 3024 proprium,
620 2964 648 3007 et
674 2956 727 3009 luit
750 2959 930 3027 interrogatus
955 2961 977 3012 si
1004 2975 1096 3030 posset
1123 2967 1238 3034 probare

124 3051 201 3088 suam
218 3028 427 3102 possessionem,
443 3034 471 3077 et
488 3026 546 3094 ipse
564 3024 643 3087 dixit,
661 3027 737 3095 quod
752 3028 789 3080 sic
807 3031 936 3096 potuerit,
957 3039 984 3082 et
1008 3033 1086 3086 dedit
1103 3037 1186 3088 vadia
1205 3038 1239 3088 de

122 3103 249 3177 probare,
270 3109 297 3152 et
315 3099 395 3151 modo
416 3105 457 3149 est
479 3103 587 3166 paratus
607 3112 674 3164 cnm!
688 3097 741 3147 suis
759 3099 875 3151 testibus
895 3101 1136 3170 adprobandum,
1167 3108 1240 3164 sicut

43 3177 45 3184 .
120 3174 202 3230 dedit
219 3171 339 3224 vadium.
376 3167 503 3230 lllartine,
522 3163 591 3218 dieis
610 3172 642 3218 tu
664 3164 723 3218 ita?
761 3168 807 3221 Sic
832 3170 912 3234 dico;
938 3181 966 3223 et
992 3181 1023 3224 tu
1050 3167 1181 3245 recepisti
1201 3179 1240 3229 ita

124 3241 230 3303 vadia?
259 3241 304 3293 Sic
322 3239 423 3308 recepi.

197 3315 275 3365 Petre
291 3321 318 3363 te
332 3310 453 3380 appellat
468 3305 619 3366 Martinus,
647 3304 722 3374 quod
738 3314 769 3359 tu
791 3315 868 3361 tenes
892 3308 943 3363 sibi
967 3311 1039 3362 malo
1064 3311 1163 3366 ordine
1180 3323 1241 3366 ter·

125 3403 181 3438 ram
198 3384 227 3433 iu
245 3382 296 3432 tali
314 3381 385 3432 loco.
422 3381 483 3446 lpsa
503 3385 573 3428 terra
599 3391 658 3426 ruea
681 3377 787 3447 propria
806 3389 846 3434 est
866 3397 914 3448 per
940 3389 1040 3433 cartam
1067 3400 1152 3452 quarn
1172 3385 1240 3436 mihi

125 3455 193 3508 fecit
210 3461 287 3522 pater
305 3462 376 3503 tuus.
412 3448 491 3500 Falsa
509 3455 548 3498 est
565 3445 623 3514 ipsa
641 3454 722 3498 carta.
757 3448 804 3499 Vis
823 3450 847 3500 ei
863 3449 967 3502 andire?
1001 3453 1081 3504 Volo.
1117 3454 1241 3508 vadjate

125 3542 251 3598 pugnam.
288 3524 365 3573 Petre
383 3530 412 3573 te
430 3518 550 3588 appellat
570 3514 720 3578 Martinus,
744 3519 818 3586 quod
838 3527 869 3570 tu
893 3529 921 3571 te
942 3521 1046 3574 sciente
1063 3521 1161 3574 misisti
1181 3543 1242 3576 ma-

126 3614 193 3649 num
211 3595 239 3644 iu
261 3592 346 3662 ipsam
365 3599 466 3643 cartam
484 3588 588 3647 falsam,
608 3603 689 3654 quarn
710 3588 819 3640 Marcus
838 3590 957 3642 ostendit
976 3602 1069 3644 contra
1089 3610 1168 3656 enm,
1190 3603 1243 3646 aut

125 3663 267 3720 reddidisti
290 3661 386 3714 falsum
403 3658 587 3713 testimonium
606 3664 699 3707 contra
725 3675 803 3719 eum,
829 3669 876 3711 aut
901 3663 998 3726 rogasti
1023 3663 1108 3714 alium
1137 3664 1241 3715 salsum

17 3779 20 3787 ,
73 3760 80 3770 ·
126 3736 311 3790 testimonium
336 3733 427 3784 dicere
445 3730 570 3782 adversus
589 3741 661 3790 enm,
688 3735 736 3780 aut
751 3727 890 3800 imponere
909 3729 993 3783 alium
1009 3731 1040 3784 in
1061 3741 1136 3786 carta
1155 3734 1239 3796 falsa,

129 3823 202 3879 qnae
224 3812 283 3858 erat
300 3802 425 3858 adversus
443 3818 514 3852 enm.

198 3972 311 4030 uncas
330 3960 530 4024 surranum
547 3965 652 4020 inicis
680 3965 727 4018 nn
744 3965 840 4019 luno
858 3967 966 4022 anoni
985 3943 1067 4025 irus
1086 3971 1166 4026 rur.

210 4101 380 4193 Lutprund
410 4104 445 4163 in
473 4099 591 4160 Christi
619 4100 744 4160 nomine
784 4099 854 4159 Rex
872 4105 982 4193 ,gentis
1005 4105 1241 4186 Longobardo.

129 4217 217 4274 rum,
239 4211 322 4254 anno
344 4187 433 4268 regui
448 4185 509 4247 mei
533 4183 626 4244 XIII.
648 4181 700 4243 die
720 4181 930 4246 Calendarum
957 4187 1163 4272 Martiarum,
1185 4194 1240 4254 Ιη.
