2640 4838
279 265 385 326 ercss
412 245 709 326 wrsscosaoasn
734 260 798 317 sm.
824 261 887 318 xn.
910 262 985 318 rm
1010 262 1064 318 m.
1165 241 1238 322 ddi

120 414 265 482 cesiones
285 403 440 494 usurpet:
471 415 552 470 tunc
578 403 727 502 sacerdos
750 381 818 490 ipse
845 398 885 466 ab
913 403 977 468 boc
997 381 1250 502 honore'd'epde

120 500 212 580 situs,
233 495 335 561 exilio
356 493 421 556 erit
441 501 600 575 perpetuo
621 489 865 590 mancipandus.
969 515 973 538 κ

368 607 473 672 XXII.
522 627 585 667 rus.
627 626 710 674 cns.⁴
733 625 880 706 pavidius
922 627 992 672 aex.
1062 663 1097 674 ,Α

125 721 167 786 Ut
185 721 362 805 quicunqne
389 713 545 776 Iudaeum
569 734 673 774 seeum
700 712 919 794 obsequentem
949 708 1118 794 hebuerit,
1132 731 1247 804 'expes‘-

226 814 309 865 sente
329 797 492 860 sacerdote
514 817 585 864 enm
607 792 696 881 apud
715 815 747 854 se
768 796 991 876 retinerenon
1011 797 1140 868 nudent„

201 912 238 976 Si
262 908 336 993 quis
358 906 515 968 laicorum
548 925 762 988 quoscunque
786 926 826 966 ex
849 905 997 984 ludaeis,
1027 906 1138 992 ripum,
1157 906 1252 988 scili--

11 1028 14 1034 ·
123 1005 177 1060 cet
190 995 244 1059 rel
257 990 442 1069 foeminam,
463 1011 572 1050 secum
595 987 810 1068 obsequentes
831 981 995 1066 habuerit,
1011 991 1066 1053 vel
1088 991 1126 1050 in'
1142 995 1247 1075 patro-

122 1079 211 1143 cinio
231 1072 425 1152 retinuerit,
455 1082 488 1134 et
507 1073 632 1134 sublato
655 1091 696 1131 ex
717 1070 763 1131 eis
783 1071 980 1147 Pontificum
1011 1074 1064 1135 vel
1099 1077 1247 1137 sacerdo·

122 1173 193 1226 tum
214 1154 399 1243 privilegio,
421 1155 546 1239 privata
569 1175 623 1217 eos
644 1151 705 1216 sibi
725 1163 882 1235 potestate
905 1155 1111 1236 defenderit,
1136 1179 1245 1242 neque

123 1266 178 1308 eos
199 1243 242 1304 ad
260 1236 457 1324 Episcopum
477 1239 531 1300 vel
553 1237 752 1300 sacerdotem
766 1236 880 1298 diebus
899 1236 1014 1301 debitis
1037 1235 1246 1302 instruendos

109 1327 178 1406 ¹vel
196 1322 389 1386 indicandos
406 1321 582 1383 remiserit:
601 1320 945 1382 excommunicationis
958 1321 997 1382 ab
1019 1323 1133 1405 eodem
1149 1323 1247 1407 Epis'·

123 1425 217 1494 copo,
239 1405 294 1469 cni
315 1405 350 1465 id
369 1404 498 1481 fecerit,
514 1404 673 1466 sententia
695 1402 842 1482 feriatur,
866 1415 899 1466 et
916 1405 1040 1466 amissis
1063 1407 1141 1482 illis,
1164 1413 1246 1490 quo's

121 1491 292 1556 vindicare
314 1485 574 1563 nititur,.trium
595 1487 751 1548 librarum
771 1486 843 1547 auri
865 1489 1057 1549 multatione
1079 1512 1140 1572 pro
1161 1479 1248 1551 unel-

120 1593 253 1660 quoqne
276 1570 512 1656 dampnabitur,
524 1591 606 1656 quae
627 1568 772 1655 partibus
790 1569 953 1656 Principis
974 1573 1164 1656 profuturae
1178 1595 1248 1634 ma.-

122 1658 264 1723 nebunt.

367 1763 482 1828 XXIII.
523 1784 586 1824 ens.
628 1781 694 1824 ets.
734 1783 883 1826 renierus
926 1785 996 1832 nex.

190 1874 233 1939 Ut
251 1890 329 1936 ostra
350 1871 452 1934 omnis
474 1851 690 2010 distring‘qnlqli
710 1866 847 1929 Iudaeos
868 1871 945 1932 solis
967 1867 1186 1933 sacerdotibus

627 1971 643 2008 e
666 1962 766 2010 entnr.

120 2090 121 2093 ,
208 2041 334 2102 Horum
362 2035 508 2098 omnium
534 2043 781 2115 praeceptorum
812 2031 1029 2116 multiplicem
1056 2056 1188 2116 curem,
1217 2043 1251 2098 et

126 2123 343 2190 exercendam
368 2120 404 2181 in
429 2116 565 2202 perfidis*
590 2115 812 2198 disciplinam,
845 2117 919 2178 illos
950 2128 1059 2180 nostra
1089 2121 1251 2202 gloriaest

127 2209 285 2294 impleant
306 2203 516 2276 exhortatur,
538 2199 656 2281 quibus
677 2199 711 2259 id
733 2200 894 2282 egendum
927 2199 1038 2262 divina
1060 2204 1253 2266 anctoritate

21 2321 26 2331 ·
128 2289 349 2356 committitur.
404 2284 459 2346 Ait
481 2281 569 2344 enim
598 2281 728 2364 spiritus
759 2283 841 2361 ille,
873 2284 966 2344 cuius
994 2285 1105 2346 orbem
1136 2286 1254 2350 veritas

129 2375 266 2458 implet:
297 2369 437 2431 Stabunt
457 2365 638 2427 sacerdotes
660 2365 694 2425 in
717 2363 848 2426 indiciis
872 2367 973 2446 meis,
1001 2379 1034 2428 ct
1061 2369 1256 2433 iudicabunt
1311 2382 1316 2394 ’

130 2460 218 2541 leges
246 2475 353 2532 meas,
384 2457 555 2535 praecepte
584 2468 666 2508 mea.
719 2448 862 2509 Proinde
896 2449 936 2510 de
966 2451 1055 2511 omni
1087 2452 1254 2514 sacerdote

128 2541 211 2602 buec
231 2536 397 2619 implenda
419 2531 644 2608 decernimus,
673 2530 716 2591 ita
748 2540 786 2590 ut
813 2531 941 2593 nullum
971 2535 1166 2596 ludaeorum
1193 2554 1256 2620 pro

128 2625 196 2686 ritu
216 2642 274 2684 sno
296 2618 436 2700 patiatur
456 2615 495 2675 ab
517 2614 628 2696 aliquo
650 2613 802 2684 defendi,
836 2615 966 2676 nullum
987 2618 1090 2679 tueri:
1119 2619 1178 2680 sed·
1199 2636 1255 2681 ex-

131 2714 253 2788 emptos
276 2702 315 2764 ab
337 2721 450 2763 eorum
471 2695 671 2780 patrociniis,
686 2717 825 2778 quornm
847 2700 934 2758 tueri
955 2699 1258 2764 fenoribns'vlden.

129 2798 196 2865 tur,
217 2787 252 2847 in
274 2783 440 2869 potestatis
454 2801 529 2842 suae
552 2801 662 2840 ceram
680 2778 837 2858 redactos,
853 2801 914 2863 pro
932 2803 1044 2843 eornm
1064 2779 1255 2866 salvatldne,

131 2871 212 2953 qnid
233 2869 299 2930 illis
321 2865 480 2929 catholice
503 2862 665 2946 agendum
686 2861 770 2923 forte
793 2865 977 2942 conveniat,
1002 2866 1179 2950 diligenter
1200 2870 1257 2930 ie-

131 2955 274 3016 stitnant.
317 2950 423 3031 Atque
445 2947 480 3007 in
502 2944 566 3006 hoc
588 2943 737 3004 illiserit
758 2946 1034 3027 sollicitiorcure,
1060 2971 1102 3010 ne
1119 2951 1153 3009 in
1180 2953 1253 3034 qui.

130 3035 274 3098 buslibet
293 3028 485 3114 supradictis
516 3027 665 3112 capitulis
686 3025 768 3090 haec
789 3029 950 3092 institutio
971 3032 1153 3095 serenitatis
1174 3055 1255 3097 nos·

130 3123 363 3200 traetepescat

369 3194 497 3259 XXIV.
538 3217 601 3261 res.
643 3215 710 3272 cns.
751 3217 896 3260 eumerus
939 3217 1008 3260 nex.

132 3309 182 3370 De
204 3304 351 3390 dampnis
380 3305 581 3366 sacerdotnm
610 3303 660 3365 vel
685 3302 848 3375 indicum,
879 3307 935 3388 qni
961 3308 995 3366 in
1023 3305 1154 3372 Indaeis
1175 3331 1249 3378 con·

364 3390 474 3449 stitnte
494 3389 596 3467 legum
623 3385 799 3467 adimplere
824 3385 1016 3450 distulerint.

216 3470 462 3535 Consulendnm
478 3481 524 3532 est
547 3471 600 3552 pie
623 3469 841 3530 sacerdotibus
857 3469 1023 3533 Ecclesiae
1039 3473 1113 3554 Dei,
1132 3497 1173 3538 ne
1190 3500 1250 3562 pro
1276 3512 1281 3532 ,

134 3555 356 3640 delinquentis
386 3553 500 3638 populi
532 3552 724 3636 impunitate
750 3561 931 3618 teneantur,
954 3552 1097 3623 obnoxii.
1161 3558 1253 3640 Quid

134 3641 222 3704 enim
243 3639 374 3724 prodest
394 3637 421 3700 si
442 3659 507 3698 non
529 3636 687 3720 puniatur
707 3635 844 3718 quisque
865 3656 936 3714 suo,
956 3658 1031 3698 curn
1051 3648 1158 3704 tamen
1174 3667 1251 3732 pos-

100 3785 103 3802 ,
133 3726 177 3786 sit
195 3723 303 3784 alieno
325 3720 437 3806 puniri
458 3721 612 3801 peccato?
653 3719 695 3779 Et
713 3718 788 3779 ideo
811 3718 852 3778 ad
875 3717 993 3780 horum
1017 3723 1133 3784 talium
1155 3725 1253 3797 incu-

132 3807 214 3868 riam
234 3804 438 3881 excitandam
459 3803 557 3864 huius
575 3800 814 3883 praeceptionis
835 3802 1003 3865 sanctione
1034 3805 1252 3891 decernimus,

133 3899 172 3949 ut
190 3889 217 3949 si
238 3888 395 3970 quislibet
413 3885 629 3962 Pontificum,
665 3893 721 3944 ant
742 3883 918 3966 cupiditate
941 3885 1080 3952 inlectus
1108 3903 1164 3954 aut
1184 3880 1255 3957 ma-

133 3970 242 4052 lignae
265 3967 439 4032 voluntatis
460 3967 587 4028 incuria
608 3965 747 4049 tepidus,
768 3966 932 4050 praedicta
952 3967 1057 4050 haec,
1080 3995 1163 4057 qnae
1186 3977 1256 4040 visa

135 4061 212 4113 sunt
235 4050 268 4110 in
290 4050 420 4111 Indaeis
443 4049 584 4125 decreta,
607 4049 836 4134 contempserit
857 4051 1046 4136 adimplere,
1069 4058 1196 4122 scilicet
1216 4071 1253 4124 nt

136 4135 261 4196 detecta
281 4134 335 4196 rel
357 4132 503 4192 nuntiata
525 4131 653 4194 sibimet
674 4143 776 4194 errata
794 4131 963 4216 perfidiae,
989 4137 1080 4200 nulla
1101 4141 1255 4207 videatur

135 4211 316 4301 aequitatis
333 4235 470 4278 censure
498 4216 682 4300 corrigere:
715 4223 747 4278 et
768 4217 866 4279 trium
887 4217 1048 4282 mensium
1068 4245 1255 4290 excommu-
