2640 4838
269 259 373 324 tt'cls
392 235 765 370 wlsloornonnn'mn
786 271 849 330 ΧΗ,
863 265 939 328 TIT.
954 273 996 336 (11.
1120 261 1196 336 631*
1213 211 1233 240 1¹

75 406 155 470 illos
176 414 213 468 ut
231 406 398 490 pulverem
419 428 607 486 excussum,
637 417 693 468 aut
714 409 822 472 delere
844 420 880 471 ut
901 411 1008 474 lutam
1027 415 1203 484 sordidum¹

71 493 263 576 platearum.
299 491 411 560 vCerte
443 500 498 552 aut
528 492 567 552 de
597 491 661 552 illis
684 501 717 553 et
739 493 815 554 fidei
838 494 1030 576 conquirere
1052 499 1197 578 lucrum,

74 586 110 637 et
131 573 251 656 gloriae
272 572 333 632 Dei
357 574 430 634 dare
451 573 659 657 trophaeum:
696 582 732 635 ut
761 576 838 636 dum
860 577 973 638 fideles
995 581 1136 664 populos·
1154 583 1191 648 in,

74 657 244 740 religionis
267 675 373 716 sacrae
395 677 472 739 pace
494 657 709 754 possederim,
748 667 843 739 atque
878 659 1027 722 infideles
1049 664 1089 725 ad
1112 687 1192 725 con-

75 739 220 801 cordiam
238 736 409 819 religiosae
431 760 518 823 pacis
540 740 747 818 adduxerim,
771 741 904 802 etmihi
927 741 1050 805 crescat
1068 745 1103 806 in
1121 739 1202 830 glot

74 823 124 884 ria
153 821 348 904 praemium:
384 831 421 884 ut
458 821 609 886 virtutem
641 823 705 885 Dei
735 823 886 901 dilatem,
927 832 1023 908 alque
1057 850 1191 912 augeam

75 927 223 990 regnum.

415 1053 461 1121 ΙΙ.
500 1076 561 1118 rus.
583 1077 648 1123 aas.
669 1077 755 1119 scos.
775 1077 846 1120 nux.

231 1170 282 1231 De
301 1171 440 1232 omnium
463 1173 625 1233 haeresum
647 1173 810 1235 erroribus
831 1169 1031 1235 abdicandis.
1133 1184 1135 1196 '

154 1274 291 1337 Divinae
312 1277 436 1340 virtutis
459 1287 625 1340 aeternum
647 1277 839 1356 consilium,
874 1287 906 1342 et
928 1271 967 1340 ¹in
996 1271 1187 1343 ultimorum

72 1354 154 1420 serie
176 1359 359 1420 seculorum
379 1361 508 1444 pietatis
530 1360 597 1422 eius
617 1361 795 1422 revelatum
815 1383 985 1440 arcanum,
1007 1383 1066 1446 per
1085 1354 1196 1436 retro?

70 1448 142 1500 acta
183 1440 309 1502 dierum
338 1452 482 1526 tempora
522 1454 668 1522 omnem,
713 1452 750 1504 ut
785 1445 965 1521 cernimus,
1004 1467 1022 1504 a
1056 1443 1195 1504 cunctis'

70 1521 173 1593 n'ostri
200 1525 364 1606 regiminis
397 1527 532 1604 finibus,
565 1533 597 1586 et
622 1527 791 1608 perfidiam
805 1527 976 1611 dissipavit
997 1525 1189 1610 errantium,

70 1615 103 1668 et
125 1607 308 1687 dogmatum
329 1607 486 1669 abdicavit
521 1617 701 1670 commenta
729 1632 908 1692 pravorum.
959 1609 1193 1689 Veruntamen-⁴

70 1709 111 1772 ne
136 1689 213 1748 dum
236 1692 351 1751 nostris
373 1693 573 1752 consistimus
595 1693 627 1750 in
651 1691 782 1769 diebus,
813 1702 936 1774 tempus
958 1691 1043 1752 illud
1065 1684 1194 1751 occur-l’

67 1780 133 1848 rat,
155 1771 195 1832 de
218 1794 282 1853 quo
303 1796 357 1834 vas
380 1775 549 1834 electionis
571 1773 648 1834 olim
670 1773 824 1856 protulit,
847 1775 978 1835 dicens:
1007 1773 1077 1833 Erit
1097 1767 1191 1851 terriess

67 1875 147 1937 pus,
169 1876 233 1936 quo
259 1877 368 1916 sanam
390 1857 568 1917 doctrinam
590 1877 654 1916 non
678 1857 898 1917 sustinebunt:
922 1856 979 1918 sed
1000 1850 1192 1916 secundunl'

66 1958 125 1998 sua
146 1935 302 1998 desideria
324 1941 556 2000 coacervabunt
577 1939 637 2000 sibi
657 1938 821 2022 magistros
840 1940 1022 2022 prurientes
1040 1933 1193 2019 auribus,·'

67 2025 101 2080 e't
122 2040 140 2077 a
165 2019 296 2081 veritate
327 2022 459 2103 quidem
489 2015 634 2082 auditum
662 2031 821 2100 avertent,
852 2022 893 2082 ad
920 2021 1044 2082 fabulas
1072 2014 1193 2084 antemi

66 2110 305 2163 convertentur.
359 2105 521 2166 Convenit
551 2114 583 2166 et
604 2125 641 2165 ea
671 2124 752 2187 quae
781 2103 814 2164 in
838 2103 911 2163 lnce
934 2103 1011 2163 fidei
1033 2097 1192 2185 manent?

64 2206 84 2244 a
104 2185 246 2245 tenebris
268 2186 561 2248 contradictionum
583 2186 689 2248 edicto
720 2186 816 2268 legali
847 2185 1040 2256 defendere;
1078 2187 1118 2244 e't'
1140 2184 1185 2266 ea'¹

64 2286 147 2362 quae
171 2267 289 2328 exoriri
313 2268 404 2329 obvia
431 2270 537 2329 forsan
567 2290 656 2330 error
683 2268 860 2352 impulerit,
892 2269 988 2351 gestis
1019 2261 1190 2350 legalibus

7 2417 8 2420 Ἴ
62 2350 262 2432 propulsare.
304 2351 419 2412 Nullu‘s
442 2351 549 2433 itaque
573 2351 744 2413 cuiuslibet
759 2352 868 2435 'gentis
890 2361 943 2411 ant
965 2347 1186 2434 generis'hoss'

29 2491 32 2496 Α
65 2453 137 2508 mo,
169 2432 317 2515 proprius
339 2443 371 2493 et
391 2434 532 2511 advena,
561 2434 740 2516 proselytus
762 2443 794 2495 et
814 2433 986 2518 indigena,
1020 2427 1186 2493 extermis*

66 2523 99 2576 et
128 2514 251 2591 incola,
290 2524 401 2576 contra
429 2538 550 2578 sacram
576 2525 608 2578 et
635 2515 840 2599 singulariter
866 2521 964 2576 uriam
987 2513 1186 2599 Catholicae¹

63 2596 205 2660 veritatis
227 2598 324 2657 fidem
356 2621 564 2682 quascunque
597 2598 709 2660 noxias
738 2598 992 2683 disputationes,
1035 2597 1174 2680 eandem

64 2680 164 2740 fidem
184 2679 385 2764 impugnans,
407 2683 511 2764 palam
532 2681 741 2764 pertinaciter
761 2693 815 2742 aut
836 2688 1023 2742 constanter
1036 2677 1089 2740 vel
1103 2677 1187 2762 'pigo-l

63 2763 164 2836 ferat,
185 2763 236 2822 vel
254 2765 397 2845 proferre
415 2765 549 2826 silenter
572 2772 745 2846 attemptet.
786 2763 904 2826 Nullus
924 2761 1093 2846 Evangelii
1115 2757 1181 2822 (lenv

62 2852 150 2914 creta
172 2844 344 2908 convellat.
383 2848 498 2908 Nullus
518 2847 704 2930 Apostolica
725 2846 872 2908 instituta
896 2846 1057 2928 decerpat.
1097 2839 1185 2904 Nat-‘³

61 2926 113 2987 lus
134 2926 339 3008 antiquorum
359 2940 485 3012 patrum
515 2929 810 3012 impugnationibus
842 2928 906 2990 suis
927 2923 1030 2990 sacras
1054 2921 1185 2988 uelint-¹

61 3010 166 3072 tiones
198 3009 360 3092 irrumpat.
420 3012 534 3074 Nullus
570 3013 796 3073 modernorum
828 3009 1052 3072 disserentium
1092 3024 1183 3078 cons

61 3101 213 3174 gruentes
235 3094 311 3155 fidei
333 3101 484 3156 tractatus
505 3103 644 3177 spernet.
666 3095 798 3160 ,Nullus
823 3103 933 3155 contra
955 3111 1051 3152 omne
1076 3106 1174 3150 sanc-

61 3183 132 3235 tum
155 3175 296 3251 dictum,
318 3177 370 3238 vel
391 3198 485 3238 verae
507 3172 584 3240 fidei
604 3187 856 3254 sacramentum,
886 3185 939 3235 ant
961 3171 1174 3254 cogitationes,

58 3257 201 3318 ruminet
217 3259 333 3333 cordis,
353 3269 409 3318 aut
429 3262 525 3321 verba
544 3260 646 3343 patuli
667 3261 808 3342 proferat
829 3259 902 3319 oris.
943 3259 1015 3318 Non
1039 3255 1073 3312 in
1097 3257 1179 3342 con-⁴

59 3339 251 3402 tradictione
274 3343 525 3404 controversiam
557 3342 697 3426 pertidus
726 3342 844 3402 excitet
871 3337 1065 3422 pervicacis,
1103 3346 1181 3423 non

59 3420 272 3504 improbitatis
304 3425 512 3488 contentione
543 3427 643 3488 ,litem
674 3432 789 3485 statuat
823 3420 1029 3485 adversantis.
1090 3417 1171 3479 Nam
1273 3427 1275 3431 ’

60 3525 275 3588 quaecunque
296 3529 433 3592 persona
463 3529 502 3571 ex
531 3509 580 3571 his
608 3508 642 3568 in
666 3505 790 3568 cunctis
813 3506 881 3567 istis
902 3503 1009 3566 vetitis
1031 3499 1173 3586 extiterit

60 3587 276 3668 deprehensa,
299 3588 459 3673 siquidem
480 3614 521 3653 ex
541 3611 735 3673 quacunque
757 3587 922 3672 religionis
937 3593 1092 3670 potestate
1117 3582 1173 3646 vel

59 3670 172 3731 ordine
204 3672 320 3748 fuerit,
356 3675 470 3736 amisse
498 3675 564 3735 loci
593 3683 624 3735 et
647 3671 811 3755 dignitatis
832 3672 975 3746 honore,
1011 3661 1179 3752 perpetuo}

56 3753 161 3814 reatui
183 3756 245 3815 erit
266 3757 438 3835 obnoxius,
458 3779 566 3819 rerum
587 3757 682 3818 etiam
699 3762 884 3815 cunctarum
903 3751 1073 3812 amissione
1090 3747 1173 3808 mul-

56 3843 149 3895 tatus.
191 3838 225 3898 Si
242 3860 317 3900 vero
340 3861 381 3900 ex
401 3841 493 3902 laicis
515 3839 670 3918 extiterit,
688 3846 720 3899 et
740 3837 865 3898 honore
888 3836 1011 3899 solutus
1032 3839 1064 3892 et
1084 3831 1170 3908 loco,

57 3917 146 3978 omni
167 3940 276 3982 rerum
298 3923 359 3984 erit
380 3924 582 4006 possessione
606 3921 763 3990 nudatns;
799 3919 842 3980 ita
869 3929 905 3980 ut
937 3916 1041 3978 omnis
1064 3922 1172 4004 transf

56 4021 183 4082 grassor
204 4006 378 4068 sanctionis
400 4004 510 4084 istius,
542 4014 596 4066 ant
616 4012 747 4064 aeterno
769 4003 870 4064 exilio
893 4000 1092 4082 mancipatus
1117 3997 1170 4056 in-

54 4092 172 4162 tereat,
204 4098 257 4148 aut
289 4088 397 4151 divina
420 4087 627 4152 miseratione
644 4096 830 4172 respectus,
856 4109 874 4146 a
894 4070 1169 4172 praeuaricatione

58 4177 280 4248 convertatur,
306 4181 338 4232 et
358 4171 454 4233 vivat.
925 4179 932 4192 '
