2648 4874
221 307 328 366 srars
345 307 638 370 wrsroorsonms
664 311 730 368 ιιι
749 311 788 367 ιι.
806 309 879 368 ιιι.
898 308 921 364 ι.
1116 293 1191 376 ⁴³⁷

76 444 131 530 qni
162 467 237 510 eam
258 458 333 512 ante
354 449 442 514 risus
468 449 582 522 fueras,
600 449 788 533 possedisse.
829 447 936 516 ludex
961 467 1039 514 saue
1062 447 1104 513 ds
1125 471 1192 515 om·

73 531 172 592 nibus
199 532 342 605 caussis,
380 555 459 614 quas
490 533 704 611 iudicaverit,
745 532 911 622 epemplur
935 552 1036 617 penes
1065 553 1100 598 se
1130 553 1190 622 pro

73 615 322 697 compescendis
344 614 575 680 controversiis
597 636 761 681 reservare
783 615 920 680 curabit.

282 797 389 862 XXV.
429 820 526 866 sorr.
553 821 606 864 ru.
635 822 697 864 sss.
718 821 782 864 oss.
804 821 890 864 cros.
909 819 978 866 ιιι.

172 948 225 1008 De
251 947 425 1011 commodis
457 960 550 1032 utque
574 945 721 1031 dampnis
744 945 860 1010 iudicis
881 944 937 1010 oet
956 945 1084 1015 ιαίοιιίι.

154 1031 376 1112 Cognosimus
398 1030 516 1093 multos
545 1030 689 1108 iudices,
729 1052 767 1093 eo
795 1029 884 1113 quod
911 1050 972 1113 per
1001 1030 1187 1112 cupiditatis

69 1113 278 1175 occasionem
298 1112 579 1197 supergredientes
597 1113 707 1195 legum
728 1111 893 1190 ordinem,
923 1133 964 1174 ex
984 1113 1104 1175 caussis
1125 1122 1188 1176 ter-

68 1195 149 1256 tiam
171 1195 234 1257 sibi
256 1204 476 1279 praesumunt
489 1195 606 1260 tollere
628 1203 769 1276 partem:
799 1202 970 1279 propterea
991 1216 1079 1257 nune
1095 1218 1187 1280 prae·

68 1279 158 1340 senti
180 1279 252 1361 lege
274 1279 501 1354 constituitur,
530 1287 566 1339 ut
584 1277 665 1338 baec
685 1278 759 1340 talis
786 1277 931 1340 iudicum
950 1277 1109 1360 cupiditas
1132 1300 1187 1342 au-

68 1361 218 1438 feratur,
249 1370 281 1424 et
303 1383 375 1422 non
391 1361 528 1442 amplius
550 1361 647 1422 index
667 1382 727 1443 pro
748 1360 857 1423 labore
878 1380 961 1438 sno,
990 1369 1022 1421 et
1048 1381 1109 1443 pro
1130 1361 1184 1423 iu·

67 1442 174 1510 dicata
190 1465 300 1508 caussa
322 1443 523 1525 selegitime
537 1443 732 1526 deliberata,
753 1465 849 1526 quam
869 1441 953 1504 sicut
973 1441 1184 1512 coustitutum

63 1525 174 1586 fuerat
208 1526 243 1587 in
285 1527 357 1609 lege
392 1526 514 1609 priori,
556 1527 596 1588 de
625 1525 695 1586 XX.
726 1525 837 1588 solidis
872 1523 1064 1608 vigesimum
1102 1526 1183 1588 soli-

64 1607 146 1668 dum
170 1612 359 1691 praesumat
388 1609 544 1691 accipere.
581 1608 678 1687 Quod
698 1608 725 1670 si
747 1629 938 1691 quacunque
961 1609 1075 1669 fraude
1096 1608 1183 1692 quis·

67 1712 167 1772 quam
189 1713 287 1774 super
308 1692 397 1752 hunc
420 1712 590 1751 numerum
615 1691 688 1774 plus
709 1694 835 1753 auferre
856 1689 1083 1773 temptaverit,
1113 1711 1181 1755 om·
1293 1720 1296 1734 ι

66 1794 121 1832 nra
149 1795 234 1856 quae
256 1774 401 1856 legitime
430 1773 583 1836 debuerat
613 1773 777 1857 accipere,
807 1774 929 1855 perdat.
980 1772 1068 1834 lllud
1101 1795 1182 1838 vero

66 1856 156 1936 quod
185 1855 306 1918 iniuste
336 1865 445 1918 contra
465 1855 562 1921 huius
591 1855 673 1939 legis
701 1855 847 1917 ordinem
875 1876 970 1938 super
991 1855 1182 1937 vigesimum

18 1941 22 1947 ’
66 1938 210 1998 solidum
231 1939 361 2016 tulerit,
385 1939 519 2022 duplum
540 1938 590 1999 illi
612 1939 774 2016 exsolvat,
796 1937 848 1999 cui
868 1937 932 2000 hoc
950 1937 1070 1998 auferri
1092 1960 1182 2020 prae·

67 2030 208 2102 ceperat.
230 2021 389 2083 Similiter
401 2041 530 2107 quoque
549 2021 625 2103 quia
638 2021 862 2104 cognorimus,
883 2019 972 2102 quod
984 2019 1109 2081 saiones
1122 2020 1181 2102 qui

66 2125 128 2185 pro
150 2105 272 2164 caussis
294 2105 408 2166 alienis
436 2106 575 2182 radunt,
597 2104 733 2175 maiores
757 2125 816 2186 pro
839 2103 946 2163 labore
975 2123 1033 2164 suo
1055 2124 1180 2164 merce-

69 2187 144 2262 des,
173 2208 271 2266 quam
295 2195 477 2264 merentur,
505 2183 688 2270 accipiunt,
715 2196 883 2267 propterea
902 2184 998 2246 simili
1020 2185 1181 2246 modode-

69 2277 160 2330 creto
185 2268 283 2331 huius
310 2271 392 2352 legis
416 2271 584 2347 adiicitur,
616 2277 659 2330 ut.
679 2269 736 2351 qui
757 2288 817 2351 pro
839 2269 955 2329 caussis
982 2267 1096 2330 alienis
1125 2290 1179 2330 va-

69 2353 173 2426 dunt,
202 2351 366 2413 decimum
393 2353 583 2432 tantundem
604 2351 760 2434 solidum,
791 2374 850 2434 pro
879 2373 937 2412 suo
966 2349 1075 2412 labore
1098 2372 1178 2412 con-

65 2432 211 2514 quirant.
259 2435 358 2513 Quod
380 2436 407 2496 si
430 2435 545 2517 aliquis
566 2433 983 2518 superhuncconstitutum
1006 2453 1179 2494 numerum

65 2537 224 2597 usurpare
239 2517 507 2600 praesumpserit,
530 2528 562 2580 et
586 2517 769 2595 mercedes,
798 2539 877 2600 quas
902 2515 1045 2600 legitime
1066 2515 1179 2578 debuit

64 2599 236 2678 accipere,
257 2600 387 2682 perdat,
409 2610 442 2661 et
461 2599 621 2684 quidquid
643 2621 743 2682 snper
755 2601 914 2662 decimum
933 2599 1073 2660 solidum
1091 2599 1178 2661 frau-

64 2681 105 2741 de
129 2702 335 2764 quacunque.
347 2684 547 2765 perceperit,
571 2683 705 2764 duplum
725 2681 796 2760 illi,
819 2682 871 2745 coi
898 2681 1029 2744 abstulit
1054 2681 1177 2750 reddat.

63 2764 172 2840 Quam
189 2765 295 2826 datam
315 2766 473 2828 commodi
488 2787 641 2830 summam
660 2787 700 2827 ex
719 2764 791 2847 lege
809 2774 871 2826 tam
882 2763 980 2828 iudex
996 2785 1092 2846 quam
1109 2764 1176 2826 saio

63 2845 105 2904 dc
124 2848 290 2908 restitutae
315 2845 614 2929 rei'compositione
641 2849 845 2930 conquirant.
888 2847 928 2910 ld
952 2856 1057 2908 tamen
1081 2847 1178 2908 nori·

63 2936 116 2988 ter
149 2929 370 2991 adiiciendum
397 2931 475 2996 huic
502 2931 567 3014 legi
598 2929 813 3007 innectimus,
848 2940 885 2993 ut
916 2929 942 2992 si
972 2929 1043 2991 talis
1067 2951 1177 2993 caussa

64 3014 261 3087 occurrerit,
299 3014 386 3075 unde
416 3015 604 3096 compositio
631 3012 754 3086 exsolvi
787 3011 918 3076 minime
946 3013 1060 3094 possit,
1095 3019 1176 3075 tuno

65 3094 185 3153 abillo
209 3095 291 3156 ratio
318 3099 514 3178 praescripta
547 3096 704 3160 commodi
730 3093 888 3178 exigenda
917 3105 963 3156 est
987 3095 1103 3156 indicis
1123 3095 1177 3158 rel

64 3175 202 3254 saionis,
234 3178 290 3259 qui
313 3189 369 3240 aut
390 3181 619 3242 commodatam
643 3177 703 3241 sibi
725 3199 794 3238 rem
821 3177 996 3240 constituto
1024 3177 1076 3238 die
1100 3179 1178 3240 red·

65 3259 142 3319 dere
172 3280 237 3319 non
272 3263 466 3338 occurrerit,
499 3274 554 3325 aut
575 3263 632 3344 qui
656 3260 704 3322 rei
726 3261 849 3322 alienae
875 3261 1020 3339 debitor,
1051 3261 1104 3322 vel
1129 3261 1178 3320 iu·

63 3340 168 3402 iustus
191 3363 354 3422 possessor
375 3345 527 3406 extiterit.
568 3348 631 3408 Pro
653 3343 854 3405 celebrandis
876 3355 982 3404 autem
1011 3341 1176 3406 divisioni·

62 3422 143 3500 bus,
182 3427 208 3485 si
232 3447 339 3488 caussa
361 3428 523 3505 extiterit,
556 3428 618 3488 iam
647 3447 778 3510 quoque
809 3426 834 3486 si
868 3437 1002 3508 utraque
1027 3447 1099 3510 pars
1127 3425 1176 3486 rei

62 3509 279 3586 competentia
307 3509 368 3590 sibi
403 3509 474 3570 iura
506 3509 671 3594 reposcit,
711 3519 744 3570 et
778 3508 917 3571 debitam
952 3509 1013 3570 sibi
1051 3518 1175 3592 partem

58 3588 221 3671 portionis
246 3592 402 3674 requirit,
433 3593 474 3654 ab
496 3594 641 3676 utrisque
669 3591 811 3672 partibus
842 3591 1005 3674 praedicta
1033 3612 1176 3653 commo-

61 3671 103 3730 da
132 3671 291 3753 exigenda
323 3685 408 3740 sunt,
450 3675 607 3737 Similiter
633 3685 738 3735 autern
766 3685 799 3736 et
824 3674 858 3734 in
882 3668 1064 3736 huiusmodi
1086 3696 1176 3738 caus-

60 3753 123 3829 sis,
145 3755 210 3820 ,ubi
241 3758 332 3817 nulla
359 3765 405 3818 est
430 3759 524 3843 eulpa
546 3757 813 3841 praesumptionis
840 3768 1008 3838 usurpata,
1039 3758 1091 3819 vel
1115 3759 1175 3819 de-

57 3836 164 3896 bitum
182 3859 416 3918 possessorum,
440 3841 493 3902 hic
514 3843 597 3902 ordo
614 3840 809 3914 servabitur,
839 3851 875 3901 ut
896 3841 1097 3902 commodum
1122 3842 1174 3906 iu-

59 3920 140 3981 dicis
163 3920 216 3981 vel
247 3924 387 3998 saionis,
424 3925 463 3984 de
487 3924 633 4004 utrisque
656 3922 871 3984 caussantinm
895 3924 1039 4006 partibus
1063 3925 1174 4004 exiga-

59 4012 122 4064 tur.
184 4005 282 4080 Quod
314 4006 340 4066 si
369 4006 562 4068 divisionem
589 4005 727 4087 quisque
753 4007 887 4086 cupiens
911 4006 1092 4079 celebrare,
1128 4003 1176 4065 di·

59 4085 214 4146 lationem
240 4087 279 4147 ab
301 4088 422 4148 herede
439 4111 497 4149 suo
514 4091 703 4173 pertulerit:
726 4111 799 4150 cum
823 4089 903 4150 haec
926 4110 1035 4150 sarissa
1057 4088 1095 4147 ab
1114 4107 1172 4164 eo,

59 4168 116 4248 qui
147 4169 342 4230 dilationem
378 4173 533 4252 pertulit,
564 4172 662 4233 iudici
696 4172 841 4230 intimata
875 4171 1033 4241 extiterit,
1064 4170 1102 4230 ab
1133 4186 1173 4230 eo
1250 4193 1252 4197 ·

58 4249 156 4316 iudex
183 4253 392 4315 commodum
423 4253 536 4334 suum,
577 4255 629 4317 rel
651 4254 779 4316 saionis
811 4253 941 4337 exigere
970 4252 1084 4332 debet,
1113 4251 1172 4338 qui

469 4346 473 4349 ‘
565 4341 573 4365 'l
