2684 4868
309 276 416 336 mors
433 277 724 342 wrsroornouun
743 279 806 338 uu.
825 281 873 365 ys.
892 279 966 338 nr.
983 281 1007 335 1.
1151 261 1227 340 537

400 416 448 486 ΙΙ.
491 439 555 487 ηε,
587 441 674 484 caus.
696 441 766 488 nes.
797 443 846 488 su.
879 443 933 484 ers.

102 565 175 632 Pro
195 561 310 648 quibus
329 560 422 625 rebus
442 570 474 624 ct
494 561 631 642 qualiter
651 562 857 642 mononem
875 527 1032 650 perronio
1044 563 1227 634 subdendse

515 658 588 706 suut
630 648 816 729 quaestioni.
1110 687 1114 699 ·

121 805 124 812 -
191 762 228 840 Si
249 761 284 826 iu
307 755 528 824 criminalibus
550 763 653 833 causis
690 760 893 824 discretionis
913 761 1028 833 modus
1048 765 1231 847 amittatur,

106 848 355 914 criminatorum
382 841 504 902 malitia
526 865 730 926 nequaquam
752 845 908 908 frenatur.
941 838 1114 931 'ideoque
1146 850 1231 912 siin

108 929 230 998 caussis
252 925 360 1010 regiae
381 925 564 1006 potestatis,
597 927 647 986 vet
671 925 791 1009 gentis,
824 935 880 990 unt
909 928 1053 1012 patriae,
1088 953 1147 994 seu
1167 933 1232 995 bo-

107 1012 236 1078 micidii
259 1012 311 1074 rei
335 1006 504 1086 adulterii,
526 1008 695 1092 aequalem
715 1009 776 1071 sibi
806 1009 974 1074 nobilitate
997 1013 1051 1075 vel
1073 1013 1232 1096 dignitate

106 1090 391 1186 palatiniofficii,
423 1091 614 1174 quicunque
643 1090 860 1156 accusandum
889 1093 1084 1176 crediderit,
1115 1097 1234 1160 habeat

107 1181 201 1268 prius
231 1175 385 1242 fiduciam
416 1173 648 1259 comprobandi
679 1175 767 1260 quod
798 1175 928 1255 obiicit,
959 1178 1058 1245 etsie
1088 1179 1234 1244 alienum

109 1259 304 1348 sangninem
325 1266 461 1340 temptet
483 1259 649 1344 impetere.
708 1259 806 1337 Quod
827 1260 852 1324 si
874 1261 1013 1347 probare
1033 1281 1098 1323 non
1120 1273 1235 1350 potue·

109 1347 173 1427 rit,
211 1365 319 1408 corum
352 1341 524 1426 Principe,
557 1341 609 1404 sel
638 1339 689 1404 his
711 1363 792 1425 quos
824 1365 882 1406 sue
910 1343 1067 1431 Princeps
1095 1346 1235 1410 auctori·
1314 1367 1317 1376 ·

113 1439 179 1493 tate
212 1424 435 1527 praeceperit,
468 1425 566 1487 trium
592 1423 722 1487 testium
744 1423 980 1510 subscriptione
1001 1427 1150 1491 roborate
1180 1430 1236 1490 io-

112 1513 248 1596 scriptso
269 1508 346 1586 fret,
368 1515 402 1570 et
423 1506 471 1570 sio
489 1507 688 1592 quaestionis
710 1529 844 1574 examen
859 1509 1002 1595 incipiat.
1034 1511 1082 1574 lta
1103 1521 1152 1592 ut,
1174 1510 1234 1596 qui

111 1594 264 1662 subditur
284 1590 487 1677 quaestioni,
512 1590 542 1656 si
566 1590 720 1656 innoxius
741 1600 899 1654 tormenta
918 1593 1109 1678 pertuterit,
1136 1616 1238 1658 accu-

99 1691 207 1744 sutor¹
236 1675 269 1741 ei
301 1674 474 1740 confestim
504 1672 686 1741 serviturus
720 1675 883 1738 tradatur:
919 1686 956 1738 ut
986 1679 1075 1740 selva
1104 1687 1236 1742 tantum

19 1835 30 1843 q
112 1763 242 1838 anima,
272 1758 362 1842 qnod
389 1757 423 1820 in
452 1779 498 1824 eo,
519 1779 672 1822 exercere
695 1758 855 1836 voluerit,
889 1758 942 1819 vel
968 1757 1008 1822 de
1040 1766 1125 1824 statu
1146 1759 1238 1824 iudi·

102 1865 188 1910 ·cure
209 1841 369 1926 elegerit,
404 1839 440 1905 in
461 1838 593 1903 arbitrio
621 1861 680 1903 suo
701 1840 862 1904 consistat.
914 1841 1059 1920 Quodsi
1081 1843 1234 1930 componi

113 1929 177 1995 sibi
191 1927 233 1988 ab
243 1935 431 1991 accusatore
446 1921 597 1996 soluerit,
618 1931 744 1985 tantum
759 1923 788 1984 ei
801 1947 873 2004 pars
888 1926 1082 1989 accusatoris
1102 1923 1237 2013 co'mpo-
1317 1973 1322 1984 .

113 2020 189 2088 nat,
210 2017 371 2092 qnantum
383 2007 451 2090 ipse
466 2005 523 2090 qui
544 2005 727 2090 quaestioni
740 2007 916 2086 subiacuit,
942 2007 1042 2069 inlata
1068 2009 1131 2072 sibi
1150 2016 1238 2071 taxa·

113 2095 199 2158 verit
212 2113 346 2156 suorum
365 2099 601 2154 tormentorum
619 2089 789 2172 supplicia.
824 2089 927 2162 Index
940 2089 1145 2158 tamen'ha'nc
1158 2111 1238 2153 cau-

116 2174 262 2244 telamin
275 2173 398 2240 iudicio
410 2194 538 2235 servare
559 2171 708 2248 debebit,
731 2178 767 2232 ut
789 2183 955 2240 accusator
975 2179 1104 2236 omnem
1116 2171 1165 2237 rei
1186 2175 1240 2236 br-

115 2261 226 2325 dinem
242 2258 369 2341 scriptis
380 2263 531 2340 exponat,
548 2265 581 2317 et
594 2253 696 2318 iudici
706 2257 834 2318 occulte
847 2265 1049 2340 praesentata
1057 2249 1109 2324 ¹sic
1124 2279 1238 2344 quaes·
1260 2297 1267 2311 κ

115 2344 215 2408 tionis
238 2340 434 2404 examinatio
456 2337 521 2402 fiat.
552 2335 594 2400 Et
614 2337 641 2400 si
665 2337 735 2400 eius
764 2339 940 2422 professio,
973 2339 1030 2422 qui
1052 2339 1237 2425 quaestioni

115 2425 305 2498 subdendus
325 2432 394 2500 est,
423 2443 554 2505 compar
575 2419 676 2484 fuerit
697 2443 770 2482 cum
796 2421 903 2492 verbis
932 2421 1143 2503 accusatoris,
1175 2423 1239 2486 cri-

116 2509 213 2574 minis
241 2528 319 2578 reus
345 2502 838 2586 incunctanter'habendus,est.
881 2505 977 2574 Certe
1007 2507 1034 2570 si
1056 2507 1147 2572 aliud
1165 2505 1237 2570 dic·

117 2592 165 2654 tie
184 2589 378 2658 accusatoris
399 2588 569 2666 habuerit,
597 2587 687 2652 ahud
714 2610 785 2652 esus
817 2589 974 2674 professio
1002 2613 1060 2674 qus
1087 2589 1239 2654 subditur

120 2673 318 2756 quaestioni,
347 2672 426 2755 quia
459 2665 599 2734 dubitari
622 2693 688 2734 non
718 2681 841 2756 potest,
878 2673 968 2754 quod
988 2695 1047 2758 per
1076 2684 1238 2736 tormenta

123 2755 184 2822 sibi
204 2757 326 2820 crimen
349 2755 510 2839 imponat,
542 2753 705 2836 oportebit
733 2763 950 2818 accusatorem
979 2752 1171 2842 superioris
1187 2755 1239 2818 le-

121 2840 170 2925 gis
190 2839 286 2902 huius
306 2838 489 2902 sententiae
517 2835 695 2902 subiacere.
769 2839 866 2920 Quod
893 2836 921 2900 si
954 2850 1120 2902 accusator
1146 2840 1238 2922 prius

121 2945 219 3008 quam
255 2922 383 2985 occulte
414 2919 517 2983 iudici
551 2921 699 2982 notitiam
729 2921 850 2998 tradat,
876 2929 940 2981 aut„
958 2945 1019 3006 per
1042 2945 1076 2986 se
1102 2932 1158 2984 aut
1179 2942 1240 3006 per

120 3002 300 3090 quemlibet
312 3005 398 3066 dere
416 3025 512 3090 quum
529 3014 675 3082 accusat,
697 3025 757 3088 per
773 3005 921 3066 ordinem
935 3003 1241 3101 instruxeritquem

121 3099 274 3168 connects
299 3109 367 3150 non
397 3087 496 3150 liceat
520 3086 624 3150 iudici
653 3098 837 3166 accusatum
863 3087 1003 3152 subdere
1037 3087 1239 3170 quaestioni,

123 3195 196 3236 cum
228 3171 292 3231 iam
324 3191 384 3257 per
413 3169 606 3233 accusatoris
639 3169 799 3232 indicium
834 3171 997 3233 detectum
1039 3180 1165 3233 constet
1200 3192 1239 3232 ac

121 3254 327 3340 publicatum
356 3275 425 3316 osse
455 3252 632 3336 negotium.
684 3254 805 3317 Similis
826 3274 957 3339 quoque
990 3264 1023 3318 et
1049 3255 1089 3315 de
1123 3253 1240 3316 ceteris

122 3339 270 3422 personis
290 3335 440 3421 ingenuis
455 3335 541 3417 ,ordo
562 3337 737 3399 servandus
758 3347 815 3399 est.
843 3331 924 3398 Nam
940 3337 970 3400 'si
993 3336 1143 3420 capitalia
1156 3358 1240 3421 quae

123 3442 221 3504 supra
241 3430 347 3482 taxata
367 3429 467 3498 sunt,
501 3429 646 3484 accusatu
669 3442 734 3482 non
768 3420 910 3497 fuerint,
943 3422 1000 3484 sed
1025 3424 1149 3482 furtum
1171 3422 1241 3483 sac-

123 3513 194 3565 tum
216 3503 353 3577 dicitur,
387 3503 440 3565 vel
466 3501 556 3564 aliud
586 3505 807 3586 quodcunque
835 3502 1005 3583 illicitum,
1039 3504 1166 3566 nobiles
1198 3504 1240 3564 ob

124 3585 189 3648 boc
234 3581 509 3669 potentioresque
537 3607 712 3667 personae,
754 3596 790 3646 ut
825 3597 901 3647 sunt
936 3587 1087 3668 primates
1127 3587 1241 3670 palatii

68 3731 74 3738 ,
127 3669 229 3732 nostri
250 3689 428 3751 eorumque
469 3665 529 3728 filii
562 3669 653 3729 nulla
681 3669 896 3752 permittimus
923 3670 1049 3731 ratione
1082 3669 1243 3752 quaestio·

126 3753 222 3814 nibus
250 3751 372 3834 agitari.
435 3751 500 3811 Sed
527 3749 554 3811 si
585 3751 617 3810 in
648 3749 709 3812 bac
736 3774 868 3825 caussa,
896 3771 955 3832 pro
979 3775 1043 3832 qua
1072 3754 1244 3835 compelli·
1272 3757 1274 3764 '

120 3843 182 3896 tur
208 3833 355 3916 probatio
382 3833 542 3910 desuerit,
571 3855 660 3894 suern
689 3836 745 3916 qui
773 3836 921 3917 pulsatur
948 3835 1064 3896 debeat
1083 3837 1243 3896 iuramen-

126 3927 159 3978 to
181 3917 412 3978 conscientiam
445 3915 586 4000 expiare.
639 3917 817 3978 inferiores
852 3937 930 3978 vero
968 3917 1243 4000 irunriti'oresque,

126 4001 289 4082 ingenuae
322 4010 428 4062 tamen
464 4019 640 4080 personae,
676 4001 702 4059 si
732 4023 789 4079 pro
820 4001 924 4076 furto,
956 3997 1153 4077 homicidio,
1190 4007 1242 4062 vet

117 4081 326 4166 ¹quibuslibet
349 4083 421 4143 aliis
444 4081 634 4153 criminibus
665 4083 788 4142 fuerint
811 4093 999 4162 accusatae,
1027 4104 1086 4143 ncc
1115 4083 1176 4164 ipsi
1196 4084 1244 4142 in-

127 4165 304 4248 scriptione
326 4167 504 4248 ‚praemissa
533 4165 693 4226 subdendi
716 4177 791 4226 sunt
820 4165 1023 4250 quaestioni,
1057 4166 1246 4226 nisimaior

127 4249 229 4311 fuerit
259 4270 391 4327 caussa,
427 4270 524 4332 quam
546 4249 635 4331 quod
670 4247 925 4366 quingentorurp
954 4250 1132 4313 solidorum
1161 4271 1263 4322 suan-v
