2648 4874
74 329 79 338 Ι
134 235 208 308 474
314 253 418 314 mors
435 251 728 328 wisaoornonnn
747 255 809 309 nu.
829 259 881 310 m.
899 256 968 310 rtr.
986 257 1039 312 111.

133 393 209 454 ierit
240 392 376 476 pronior
402 393 444 454 ad
471 393 630 454 maritum.
692 391 833 457 Nam'dc
853 394 949 458 rebus
976 397 1042 458 suis
1064 397 1091 457 si
1117 395 1242 480 aliquid

134 478 165 538 ei
193 484 342 558 parentes
378 474 500 538 donare
528 476 710 551 voluerint,
742 477 882 540 habeant
911 488 1107 560 potestatem.
1170 493 1242 562 lpsa

136 580 267 640 quoque
291 559 330 620 de
352 558 477 618 donatis
499 567 530 618 et
552 558 727 644 profligatis
747 559 865 634 rebus,
899 561 1042 623 faciendi
1075 562 1163 644 qnod
1183 565 1242 626 vo·

134 640 235 704 luerit
253 639 436 702 libertatem
455 639 581 708 haheat.

223 823 315 900 Tar.
339 822 405 894 ΙΙΙ.
443 821 502 894 De
526 835 634 920 raptu
659 824 839 917 virgiuum
863 825 925 898 val
950 825 1153 899 viduarum.

589 979 615 1046 1.
656 999 802 1054 arraona.
882 1051 886 1066 ι

135 1095 175 1160 Si
200 1101 351 1176 ingenuas
376 1099 541 1175 ingenuam
568 1097 673 1180 rapiat
701 1096 880 1174 mulierem,
918 1096 994 1156 licet
1018 1095 1076 1158 itta
1108 1097 1245 1177 virgini-

218 1192 314 1239 tatem
336 1177 469 1263 perdat,
503 1180 562 1238 iste
585 1191 688 1237 tamea
712 1180 764 1239 illi
782 1179 930 1258 coniungi
954 1199 1018 1240 aon
1044 1180 1160 1239 valcat.

216 1261 251 1321 Si
272 1261 344 1344 quis
365 1262 527 1342 ingenuus
546 1261 690 1342 rapuerit
704 1259 863 1343 virginem
882 1261 934 1322 rel
953 1260 1099 1323 viduatus
1121 1259 1166 1342 si,
1189 1283 1243 1324 au·

133 1351 264 1423 tequam
285 1343 501 1426 integritatem
522 1341 714 1424 virginitatis
735 1351 792 1402 aut
811 1343 961 1406 castitatis
982 1342 1123 1420 amittat,
1149 1346 1243 1425 puel-

134 1425 167 1484 la
188 1427 240 1487 vel
263 1427 359 1490 vidua
386 1423 529 1508 potuerit
549 1445 567 1484 a
586 1434 680 1506 raptu
709 1424 872 1505 revocari,
899 1425 1103 1487 medietatem
1133 1447 1243 1486 rerum

134 1529 264 1570 suarum
292 1508 350 1568 iile
372 1505 429 1589 qui
456 1507 564 1588 rapuit
586 1508 716 1590 perdat,
753 1507 783 1568 ei
816 1528 913 1588 quam
941 1506 1086 1589 rapuerit
1116 1509 1245 1590 consig-

135 1591 285 1656 nandam.
328 1590 361 1652 si
385 1589 796 1666 teroadimmunditiam,
855 1589 1106 1666 uamvoiuerit,
1135 1601 1246 1672 raptor

133 1672 487 1756 potueritlpervenire,
525 1672 560 1732 iu
589 1673 742 1753 coniugio
762 1611 891 1754 pueiiae
912 1671 964 1732 vel
986 1673 1104 1735 viduae
1125 1673 1248 1734 mulie-.

132 1756 199 1833 ris,
227 1778 324 1838 quam
344 1753 506 1836 rapuerit,
538 1775 598 1835 per
625 1756 748 1815 nullam
782 1753 1045 1836 compositionem
1073 1753 1245 1836 iungatur3

134 1838 192 1900 sed
213 1860 286 1898 cum
308 1838 455 1898 omuibus
473 1837 570 1898 rebus
596 1837 660 1899 suis
681 1837 824 1897 tradatur
844 1838 876 1898 ei
904 1837 958 1898 cui
978 1837 1142 1900 violentus
1163 1837 1245 1914 fuit,

134 1928 167 1980 et
194 1920 351 1982 ducentos
382 1918 516 2001 insuper
548 1918 582 1978 iu
618 1928 791 2001 conspectu
828 1919 972 1979 omnium
1000 1918 1130 2001 publice
1163 1919 1245 1979 ictus

134 2002 271 2084 accipiat
294 2001 516 2084 flagellorum,
544 2009 577 2062 et
598 2012 703 2062 careat
723 2001 932 2083 ingenuitatis
955 2022 1030 2063 suae
1051 2009 1153 2075 statu,
1191 2022 1246 2082 pa-

132 2085 279 2146 rentibus
302 2086 445 2146 eiusdem
466 2083 520 2144 oui
549 2083 712 2146 violentus
739 2083 897 2161 extiterit,
932 2092 987 2144 aut
1018 2082 1077 2165 ipsi
1104 2082 1241 2164 virgini,

133 2168 187 2228 vel
209 2168 325 2228 viduae
348 2189 444 2248 quam
462 2166 624 2249 rapuerit,
645 2167 678 2224 iu
708 2172 898 2248 perpetuum
919 2165 1110 2227 serviturus:
1139 2164 1184 2224 ita
1205 2174 1244 2224 ut

133 2250 280 2328 adeius,
303 2271 399 2330 quam
418 2257 585 2330 rapuerat,
608 2247 794 2330 coniugium
815 2249 908 2308 nulio
928 2269 1071 2330 uuquam
1096 2256 1241 2329 tempore
1311 2274 1314 2283 ·

132 2331 253 2393 redeat.
307 2330 404 2408 Quod
425 2329 452 2390 si
473 2331 595 2391 factum
617 2331 751 2391 fortasse
778 2331 975 2408 constiterit,
1010 2329 1172 2411 quidquid
1200 2329 1241 2390 de

120 2413 269 2494 ¹raptoris
288 2413 383 2473 rebus
404 2432 463 2492 pro
484 2411 679 2472 contumelia
701 2434 756 2473 sua
777 2424 980 2495 perceperat,
1012 2433 1076 2471 una
1099 2433 1173 2471 cum
1195 2411 1242 2493 ip·

133 2517 168 2556 so
189 2505 316 2576 raptore
339 2493 478 2569 amittat,
503 2493 569 2553 illis
591 2494 705 2574 procul
729 2496 827 2558 dubio
852 2493 1040 2577 parentibus
1058 2495 1240 2577 profutura,

132 2598 269 2660 quorum
297 2575 359 2636 hoc
381 2573 547 2656 negotium
573 2575 674 2636 fuerit
699 2586 899 2659 exequutum
920 2575 1082 2656 instantia.
1143 2576 1240 2654 Quod

132 2659 161 2720 si
181 2657 234 2718 vir
262 2659 301 2720 de
324 2657 387 2716 alia
407 2678 508 2718 uxore
529 2657 613 2718 filios
634 2657 755 2721 habens
777 2659 955 2740 legitimos,
985 2667 1112 2740 raptum
1132 2667 1244 2741 postea

131 2741 244 2802 fecisse
268 2739 494 2816 convincitur,
528 2739 595 2823 ipsc
618 2739 772 2802 videlicet
792 2742 879 2803 solus
910 2741 944 2801 in
967 2741 1035 2803 eius
1063 2761 1161 2820 quam
1190 2761 1244 2799 ra·
1311 2801 1315 2812 ,

132 2824 206 2907 puit
226 2823 405 2884 serviturus
435 2830 591 2902 potestate
619 2824 779 2889 tradatur:
810 2845 861 2887 res
882 2833 989 2886 tamen
1022 2823 1160 2906 raptoris
1181 2822 1242 2884 fitii

133 2907 204 2970 eius
222 2905 359 2990 legitimi
379 2904 582 2968 obtinebunt.

558 3045 600 3106 11.
662 3065 811 3120 anricus.

136 3157 174 3220 Si
194 3183 214 3220 a
240 3172 396 3256 potestate
419 3160 556 3244 raptoris
581 3157 719 3243 puellam
749 3169 896 3241 parentes
917 3158 1038 3240 eripere
1066 3159 1238 3240 potuerint.

215 3241 249 3302 St
273 3253 422 3324 parentes
448 3242 617 3302 mulierem
637 3240 690 3301 vel
710 3239 853 3322 pueliam
873 3249 994 3322 raptam
1015 3240 1238 3316 excusserint,

134 3325 203 3407 ipse
225 3336 333 3406 raptor
354 3325 539 3406 parentibus
562 3324 708 3385 eiusdem
729 3322 873 3384 mulieris
894 3322 946 3382 vei
969 3323 1106 3404 puellae,
1122 3323 1156 3381 in
1178 3343 1239 3402 po-

131 3416 243 3469 testate
265 3403 424 3486 tradatur,
448 3415 481 3466 et
502 3406 561 3488 ipsi
588 3405 718 3466 mulieri
738 3405 866 3486 penitus
893 3427 958 3465 uon
977 3405 1073 3464 liceat
1095 3405 1135 3463 ad
1156 3425 1239 3464 eun-

133 3492 208 3551 dem
229 3489 333 3550 virum
361 3511 394 3550 se
422 3489 632 3572 coniungere.
674 3489 771 3564 Quod
797 3487 823 3547 si
844 3490 950 3548 facere
971 3487 1238 3568 praesumpserit,

132 3573 225 3632 ambo
246 3573 340 3633 morti
359 3573 534 3632 tradantur.
576 3571 609 3631 Si
633 3579 718 3630 certe
741 3569 781 3630 ad
795 3569 989 3651 Episcopum
1007 3570 1058 3630 vel
1073 3569 1112 3628 ad
1127 3568 1238 3627 altaria

133 3663 240 3719 sancta
262 3654 482 3736 confugerint,
509 3653 575 3714 vita
597 3673 749 3712 concessa
769 3647 961 3714 omnimodis
983 3659 1181 3734 separentur,
1205 3657 1238 3711 ct

130 3735 315 3823 parentibus
337 3747 443 3820 raptae
466 3735 615 3798 servituri
636 3735 811 3798 tradantur.
873 3747 875 3753 ’

363 3931 365 3936 .
424 3884 482 3945 111.
543 3905 712 3951 rus.·cns.
754 3905 840 3948 nans.
880 3905 949 3949 aar.

205 4001 244 4062 Si
263 4001 457 4064 consentiant
477 4002 602 4082 raptori
619 4012 766 4084 parentes
788 3998 827 4060 de
849 3998 1032 4084 disponsata
1047 4001 1164 4082 patella.

216 4084 251 4144 Si
270 4093 417 4168 parentes
445 4081 564 4165 raptori
586 4082 824 4159 consenserint,
853 4084 992 4164 pretium
1020 4081 1104 4143 filiae
1139 4104 1236 4160 sune,

133 4167 221 4256 quod
243 4189 316 4230 cum
338 4167 443 4252 priore
459 4187 577 4252 sponso
594 4165 744 4229 definisse
765 4175 953 4246 noscuntur,
969 4166 1002 4226 in
1019 4166 1238 4250 qitadruplum
