2648 4874
193 318 197 324 ·
311 316 417 378 necis
436 312 728 378 wrsrcornonuu
746 317 813 370 un
832 311 1003 375 r.r1r.1r.
1123 291 1197 369 419

76 465 224 532 Induunt
244 462 306 526 sibi
328 463 435 526 fictam
456 459 497 524 de
518 457 674 544 gravime
696 479 733 520 ac
753 456 880 541 pudore
900 472 1092 540 personamt
1113 457 1195 522 adeo

75 559 115 613 ut
131 547 198 610 illis
219 547 261 608 sit
282 547 338 610 lex
359 543 508 629 publica,
532 541 720 604 inhonestas
741 541 874 624 privata.
917 539 1037 624 Sicque
1058 539 1196 602 obtentu

73 635 192 717 legum,
215 629 379 692 contraria
399 627 525 710 legibus
548 623 752 710 adoperiunt,
774 623 833 708 qui
855 621 966 708 rigore
987 623 1080 707 legia,
1102 621 1196 690 obvia

70 716 196 800 legibus
217 713 362 778 evellere
385 710 580 774 debuerunt.

428 866 519 936 rm.
545 865 594 936 11.
649 865 708 936 ne
736 864 849 956 Lege.

147 1012 184 1082 Ἰ.
229 1011 320 1098 Quid
345 1011 524 1098 observabit
543 1011 706 1091 legislator
725 1011 758 1070 in
786 1008 907 1089 legibus
928 1007 1111 1076 suadendis.

156 1130 243 1193 Item
263 1129 299 1190 in
319 1128 492 1192 suadendis
509 1127 635 1211 legibus
655 1127 718 1189 erit
731 1128 829 1210 plena
847 1148 941 1188 cause
963 1126 1107 1206 dicendi,
1130 1151 1197 1192 nou

75 1223 112 1278 ut
130 1236 191 1298 pro
215 1222 305 1296 parte
333 1211 490 1274 orationis
511 1211 691 1273 meditandi
713 1211 863 1272 videatur
882 1211 1015 1292 gratiam
1035 1213 1196 1292 obtinere,

74 1298 132 1362 sed
154 1297 373 1359 desideratum
399 1294 611 1378 perfectionis
641 1294 818 1356 obtinuisse
845 1295 1000 1362 laborem.
1022 1295 1062 1356 lu
1084 1317 1197 1358 earum

74 1401 217 1464 namque
238 1378 484 1441 formationibus
503 1399 568 1439 non
587 1377 781 1461 sophismata
794 1377 1032 1461 disputationis,
1053 1378 1109 1439 aed
1126 1379 1196 1440 vir-

73 1473 180 1526 tutem
198 1462 277 1525 iuris
299 1463 422 1525 mavult
444 1481 554 1523 caussa
576 1461 782 1524 discriminis.
812 1462 990 1541 Quaeritur
1012 1463 1099 1524 enim
1113 1462 1196 1542 illic,

75 1569 145 1608 non
174 1546 256 1628 quid
284 1545 455 1608 contentio
487 1545 598 1624 dicat,
628 1545 686 1608 sed
712 1545 793 1690 ‹puid
817 1545 901 1608 actio
922 1556 1057 1628 promat.
1107 1546 1196 1625 Quia

75 1639 112 1690 et
143 1651 292 1691 excessus
319 1643 445 1690 morum
473 1648 540 1688 uon
575 1637 713 1690 co‘e'rcen
740 1629 750 1688 i
778 1638 854 1691 suut
881 1628 1044 1692 cothurno
1073 1629 1196 1713 loquu-

75 1710 216 1792 tiouum,
238 1712 296 1776 sed
316 1719 572 1796 temperamento
595 1711 762 1778 virtutum.

472 1825 519 1889 Il.
564 1825 653 1910 Quid
671 1828 713 1888 sit
734 1829 800 1889 lex.

158 1936 228 1995 Lex
250 1940 299 1996 est
320 1932 446 1994 aemula
468 1932 658 2011 divinitatis,
681 1932 815 1994 antistes
836 1931 1016 2014 religionis,
1037 1933 1112 1994 fons
1129 1931 1197 1996 dis-

74 2017 282 2101 ciplinarum,
305 2016 421 2077 artifex
441 2014 533 2095 iuris,
554 2015 657 2077 bonos
678 2037 784 2076 mores
806 2015 977 2076 inveniens
998 2023 1093 2094 atque
1114 2037 1199 2077 com-

73 2122 213 2184 ponens,
235 2097 491 2182 gubernaculum
514 2098 663 2178 civitatis,
688 2097 827 2160 iustitiae
851 2098 1058 2180 nunciatrix,
1079 2100 1197 2182 magis-

73 2193 127 2245 tra
148 2181 245 2261 vitae,
267 2181 372 2243 anima
392 2182 491 2244 totius
513 2181 657 2265 corporis
678 2181 854 2265 popularis.

456 2297 817 2380 mmmm

160 2405 229 2468 Lex
255 2403 341 2488 regit
371 2424 502 2465 omnem
531 2399 669 2466 civitatis
698 2404 866 2481 ordinem,
895 2424 1025 2466 omnem
1054 2400 1197 2466 hominis

75 2496 229 2550 aetatem:
258 2508 341 2570 quae
362 2487 409 2549 sic
429 2484 582 2549 foeminis
605 2486 717 2566 datur,
739 2495 775 2547 ut
801 2485 962 2550 maribus:
994 2483 1198 2548 inventutem

74 2570 304 2653 complectitur
326 2576 359 2633 et
378 2578 601 2633 senectutem:
625 2577 690 2628 tum
712 2569 939 2653 prudentibus,
961 2591 1059 2654 quam
1085 2568 1198 2632 indoc-

73 2653 137 2726 tis3
159 2664 223 2715 tam
244 2653 397 2733 urbanis,
419 2675 515 2737 quam
537 2651 667 2714 rusticis
693 2652 806 2718 fertur.
848 2654 941 2732 Quae
968 2673 1128 2717 summum
1150 2676 1197 2714 sa·

70 2737 152 2798 lutis
170 2737 369 2821 principium
390 2759 426 2800 ac
446 2734 640 2820 populorum
662 2736 792 2798 culmen
814 2731 956 2814 obtinet,
979 2746 1105 2799 etcum
1127 2738 1197 2798 ma}

73 2819 196 2882 nifesto
222 2818 455 2904 praeclaroque
482 2824 658 2906 praeconio
687 2816 722 2879 in
750 2817 883 2880 modum
902 2818 1095 2884 lucidissimi
1116 2819 1195 2884 solis

73 2901 220 2988 effulget.

447 3017 506 3083 lv.
549 3018 659 3103 Qualis
680 3018 743 3081 erit
762 3019 827 3082 Iex.

156 3128 225 3188 Lex
246 3126 310 3189 erit
330 3124 509 3204 manifesta,
532 3146 593 3186 uec
615 3125 861 3209 quemquamiu
876 3124 1060 3210 captionem
1072 3124 1193 3188 civium

74 3208 254 3272 devocabit.
295 3209 368 3271 Erit
388 3209 484 3270 etiam
508 3209 687 3270 secundum
716 3220 881 3287 naturam,
913 3210 1094 3272 secundum
1115 3231 1193 3272 cou-
1269 3215 1271 3222 ’

74 3292 280 3354 suetudinem
303 3291 462 3371 civitatis,
492 3292 566 3354 loco
587 3294 790 3377 temporique
814 3293 1032 3370 conveniens,
1055 3294 1138 3354 iusta
1161 3301 1195 3353 at

9 3445 10 3448 Ἴ
75 3373 257 3457 aequabilia
277 3375 511 3461 praescribens,
534 3397 729 3460 congruens,
752 3377 887 3438 honesta
910 3384 942 3438 et
959 3376 1068 3458 digna,
1090 3375 1192 3454 utilis,

75 3458 263 3520 necessaria.
306 3461 344 3520 ln
362 3481 427 3541 qua
447 3459 706 3544 praevidendum
720 3468 768 3526 est
786 3481 826 3521 ex
843 3459 982 3520 utilitate
999 3481 1082 3542 quae
1103 3479 1194 3541 prae·

75 3541 232 3619 tenditur,
256 3563 296 3601 an
316 3543 391 3626 plus
409 3541 588 3620 commodi,
610 3563 651 3602 au
674 3544 747 3627 plus
771 3542 951 3627 iniquitatis
976 3544 1121 3606 oriatur:
1156 3549 1192 3601 ut

74 3622 203 3684 dinosci
223 3625 334 3707 possit,
356 3623 383 3687 si
400 3624 474 3706 plus
495 3624 624 3690 veritati
644 3626 820 3709 prospiciat
840 3625 1002 3708 publicae,
1024 3647 1121 3708 quarn
1137 3646 1192 3686 re-

72 3704 192 3788 ligioni
213 3707 510 3773 videaturobessc:
537 3730 575 3770 ac
596 3707 643 3772 sic
662 3709 866 3791 ¹honestatem
887 3718 1037 3789 tucatur,
1060 3717 1097 3770 ut
1124 3729 1192 3770 nou

74 3809 150 3850 cum
175 3789 287 3854 salutis
307 3791 455 3874 periculo
477 3801 598 3875 arguat.

470 3905 513 3969 V.
556 3908 662 3992 Quare
683 3908 725 3970 sit
744 3908 810 3970 leae.

156 4009 245 4073 Fieri
276 4022 383 4076 autem
408 4015 497 4100 leges
524 4014 606 4078 haec
635 4013 718 4078 ratio
745 4017 851 4101 cogit,
881 4013 919 4078 ut
946 4039 1057 4080 earum
1076 4027 1192 4096 metu,

65 4094 216 4156 humana
237 4106 426 4160 coerceatur
447 4099 652 4184 improbitas:
683 4099 789 4183 sitque
810 4109 880 4162 tuta
901 4101 988 4162 iuter
1008 4087 1122 4161 noxios
1145 4099 1194 4158 in-

65 4177 267 4244 nocentium
288 4179 365 4260 vita,
387 4191 483 4264 atque
505 4183 539 4241 in
563 4181 641 4266 ipsis
663 4181 818 4270 improbis
838 4183 1010 4250 formidato
1032 4183 1195 4273 supplicio

60 4262 224 4328 frenetur
246 4263 386 4332 nocendi
406 4266 633 4354 praesumptio.
1074 4271 1077 4274 ’
