2648 4874
300 285 405 340 creis
423 282 712 341 w1ncornoauu
731 282 795 336 un.
815 284 869 340 111.
887 279 962 336 rrr.
980 281 1035 342 111.
1126 263 1202 337 475
1242 363 1247 376 Ι

102 427 200 490 eidem
219 448 339 510 sponso
360 433 514 506 cogantur
534 423 710 492 exsolvere.
740 420 830 482 Idem
851 441 926 484 vero
948 433 1056 505 ruptor
1076 420 1202 506 legibus

101 531 215 593 sponso
237 506 501 572 inexcusabiliter
520 515 648 567 maneat
668 504 842 566 abdicatus.

98 659 150 722 lV.
174 655 213 717 Si
225 654 369 739 fratres,
398 653 469 716 vivo
490 665 544 713 aut
565 650 717 733 defuncto
736 663 840 736 patre,
862 653 1058 716 consentiant
1078 653 1202 736 raptori

580 753 710 794 sororis.

178 819 213 879 Si
234 819 306 880 vivo
328 828 416 902 patre
438 818 550 879 fratres
571 816 690 898 raptori
712 815 952 893 consenserint,
974 823 1029 878 aut
1051 815 1084 880 in
1106 825 1200 899 raptu

97 901 213 966 sororis
232 897 353 963 conscii
375 901 632 983 comprobantur,
648 908 781 981 excepta
795 909 906 976 morte,
922 897 1097 983 dampnum
1112 901 1201 981 quod

97 987 136 1046 de
158 985 338 1066 raptoribus
360 992 408 1044 est
430 983 637 1043 constitutum
659 981 831 1065 excipiant.
883 981 917 1042 si
939 1003 1016 1046 vero
1037 991 1109 1065 post
1131 982 1201 1043 obi-

94 1079 165 1130 tum
187 1067 285 1148 patris
306 1069 419 1127 fratres
440 1086 581 1125 sororem
601 1085 690 1124 suam
709 1065 828 1147 raptori
846 1063 1047 1142 tradiderint,
1060 1064 1113 1125 vel
1125 1085 1200 1148 rap-

94 1151 158 1212 tori
180 1151 350 1212 levandam
372 1149 611 1222 consenserint,
632 1169 690 1229 pro
713 1167 752 1208 eo
774 1147 862 1228 quod
883 1168 954 1208 eam
971 1148 1024 1210 vel
1046 1147 1103 1208 vili
1124 1167 1199 1228 per-

97 1254 214 1310 sonae,
234 1233 288 1294 rel
311 1239 423 1292 contra
443 1229 642 1291 voluntatem
663 1251 751 1291 suam
774 1230 889 1313 nuptui
909 1230 1112 1306 tradiderint,
1141 1251 1201 1290 cu-

96 1317 146 1376 ius
169 1315 266 1376 etiam
288 1313 447 1374 bonorem
476 1313 652 1373 debuerant
682 1312 838 1389 exaltare,
864 1315 1068 1374 medietatem
1094 1311 1201 1381 facul-

95 1398 169 1460 tatis
189 1418 264 1457 snae
285 1397 447 1473 amittant,
469 1394 529 1478 ipsi
557 1394 767 1456 nihilominus
800 1396 899 1456 sorori
929 1396 1137 1473 tradendam,
1168 1403 1202 1454 et

96 1482 231 1560 insuper
250 1479 284 1538 in
313 1477 493 1561 praesentia
521 1477 675 1555 aliorum,
705 1499 723 1537 a
752 1477 858 1538 iudice
886 1478 1113 1562 quinquagena
1142 1475 1200 1535 fla-

96 1564 182 1644 gella
211 1563 408 1644 suscipiant,
447 1569 483 1620 nt
511 1559 575 1621 hoc
603 1559 657 1619 alii
684 1569 806 1621 terrore
836 1563 986 1622 commoti
1016 1559 1200 1622 formident

96 1645 268 1705 Adiutores
289 1639 364 1706 uero
392 1642 543 1725 raptoris,
566 1643 718 1724 quicum
746 1642 814 1724 ipso
842 1643 974 1722 fuerint,
999 1642 1201 1723 disciplinam

96 1729 277 1808 accipiant,
309 1727 391 1787 sicut
422 1735 469 1786 est
491 1725 524 1784 in
553 1725 624 1805 lege
653 1725 715 1784 alia
745 1725 963 1787 constitutum.
1004 1727 1123 1806 Raptor
1142 1745 1201 1782 au-

95 1820 161 1870 tem
181 1809 449 1870 inexcusabiliter
467 1807 623 1890 superiori
645 1807 727 1890 lege,
750 1817 782 1869 et
806 1807 840 1866 in
862 1809 974 1886 rebus,
997 1815 1028 1869 et
1049 1803 1082 1867 in
1103 1814 1201 1869 status

96 1894 146 1955 sui
169 1891 325 1974 dignitate
349 1891 548 1974 dampnetur.

524 2029 565 2093 V.
627 2049 775 2103 cursous.

296 2145 333 2206 Si
354 2145 544 2228 quiscunque
566 2145 671 2211 rapiat
694 2145 828 2204 ah’enam
849 2163 1005 2227 sponsam,

179 2225 214 2288 Si
238 2225 377 2288 alienam
404 2248 553 2309 sponsam
583 2225 769 2307 quicunque
796 2225 960 2310 rapuerit,
997 2225 1036 2286 de
1067 2224 1201 2305 raptoris

25 2312 33 2332 ⁸
86 2305 198 2393 ¹ipsius
219 2310 427 2371 facultatibus
448 2308 652 2374 medietatem
671 2308 813 2390 puellae,
835 2309 929 2368 aliam
949 2327 1026 2369 vero
1048 2301 1203 2368 medieta-

98 2403 163 2454 tem
185 2414 303 2474 sponso
325 2393 471 2452 iubemus
493 2389 609 2451 addici.
652 2390 748 2468 Quod
770 2391 796 2451 si
816 2390 979 2451 minimam
1000 2398 1055 2452 aut
1077 2390 1202 2450 nullam

97 2475 213 2536 habeat
234 2477 431 2552 facultatem,
445 2473 496 2534 his
519 2495 598 2554 quos
620 2495 713 2554 snpra
725 2473 978 2551 memoravimus,
1000 2495 1074 2555 cnm
1096 2472 1202 2532 omni-

97 2557 157 2619 bus
180 2579 261 2638 quae
284 2558 432 2618 habuerit
451 2557 595 2617 tradatur
615 2557 654 2616 ad
683 2556 867 2638 integrum:
894 2555 939 2615 ita
960 2565 997 2616 ut
1016 2557 1203 2619 venundato

97 2649 223 2720 raptore
247 2640 285 2700 de
308 2638 376 2701 eius
397 2639 499 2721 pretio
521 2639 672 2718 aequales
686 2639 825 2700 habeant
844 2639 1019 2720 portiones.
1062 2640 1133 2726 lpse
1150 2661 1204 2700 au-

98 2729 164 2783 tem
184 2729 306 2806 raptor,
328 2723 355 2782 si
376 2723 542 2806 peractum
563 2721 668 2782 scelus
689 2729 747 2798 est,
768 2719 927 2805 puniatur.

526 2869 582 2933 Vl.
624 2889 773 2944 anricus.
858 2900 862 2906 v

312 2982 349 3046 Si
369 2986 526 3068 quispiam
549 2983 588 3044 de
613 2985 794 3068 raptoribus
815 2983 988 3052 occidatur.

181 3067 216 3130 Si
237 3067 396 3149 quispiam
419 3068 459 3128 de
480 3068 658 3150 raptoribus
682 3067 780 3130 fuerit
800 3069 943 3144 occisus,
975 3069 1031 3131 ille
1054 3069 1110 3150 qui
1127 3092 1202 3152 per-

103 3151 198 3213 cussit
220 3153 260 3212 ad
280 3150 488 3211 homicidium
515 3172 580 3210 non
601 3160 764 3230 teneatur,
794 3152 883 3236 quod
911 3171 970 3234 pro
997 3152 1202 3214 defendenda

102 3236 243 3296 castitate
266 3233 469 3293 commissum
489 3242 545 3294 est.

519 3381 593 3445 Vll.
635 3401 781 3456 auricus.

100 3493 191 3578 Infra
211 3493 301 3578 quod
320 3508 439 3565 tempus
460 3496 552 3577 liquat
580 3516 725 3556 accusare
753 3505 933 3578 raptorem
962 3510 992 3556 et
1012 3498 1041 3557 si
1058 3500 1201 3580 parenti-

161 3579 217 3639 bus
237 3579 292 3637 vel
308 3577 432 3662 puellae
455 3599 524 3638 cum
545 3591 671 3660 raptore
693 3575 733 3638 de
754 3579 933 3661 nuptiarum
953 3577 1140 3664 dqinitione

559 3661 730 3726 conveniat.

179 3743 351 3822 Raptorem
372 3742 502 3825 virginis
523 3743 575 3803 vel
601 3741 714 3802 viduae
740 3741 824 3802 infra
849 3741 950 3804 XXX.
973 3763 1074 3806 annos
1095 3747 1201 3809 omni-

101 3844 141 3884 no
163 3823 261 3884 liceat
282 3847 441 3886 accusare.
486 3825 582 3902 Quod
603 3824 629 3885 si
659 3845 733 3884 cum
759 3823 886 3905 puellae
915 3827 1112 3905 parentibus,
1136 3830 1201 3891 sive

89 3929 172 3966 cum
194 3909 307 3967 eadem
333 3908 442 3991 puella
463 3909 515 3968 vel
536 3908 650 3985 vidua,
679 3907 718 3967 de
741 3905 859 3987 nuptiis
881 3907 1014 3968 fortasse
1038 3931 1201 3973 convene·

98 3989 148 4064 rit,
171 3987 257 4049 inter
278 4011 310 4050 se
333 3991 447 4074 agendi
468 3990 598 4051 lieentia
629 3987 736 4071 negari
759 4010 824 4048 non
851 3987 976 4068 poterit.
1018 3993 1210 4059 Transactis*

98 4080 205 4134 autem
225 4071 356 4155 triginta
376 4073 469 4136 annis
490 4073 593 4138 omnis
614 4070 776 4136 accusatio
796 4071 896 4158 sopita
917 4071 1070 4138 manebit.
