2648 4874
236 295 342 354 suere
359 297 648 357 marcomerem
667 291 733 353 uta
750 299 803 354 ιιι.
828 299 900 354 ιιι.
920 299 959 360 ιι.
1126 281 1202 359 473

93 438 213 521 quirat,
237 437 296 518 qni
318 457 387 498 eam
415 437 476 500 slbi
497 437 569 500 vult
595 436 629 497 in
659 435 812 519 coniugio
839 438 1002 524 copulare.
1064 439 1100 504 Si
1121 463 1200 506 vero

93 522 150 581 boc
164 521 273 580 facere
295 519 501 604 distulerint,
524 529 556 582 et
576 519 621 581 sio
641 539 675 582 se
697 520 822 582 inlicita
837 521 1100 606 praesumptione
1121 545 1200 586 con-

88 603 278 677 iunxerint,
301 610 333 662 et
354 604 553 684 postmodum
574 601 664 684 prior
683 603 814 664 maritus
835 625 982 665 reversus
999 606 1115 683 fuerit,
1137 625 1207 667 em·.

87 686 127 746 bo
149 684 184 742 in
207 683 279 744 cius
300 693 455 768 potestate
476 685 663 745 tradantur:
692 685 827 766 utquid
849 685 889 746 de
910 685 957 747 eis
978 687 1086 748 lucere
1108 691 1206 750 volu·-

87 766 164 844 crit‚
187 789 248 828 seu
269 765 456 847 vendendi,
477 769 543 831 sive
566 765 647 850 quid
667 767 756 832 aliud
777 767 939 848 faciendi,
969 766 1086 834 habeat
1106 781 1200 857 potc-

85 858 208 911 statem.

419 993 496 1061 vll.
516 1017 580 1059 rus.
601 1016 666 1062 oua.
689 1017 776 1066 caus.
797 1019 869 1062 aux.

85 1109 124 1172 Si
143 1109 270 1174 domini
291 1133 396 1175 servos
422 1133 494 1174 suos
525 1133 590 1172 esse
610 1116 792 1174 mentientes
819 1116 991 1196 ingenuos,
1011 1115 1197 1186 ¹mulieribus

417 1216 469 1256 eos
493 1195 683 1274 coniungant
708 1199 859 1277 ingenuis.
1291 1198 1294 1209 '

168 1275 397 1338 Resistendum
425 1286 473 1339 est
499 1297 673 1362 pravorum
693 1279 842 1357 ausibus,
878 1301 920 1342 ne
942 1279 1108 1364 pravitatis
1131 1302 1200 1341 arn-

109 1359 173 1421 lius
193 1359 470 1440 frenalaxcutur.
510 1359 662 1442 Plerique
694 1361 782 1423 enim
811 1363 918 1425 studio
940 1362 1125 1446 cupiditatis
1156 1363 1200 1424 it-

84 1382 165 1504 lecti
198 1440 306 1503 solent
339 1443 504 1504 interdum
529 1443 681 1505 mulieres
712 1443 868 1527 ingenuas
889 1445 1080 1530 puellasque
1101 1465 1198 1530 prave

85 1525 257 1606 decipere,
288 1531 320 1585 et
347 1524 531 1587 simulantes
553 1525 594 1586 ud
619 1533 745 1609 tempus
772 1549 881 1589 servos
910 1549 984 1590 suos
1015 1549 1083 1589 csse
1104 1529 1198 1610 inge-

85 1627 191 1682 nuos,
213 1603 386 1670 hortantur
407 1629 458 1668 eas
480 1606 608 1668 maritos
630 1607 703 1669 illos
725 1610 889 1693 accipere,
911 1631 992 1692 quos
1013 1619 1123 1693 postea
1145 1629 1199 1668 na·
1295 1645 1297 1652 ι

83 1688 126 1750 tis
147 1687 293 1770 prolibus
315 1689 348 1750 iu
371 1689 557 1751 servitutem
578 1689 673 1752 facile
700 1692 822 1775 possint
843 1691 1001 1773 redigere.
1055 1691 1100 1752 Ut
1120 1712 1198 1774 ergo

83 1771 209 1836 fraudis
232 1769 328 1832 huius
358 1771 463 1834 aditus
493 1771 690 1854 extirpetur,
719 1775 881 1858 praesenti
909 1773 1029 1856 iugiter
1048 1794 1199 1834 mansura

82 1853 158 1934 lege
192 1852 370 1916 sancimus:
412 1863 448 1915 ut
484 1853 672 1938 deceptores
699 1855 748 1916 rei
777 1856 867 1918 istius
889 1855 1054 1917 manifeste
1077 1855 1199 1916 detecti

83 1935 221 1998 crimine
245 1945 401 1998 notentur
421 1936 589 2014 infamiae,
624 1946 657 1997 et
686 1937 737 1997 illi
758 1959 840 2019 quos
861 1941 920 1999 sub
943 1934 1074 1998 nomine
1107 1937 1199 2021 iuge-

83 2017 217 2079 nuitatis
238 2017 408 2080 antedictis
427 2019 573 2102 personis
594 2019 802 2102 reperiuntur
822 2021 1009 2098 associasse,
1043 2019 1089 2080 sic
1111 2017 1200 2102 inge·

82 2100 143 2162 uui
165 2121 239 2161 oum
260 2100 336 2162 filiis
357 2101 422 2162 suis
453 2101 644 2183 perenniter
671 2111 843 2179 maneant,
873 2103 957 2164 sicut
978 2123 1031 2163 eos
1056 2100 1200 2184 ipsorum

84 2181 210 2244 domiui
231 2182 392 2268 iugeuups
418 2184 554 2267 professi
582 2184 645 2243 ium
673 2194 767 2246 antea
796 2185 936 2245 luerunt.
990 2179 1056 2246 sed
1087 2190 1119 2244 et
1147 2201 1199 2244 res

84 2286 196 2326 omnes
218 2286 235 2323 a
258 2274 402 2344 tempore
425 2265 611 2347 nuptiarum
631 2276 776 2348 acceptas
795 2289 854 2328 seu
871 2265 1058 2350 promissas,
1081 2264 1200 2328 mulier

85 2345 138 2408 vel
159 2345 269 2429 puella
290 2347 419 2410 sibimet
440 2347 637 2428 vindicabit,
667 2349 694 2412 si
725 2369 785 2431 per
805 2347 954 2412 idoneam
975 2345 1200 2430 probationem

85 2428 284 2506 convicerit,
322 2429 473 2491 maritum
501 2430 629 2512 dequo
653 2429 759 2514 agitur
779 2431 839 2492 sub
859 2429 1068 2514 ingenuitatis
1090 2429 1199 2512 specie

1 2568 3 2573 .
84 2511 147 2572 sibi
168 2511 324 2572 sociatum
344 2512 452 2574 luisse.
496 2509 593 2576 Certe
614 2513 639 2575 si
661 2512 771 2596 puella
792 2515 845 2576 vel
866 2512 1002 2591 mulier,
1026 2521 1081 2572 aut
1104 2513 1200 2574 ctiam

82 2594 228 2677 ipsorum
250 2603 419 2676 parentes,
448 2591 483 2656 id
503 2595 592 2676 quod
612 2593 813 2680 praedictum
834 2606 899 2674 est,
930 2594 974 2655 ita
1003 2594 1126 2655 lactum
1147 2615 1200 2676 ap·

82 2675 221 2761 probare
243 2675 470 2760 nequiverint,
492 2698 597 2739 servos
618 2678 738 2760 pariter
758 2687 920 2739 eteorum
939 2677 1021 2738 lilios
1039 2697 1104 2738 uua
1124 2700 1201 2739 cum

82 2759 183 2822 rebus
204 2759 352 2820 omnibus
374 2758 594 2820 indubitanter
611 2760 731 2840 petitor
751 2759 918 2823 obtinebit.
959 2758 1020 2820 Hic
1042 2767 1076 2821 et
1097 2761 1136 2822 de
1155 2760 1199 2821 il-

83 2840 125 2901 lis
150 2841 278 2902 aucillis
300 2841 378 2906 ordo
400 2841 573 2904 serrandus
594 2851 659 2920 est,
681 2863 764 2924 quae
784 2842 861 2905 viris
883 2841 1033 2925 ingenuis
1052 2842 1108 2903 tali
1126 2861 1198 2904 nos·

85 2933 209 2984 cuntur
229 2923 342 2984 fraude
365 2945 434 2986 esse
455 2923 658 2986 coniunctae.
698 2925 778 2988 Nam
806 2933 839 2985 et
869 2923 909 2986 de
939 2921 1085 2996 libertis,
1117 2943 1199 3007 quos

85 3004 131 3064 ita
157 3005 338 3067 constiterit
364 3005 531 3087 copulatos
560 3006 696 3068 existere
731 3027 805 3069 cum
835 3005 963 3070 aucillis
991 3015 1047 3068 aut
1075 3007 1198 3087 serris,

85 3086 186 3149 buius
206 3086 365 3151 servanda
386 3087 450 3150 erit
469 3088 593 3150 sanctio
615 3089 706 3172 legis.

510 3187 604 3268 Vlll.
634 3224 782 3280 anricus.

88 3317 127 3380 Si
153 3317 270 3402 absque
297 3318 461 3380 voluntate
490 3307 657 3402 parentam
686 3317 800 3379 mulier
829 3320 963 3401 ingenuo
989 3322 1102 3384 marito
1131 3341 1198 3385 sese

479 3401 644 3482 eont'uugat
665 3401 808 3482 ingenuo.
883 3433 886 3440 ¹

171 3479 207 3542 si
226 3481 337 3565 puella
356 3479 500 3564 ingenua
528 3482 567 3542 ad
595 3483 774 3565 quemlibet
803 3483 981 3567 ingenuum
1009 3485 1135 3548 venerit
1161 3507 1199 3546 ea

85 3564 298 3640 conditione,
319 3572 356 3625 ut
375 3585 450 3626 eum
471 3565 530 3628 sibi
551 3566 701 3628 maritum
722 3566 888 3647 acquirat,
902 3568 998 3652 'prins
1018 3591 1091 3631 cum
1107 3570 1199 3653 puel·

88 3649 141 3710 lae
164 3647 350 3730 parentibus
372 3647 604 3730 conloquatur:
635 3647 715 3711 etsi
737 3649 932 3727 obtinuerit,
961 3660 997 3710 ut
1025 3673 1095 3712 earn
1115 3673 1199 3712 uxo-

87 3751 158 3793 rem
180 3728 299 3790 babere
321 3731 436 3810 possit,
466 3729 611 3814 precium
633 3731 715 3792 dotis
740 3731 926 3814 parentibus
952 3733 1038 3811 eius,
1075 3743 1112 3796 bt
1132 3735 1201 3795 ius·

88 3823 158 3873 tum
181 3821 247 3890 est,
269 3811 450 3893 impleatur.
516 3812 550 3872 Si
579 3834 656 3874 vero
683 3812 747 3875 hoc
777 3833 842 3872 uon
872 3817 1014 3897 potu-erit
1034 3815 1200 3892 obtinere,
1280 3880 1281 3884 ,

87 3894 200 3979 puella
228 3894 262 3954 in
297 3906 466 3978 pareutum
493 3896 659 3958 voluntate
689 3894 852 3962 consistat.
895 3898 1004 3973 ,Quod
1031 3897 1059 3958 si
1080 3898 1199 3979 absque

89 3977 278 4060 cognitione
300 3984 332 4037 et
352 3997 511 4040 consensu
532 3987 702 4061 parentum
728 3977 839 4038 eadem
867 3980 975 4062 puella
996 3987 1109 4066 sponte
1131 3981 1201 4039 fue·

87 4061 132 4122 rit
161 4060 235 4121 viro
264 4059 457 4138 coniuncta,
499 4070 532 4122 et
553 4081 621 4120 earn
649 4069 798 4142 parentes
826 4061 859 4120 in
893 4061 1025 4144 gratiam
1053 4060 1199 4143 recipcre

89 4141 280 4220 noluerint,
312 4143 432 4204 mulier
450 4163 523 4205 cum
544 4143 694 4206 fratribus
715 4143 780 4205 suis
799 4144 833 4203 in
856 4144 1009 4206 facultate
1030 4152 1200 4225 parentum

89 4249 159 4290 uon
180 4225 357 4300 succedat,
373 4246 433 4312 pro
454 4247 493 4292 eo
514 4226 602 4312 quod
624 4226 694 4292 siue
716 4227 882 4292 voluntate
903 4235 1074 4314 pareutum
1094 4235 1200 4290 trans-
