2648 4874
276 315 379 372 mors
398 314 691 372 wisicoruonan
709 312 775 371 un
791 311 845 370 111.
863 311 936 370 rar.
956 319 978 376 ι,
1098 299 1171 374 465

378 455 468 515 XIX.
530 473 590 516 ras.
633 473 739 516 noros.
781 475 853 521 nex.

67 567 105 634 Ue
128 591 221 632 nemo
243 569 393 652 deinceps
407 569 489 628 citro
499 564 607 650 fidem
622 570 750 647 regiam,
776 567 824 628 vel
840 570 975 653 propria
991 591 1171 634 caussarum

60 657 187 736 negotia
209 657 245 714 in
271 652 454 733 deceptione
478 650 581 728 regiae
604 651 787 733 potestatis,
820 649 875 710 vel
900 654 1066 716 cuiuslibet
1096 657 1172 716 alte-

205 737 287 812 rins,
313 755 344 792 se
367 733 534 794 incrementi
553 731 679 792 vinculo
703 732 833 813 alligare
848 748 1038 815 praesumat.

142 818 344 897 Plerumque
367 815 449 876 solet
468 813 601 872 humani
622 813 748 895 generis
775 813 925 876 inimicus
946 818 1052 898 pravis
1074 823 1172 882 corda

61 901 233 962 hominum
254 895 509 982 suggestionibus
531 895 675 970 irretire,
706 905 739 958 et
759 896 905 958 fidelium
926 899 1049 962 animos
1071 904 1171 986 pesti-

61 987 131 1046 fero
159 983 282 1045 veneni
311 981 431 1062 poculo
460 978 611 1038 sauciare.
651 977 792 1038 Proinde
822 979 899 1062 quia
927 993 1047 1062 quanto
1077 987 1170 1068 plebs

60 1067 169 1150 regiae
191 1063 392 1127 celsitudinis
421 1060 551 1122 culmen
573 1058 696 1120 sincera
718 1060 813 1124 debet
833 1065 1010 1125 reverentia
1029 1065 1171 1129 honora-

60 1171 117 1228 re,
140 1157 232 1210 tanto
254 1145 392 1227 amplius
413 1144 466 1206 vel
487 1142 521 1202 in
543 1141 612 1203 eius
633 1142 843 1226 deceptione,
865 1144 917 1206 vel
939 1146 1074 1210 aliarum
1093 1171 1171 1234 per-

60 1235 216 1294 sonarum
244 1228 373 1290 ridetur
401 1233 534 1287 mentes
552 1224 697 1306 plebium
724 1225 873 1289 excitare.
915 1229 1055 1304 Quidam
1084 1233 1172 1294 enim

61 1315 141 1374 dum
163 1311 356 1393 sententiam
376 1309 466 1370 illam
490 1307 621 1369 canonis
652 1305 804 1369 Toletani
825 1312 1011 1391 attendunt,
1042 1313 1075 1374 in
1106 1337 1172 1397 qua

62 1399 232 1458 decretum
252 1391 483 1455 est'neminem
512 1389 630 1467 licere,
659 1389 738 1452 citra
758 1391 942 1455 manifestae
973 1397 1170 1460 evidentiam

61 1480 190 1561 culpae,
203 1475 315 1537 induci
336 1476 375 1535 ab
394 1474 517 1534 honore
540 1471 589 1533 sni
610 1471 741 1550 ordinis,
762 1476 814 1535 vel
836 1477 963 1537 servitio
986 1479 1099 1542 domus
1116 1502 1170 1542 re-

61 1562 133 1646 giae
157 1559 275 1635 deiici,
306 1567 339 1620 et
359 1578 422 1618 nec
447 1564 540 1616 antea
565 1554 769 1616 vinculorum
790 1558 927 1618 nexibus
948 1559 1084 1644 illigari,
1116 1563 1170 1623 vel

63 1642 308 1726 quaestionibus
329 1638 438 1715 subdi,
469 1637 530 1698 nisi
552 1639 640 1719 prins
662 1638 695 1698 in
715 1639 846 1722 publica
867 1641 987 1702 suerint
1008 1643 1172 1706 examina·

63 1727 153 1789 tione
171 1721 323 1800 deducti,
354 1719 465 1784 subtili
483 1741 517 1782 se
540 1721 776 1802 quodammodo
797 1722 976 1784 iuramento
999 1725 1032 1785 iu
1054 1747 1171 1788 necem

63 1811 117 1872 vel
139 1806 354 1868 abiectionem
375 1803 496 1884 regiam
523 1803 675 1885 perfidiae
697 1804 1032 1868 nitunturrfraudibus
1054 1809 1169 1892 alliga·

66 1910 123 1962 re;
153 1907 254 1950 neca
276 1907 358 1969 quae
387 1885 508 1947 fraudis
535 1886 712 1948 moliuntur
737 1889 918 1969 peragenda
941 1890 1104 1968 consiliis,
1132 1891 1174 1952 ab

65 1974 221 2034 alterutro
244 1977 416 2031 cernantur
424 1965 693 2050 'quandoquidem
712 1970 880 2052 propalari.
923 1972 1021 2048 Quod
1041 1981 1073 2036 et
1089 1983 1173 2034 tem..

64 2055 198 2140 poribus
219 2051 337 2114 nostris
359 2051 520 2112 detectum
542 2051 686 2128 facinus,
709 2050 884 2112 manifestis
907 2073 1020 2113 eorum
1041 2058 1171 2116 conlec-

66 2137 210 2200 sionibns
230 2135 399 2209 retinetur,
417 2133 473 2215 qui
494 2141 634 2194 nostram
646 2133 778 2216 gloriam
800 2135 905 2194 conati
927 2143 1010 2213 sunt,
1033 2145 1088 2198 aut
1103 2138 1175 2219 gla-

68 2218 340 2294 dio-interimere,
362 2223 416 2276 aut
436 2215 598 2276 mortifera
620 2215 737 2278 veneni
756 2216 887 2297 potione
908 2218 1068 2300 decipere.
1117 2219 1173 2279 llis

68 2301 165 2384 igitur
193 2299 334 2362 nefariae
365 2297 646 2380 argumentationis
689 2297 831 2359 consiliis
869 2302 1016 2382 congruit
1046 2301 1173 2362 obviare

69 2382 213 2444 censuris
244 2379 421 2464 legalibust
451 2400 517 2524 spuo
542 2387 578 2439 ut
598 2399 659 2442 nec
687 2379 873 2464 principalis
900 2382 1006 2445 honor
1027 2385 1175 2465 qualibet¹

68 2465 167 2548 possit
200 2455 368 2547 gravitate
384 2463 463 2525 devo
479 2463 535 2542 vi,
571 2470 603 2524 et
635 2462 816 2524 infidelium
842 2475 980 2607 pectora
1014 2467 1176 2549 condigna

68 2549 209 2610 debeant
225 2547 347 2608 ultione
368 2544 510 2607 retundi.
551 2545 644 2606 Unde
667 2545 797 2627 speciali
821 2567 838 2607 e
861 2542 927 2608 icto
950 2548 1174 2627 decernimus,

67 2640 105 2692 ut
126 2651 221 2691 nemo
246 2629 398 2710 deinceps
428 2629 505 2689 citra
533 2627 629 2689 fidem
650 2627 787 2710 regiam,
814 2630 867 2690 vel
888 2630 1017 2712 propria
1045 2651 1175 2692 caussa*

66 2732 140 2776 rum
172 2711 299 2794 negotia
328 2730 439 2772 secum
467 2709 530 2769 alio
555 2719 738 2793 praesumat
767 2709 905 2772 vinculis
936 2722 1065 2774 nectere
1089 2714 1176 2774 inra-

69 2793 191 2871 menti‚
224 2805 280 2855 ant
300 2792 333 2854 in
363 2793 552 2876 deceptione
582 2793 745 2877 potestatis
766 2794 892 2876 regiae,
920 2794 973 2856 vel
1002 2796 1176 2858 cuiuslibet

71 2879 218 2955 alterius,
253 2883 319 2936 tam
345 2877 516 2938 sceleratae
547 2876 667 2937 fraudis
697 2874 813 2937 audeat
842 2877 966 2938 actione
988 2877 1176 2960 constringi.

71 2961 103 3020 si
123 2959 197 3041 quis
216 2979 294 3019 vero
316 2960 448 3020 amodo
471 2956 585 3036 aliter,
615 2978 712 3040 qnam
737 2959 946 3040 praemissum
966 2969 1033 3038 est,
1060 2959 1177 3021 buius-

72 3042 158 3102 modi
179 3042 358 3102 iuramento
379 3062 412 3104 se
435 3040 564 3122 alligare
585 3043 851 3122 praesumpserit,
879 3042 967 3103 illius
995 3064 1029 3103 se
1051 3043 1182 3103 noverit-

72 3123 150 3206 legis
180 3124 306 3207 perculi
336 3123 519 3200 sanctione,
555 3143 637 3204 qnae
665 3122 795 3205 perfidis
832 3124 975 3187 noscitur
1004 3132 1038 3186 et
1065 3135 1177 3188 contra

71 3225 180 3290 regem
201 3201 369 3288 agentibus
389 3205 589 3290 promulgata
618 3207 765 3268 existere.

108 3359 113 3364 ’
193 3385 274 3447 ms.
304 3340 365 3448 ur.
414 3387 481 3448 nn
519 3386 715 3450 cuorus
755 3386 1059 3451 comnotus.

214 3553 308 3624 Tm.
333 3551 362 3626 Ῑ.
425 3507 484 3624 De
509 3554 800 3648 dispositionibus
826 3557 1044 3649 nuptiarum.

433 3713 459 3776 1.
521 3737 584 3782 rus.
625 3738 712 3784 nens.
753 3739 822 3784 nur.

94 3829 139 3894 Ut
164 3843 232 3892 tam
259 3827 363 3892 Gotho
387 3829 575 3909 Ronznnam,
607 3831 861 3913 qnnm'liomono
888 3830 1023 3894 Geticam
1048 3834 1161 3896 metri·

448 3914 551 3973 monio
578 3913 672 3974 licent
694 3917 819 3975 sociari.

85 3989 89 4000 “
150 3991 304 4056 Sollicita
325 4011 401 4053 cura
421 3993 455 4052 in
476 3994 625 4077 Principe
648 4016 717 4056 esse
740 3995 932 4072 dinoscitur,
956 4013 1107 4076 cumpro
1129 4002 1183 4060 fu·

69 4077 146 4140 turis
168 4073 365 4138 utilitatibus
386 4076 542 4136 beneficia
562 4079 755 4160 populorum
777 4077 995 4160 providentur.
1038 4073 1105 4141 Nec
1127 4105 1184 4162 pra*

71 4179 138 4221 rum
161 4158 316 4222 exultare
339 4157 434 4219 debet
455 4157 583 4222 libertas
611 4160 766 4241 ingenita,
788 4181 862 4220 cum
883 4162 997 4220 fractas
1019 4159 1102 4224 vires
1125 4163 1185 4222 ha-

69 4241 171 4308 buerit
185 4241 318 4325 priscae
334 4238 412 4321 legis
428 4239 543 4302 abolita
559 4243 733 4313 sementim
746 4265 829 4324 quae
848 4242 1024 4325 incongrue
1043 4245 1185 4306 dividere

941 4358 990 4430 30
