2632 4822
98 225 172 308 796
391 233 608 293 arurrsasnr
644 231 771 290 aranu
810 229 882 288 ars.
901 231 956 292 vr.

167 399 249 442 rou.
292 382 372 434 l’etrt
397 387 427 434 te
451 375 574 450 appellat
600 373 755 436 Martinus,
789 375 875 446 quod
890 384 949 431 .tu
986 375 1106 431 movisti
1138 377 1230 434 Marisa

96 475 174 512 susm
194 451 388 512 mundoaldsm
406 451 441 504 de
460 465 541 508 casa,
569 445 616 498 ubi
637 443 801 508 habitabat,
828 456 862 500 et
886 447 1016 506 minuti
1034 449 1074 500 ad
1094 448 1174 502 eiiam
1188 469 1230 522 pm

96 537 154 582 tarn
174 526 232 580 siue
250 523 479 580 essevolumus,
500 527 529 572 ct
547 515 621 570 suisti
640 517 670 568 iu
688 516 788 585 capite.

167 597 244 648 Patre
262 603 291 646 te
310 591 432 664 appellat
450 587 603 648 Martinus,
635 588 709 658 quod
739 585 871 640 Donatus
902 589 1004 641 movit
1032 587 1153 642 Mariam
1175 607 1229 643 snm

96 663 291 724 mundoaldarn
310 663 344 716 de
365 679 443 722 casa,
474 658 521 712 ubi
541 657 670 718 habitat,
698 666 727 710 et
744 659 868 712 minavit
888 659 920 710 iu
943 659 1040 712 sliam
1068 667 1229 729 partemii

97 751 129 796 to
150 732 224 790 luisti
242 749 305 788 cum
324 733 390 804 ipso.
427 731 461 784 Et
478 728 500 780 si
517 727 617 781 dixerit
636 745 765 783 movens:
790 728 869 785 Volo
900 730 1018 784 tollore
1043 748 1108 784 eam
1133 729 1167 780 ad
1182 749 1229 784 ma

97 825 172 876 namq
202 806 303 869 tollat,
332 812 361 858 et
379 801 420 854 nil
437 799 473 854 sit
491 797 527 850 de
546 797 719 869 sequacibus.

183 875 302 940 XCIV.
344 873 463 950 (xit.)
515 869 550 930 Si
587 869 786 953 quicumque
817 870 928 931 homo
970 865 1070 929 liber
1101 869 1229 932 aneillsu

99 983 189 1026 suam
216 979 276 1042 pro
308 954 475 1038 religionis
508 959 542 1012 et
571 951 747 1015 munditiae
786 973 904 1015 caussa
944 961 1087 1012 vestem
1126 954 1229 1036 religio

99 1065 166 1108 sam
189 1038 346 1118 induerit,
376 1047 412 1100 ut
433 1037 464 1098 ei
486 1039 520 1112 r)
541 1034 624 1096 sicut
645 1037 851 1098 cousuetudo
877 1045 996 1097 terrae
1022 1034 1124 1096 istius
1146 1047 1189 1098 est
1204 1038 1229 1099 al

99 1125 298 1190 atterendam
327 1120 525 1183 oblationem
546 1121 591 1196 s)
622 1141 682 1202 per
702 1119 775 1180 loca
796 1128 1007 1181 sanctorum
1033 1118 1157 1180 debeat
1176 1142 1231 1202 por-

98 1220 168 1272 tare
188 1213 224 1286 t)
243 1215 277 1268 et
298 1203 470 1287 contigerit
491 1223 531 1263 ex
551 1203 711 1284 peccatis,
733 1212 769 1264 ut
788 1202 961 1286 quispiam
987 1201 1099 1263 homo
1124 1203 1232 1264 eamd

101 1310 237 1356 uxoren
270 1289 382 1351 ducat:
416 1285 610 1368 ubicumque
634 1284 758 1346 iurenti
777 1286 924 1364 fuerint,
959 1295 1233 1367 separentur,et

102 1383 275 1460 componat
296 1372 383 1455 ipse,
404 1369 462 1451 qui
484 1389 555 1430 eam
577 1368 653 1432 tulit
671 1391 827 1442 uxorem,
852 1368 1006 1431 domino
1033 1368 1111 1430 eius
1133 1369 1233 1430 solidos

100 1461 170 1526 xL.
193 1467 229 1520 et
248 1455 305 1517 illa
324 1463 502 1515 revertatur
522 1451 555 1511 in
574 1451 745 1536 pristinum
760 1461 878 1516 statam
901 1459 959 1532 u).
1012 1451 1126 1530 Quod
1150 1453 1175 1513 si
1191 1453 1234 1513 eli-

149 1541 175 1603 is
192 1562 280 1616 eam,
315 1536 405 1620 quod
431 1534 529 1612 absit,
559 1535 769 1612 adulteravit,
806 1536 909 1597 simili
933 1535 1053 1596 modo
1075 1545 1234 1618 componat

102 1565 236 1690 ddmino
257 1622 328 1682 eius
350 1618 472 1682 solidos
494 1619 574 1696 XL,
604 1620 679 1701 quie
708 1619 849 1682 euterius
869 1619 1045 1680 Edictum
1070 1621 1115 1681 de
1140 1619 1236 1702 gentili
1289 1625 1290 1628 ’

102 1707 222 1771 ancilla
243 1704 420 1765 adulterata
442 1701 518 1767 XX.
539 1701 660 1763 solidos
682 1702 839 1780 continet,
863 1714 902 1764 ut
925 1705 1174 1786 componatur.
1199 1705 1234 1764 De

102 1791 165 1857 Dei
194 1789 325 1872 quidem
352 1785 471 1846 ancilla
499 1785 620 1846 iustum
648 1796 713 1862 est,
743 1793 778 1845 ut
808 1785 1015 1870 compositio
1051 1787 1237 1868 duplicetur.

103 1875 226 1938 verum
245 1881 352 1935 tumen
371 1869 416 1930 sic
437 1868 623 1942 statuimus,
657 1877 693 1930 ut
720 1869 746 1930 si
769 1870 900 1953 probata
921 1869 1036 1930 suerit
1060 1892 1194 1946 caussa,
1212 1867 1237 1928 id

103 1967 153 2022 esi
177 1979 237 2040 per
256 1955 484 2036 Presbyterum
503 1960 557 2012 aut
581 1949 680 2013 alium
702 1947 868 2014 Clericum
888 1956 944 2030 v),
976 1953 1163 2034 quomodo
1182 1952 1237 2034 ipsa

103 2051 191 2106 veste
212 2039 363 2120 religiosa
386 2036 498 2098 induta
520 2044 585 2113 est,
616 2043 736 2096 utnon
758 2038 814 2098 fiat
831 2034 932 2095 alicui
954 2034 1102 2096 homiui
1123 2036 1239 2096 calum·

104 2124 159 2188 nia
179 2145 239 2208 pro
262 2125 436 2206 figmento,
468 2117 523 2180 sed
544 2139 603 2202 pro
625 2127 711 2179 certa
732 2118 881 2181 veritate:
922 2125 955 2178 et
980 2119 1073 2179 dum
1096 2120 1239 2202 probatio

103 2229 180 2272 vera
201 2209 284 2268 facta
304 2204 413 2280 fuerit,
435 2202 482 2262 sic
502 2203 571 2284 ipsa
592 2201 782 2283 compositio
804 2200 873 2262 fieri
896 2201 1034 2263 debeat.
1082 2201 1135 2264 ll.
1155 2204 1239 2286 373.

187 2288 277 2350 Haec
297 2302 399 2348 autem
415 2287 539 2360 omnia,
560 2306 639 2368 quae
656 2284 806 2346 modain
823 2286 1008 2368 praesentis
1029 2285 1158 2348 Edioti
1174 2307 1239 2347 cor·

101 2394 182 2461 pare
203 2371 400 2454 adfiaeimur,
425 2369 455 2430 si
473 2368 623 2449 deinceps
645 2389 756 2429 caussa
774 2368 954 2440 emerserit,
977 2367 1032 2428 sic
1051 2367 1242 2454 debetfleri

106 2456 306 2529 terminatio,
328 2455 409 2513 sicut
428 2473 509 2515 nunc
532 2464 667 2512 statuere
687 2452 752 2511 visi
773 2471 887 2512 sumus.
933 2450 1032 2532 Quae
1059 2467 1174 2514 autem
1192 2473 1240 2512 an·

105 2549 158 2602 tea
174 2547 362 2612 emerserat,
391 2536 437 2598 sie
454 2533 699 2610 determinetur,
722 2534 803 2594 sicut
818 2533 963 2593 anterior
977 2533 1157 2597 institutio
1166 2534 1241 2619 fuit.

177 2681 289 2738 Leues
308 2679 511 2735 LUTPRANDI
529 2679 638 2734 REGIS
665 2679 714 2732 DE
730 2678 829 2732 tullo
848 2677 957 2732 REGNI
977 2675 1071 2734 EIUS
1091 2682 1175 2738 xvl.

187 2784 338 2847 Pluribus
363 2784 427 2844 iam
448 2781 577 2866 quidem
599 2782 723 2843 uicibus
747 2785 782 2842 in
809 2783 931 2862 antiqui
953 2781 1062 2844 edicti
1083 2807 1240 2872 corpore,

106 2892 145 2938 ea
174 2866 346 2945 adiungere
367 2868 565 2941 curavimus,
596 2885 676 2944 quae
699 2886 760 2948 pro
787 2865 887 2925 salute
914 2867 1045 2926 animae
1072 2882 1107 2928 et
1140 2871 1245 2950 gentis

106 2965 232 3018 nostrae
252 2949 430 3010 adustione
450 2967 516 3006 esse
537 2948 773 3029 praepedimur,
828 2947 917 3006 Nunc
944 2947 1012 3007 alia
1032 2969 1123 3029 quae
1144 2951 1242 3011 simili

107 3033 225 3111 modo,
254 3053 324 3095 eam
339 3027 597 3108 consideranter,
618 3028 790 3089 secundum
809 3031 909 3088 Deum
928 3042 1014 3089 reate
1033 3053 1109 3094 esse
1128 3054 1241 3114 cogno·

106 3121 231 3190 vimus,
254 3127 288 3176 ut
310 3135 365 3176 nec
386 3112 552 3195 periuria,
581 3132 638 3173 nea
655 3113 777 3190 iurgia,
807 3114 891 3172 inter
914 3123 1045 3173 nostros
1075 3127 1243 3194 emergant

96 3199 232 3289 fideles,
275 3193 501 3260 Praesidentes
518 3215 581 3254 una
600 3215 670 3256 cum
690 3196 808 3254 nostris
829 3192 1011 3267 Iudicibus,
1036 3209 1141 3280 atque
1149 3197 1242 3282 fide·

107 3285 189 3348 libus
203 3277 444 3360 Langobardis,
473 3275 526 3336 dte
542 3275 756 3338 Kalendarum
774 3278 963 3348 Martiarum
981 3299 1071 3338 anno
1088 3281 1166 3342 Deo
1181 3279 1240 3360 sa.

110 3380 216 3444 vente,
237 3367 327 3444 regni
347 3361 450 3423 nostri
467 3358 558 3422 XVI.
574 3357 827 3446 indictionem.
850 3360 926 3418 baec
951 3379 1031 3442 quae
1057 3376 1246 3444 sequuntur

109 3447 230 3511 addere
256 3447 443 3510 curavimus.

192 3525 293 3594 XCV.
334 3526 478 3606 (xth.)
520 3524 555 3588 Si
575 3524 646 3607 quis
665 3544 724 3606 pro
747 3542 856 3584 caussa
883 3544 941 3583 sua
957 3521 1089 3605 aliquid
1108 3525 1244 3604 ludici,

109 3613 162 3676 vel
183 3614 224 3675 ad
244 3612 514 3695 qualemcumque
542 3608 607 3670 loci
627 3605 863 3690 praepositum,
893 3604 946 3666 vel
972 3607 1112 3669 fidelem
1140 3611 1242 3693 Regis

112 3695 257 3776 dederit,
280 3704 313 3756 et
331 3694 458 3755 vivente
482 3712 520 3752 eo
540 3690 746 3774 requisierit,
779 3688 936 3764 dicendo,
967 3690 1057 3770 quod
1077 3691 1246 3754 liberatus

113 3780 258 3859 nonsit,
279 3777 377 3841 faciat
393 3776 445 3840 illi
467 3773 638 3850 iustitiam,
659 3783 733 3856 post
752 3782 1030 3855 quantoscumque
1049 3795 1160 3840 annos
1186 3797 1242 3838 re.

114 3919 495 3946 W

113 3998 374 4145 roldrinijeiencdiii
384 3993 575 4117 diligamns)
593 3995 650 4134 Ui)
668 3991 1246 4139 ggii-ezzssssszlgffirgblfflffindelli&

114 4162 227 4265 ”eni
263 4140 294 4210 u)
311 4139 352 4190 Al.
370 4136 460 4259 iiotdd'
477 4137 628 4206 pristinum
646 4135 780 4194 habitum.
850 4135 882 4203 v)
906 4135 959 4193 un.
979 4135 1049 4191 Cod,
1075 4139 1258 4211 episcopm·

115 4228 166 4268 aut
184 4225 370 4266 armsacsr
389 4225 469 4261 cem.
