2648 4874
260 297 365 351 neers
384 295 676 352 w1s1coruonuu
696 295 761 348 ns.
781 292 837 350 111.
854 294 926 348 rrr.
946 294 993 348 iv.
1096 278 1170 353 479

67 435 95 497 ei
121 455 192 496 cum
224 434 292 519 ipsa
320 434 453 496 muliere
486 435 658 496 convenire
688 432 840 518 potuerit.
882 429 998 492 Puella
1025 455 1101 496 vcro
1131 436 1172 498 de

63 528 228 601 parentum
259 518 354 578 rebus
386 519 510 578 nullam
539 517 623 578 inter
652 520 766 580 fratres
796 535 892 593 suos,
931 515 992 576 nisi
1022 528 1172 602 parentes

62 601 246 679 voluerint,
276 601 391 662 habeat
409 600 601 691 portionem.

471 715 560 780 Vlll.
602 736 750 790 carious.

61 829 98 890 Si
116 830 235 890 mulier
253 830 387 909 ingenua
408 843 517 910 sponte
533 828 691 890 adulterio
712 831 884 913 cuicunque
898 849 931 890 se
950 830 1078 892 misceat
1096 833 1173 898 viro.

142 911 176 970 Si
208 911 351 992 ingenua
379 911 496 975 mulier
521 911 707 992 cuicunque
732 911 799 971 viro
825 934 857 972 se
880 911 1037 973 adulterio
1059 914 1173 975 volens

62 992 227 1054 miscuisse
252 993 433 1075 detegitur:
461 994 488 1054 si
514 1015 585 1055 eam
613 994 680 1077 ipse
710 1016 845 1056 uxorem
870 994 988 1055 babere
1012 997 1172 1070 voluerit,

60 1075 176 1138 habeat
205 1085 414 1158 potestatem:
444 1075 470 1137 si
496 1088 602 1138 autem
632 1075 792 1154 noluerit,
829 1098 904 1138 suae
935 1077 1072 1160 imputet
1100 1080 1173 1142 eul-

61 1179 119 1242 pae
149 1179 290 1240 quaese
313 1157 473 1220 adulterio
494 1161 608 1221 volens
629 1159 795 1221 miscuisse
818 1159 1033 1243 cognoscitur.

483 1276 539 1336 IX.
581 1296 730 1350 armona,

119 1387 160 1448 Si
184 1387 300 1449 mittier
316 1387 450 1466 ingenue
471 1390 587 1450 marito
608 1391 738 1450 alterius
762 1410 827 1452 sese
855 1391 963 1469 iungat
987 1402 1107 1474 stupro.

141 1470 175 1530 Si
204 1490 269 1550 qua
290 1469 407 1531 mulier
428 1468 567 1554 ingenua
587 1471 698 1531 marito
720 1469 857 1532 alicuius
879 1472 1038 1532 adulterio
1062 1494 1095 1533 se
1119 1493 1172 1532 so-

59 1552 202 1626 ciaverit,
225 1561 320 1612 etex
342 1552 408 1612 hoe
428 1553 604 1614 manifestis
626 1553 754 1615 indiciis
776 1563 808 1615 et
827 1555 1013 1650 probatione
1037 1555 1173 1615 convin-

61 1637 153 1712 citur,
176 1633 345 1694 addicatur
364 1635 467 1712 uxori,
491 1635 583 1696 cuius
605 1637 717 1697 marito
739 1658 772 1700 se
793 1636 933 1714 miscuit,
958 1646 995 1698 ut
1016 1635 1051 1698 in
1072 1635 1172 1719 ipsius

59 1727 216 1801 potestate
238 1713 380 1778 vindicta
402 1717 561 1780 consistat

499 1835 541 1898 X.
563 1854 731 1912 auricus.

60 1952 127 2012 Pro
147 1947 307 2013 adulterio
333 1949 526 2036 torquendos
547 1971 657 2012 servos
681 1964 712 2012 et
737 1949 869 2012 ancillas
884 1951 918 2010 in
945 1949 1048 2033 capite
1066 1944 1172 2006 domi·

555 2055 677 2096 norum.

143 2115 208 2174 Pro
231 2135 342 2176 caussa
363 2113 513 2176 adulterii
542 2115 643 2176 etiam,
659 2114 691 2175 in
714 2113 836 2174 domini
859 2112 1046 2176 dominosve
1069 2108 1172 2190 capite

61 2196 145 2258 servi
169 2197 223 2256 vel
245 2198 384 2257 ancillae
405 2197 580 2280 torquendi
601 2208 693 2259 sunt:
715 2207 752 2258 ut
770 2194 885 2259 veritas
906 2206 939 2258 et
961 2194 1079 2257 certius
1097 2213 1173 2276 pos-

62 2279 103 2341 sit
125 2277 276 2358 inveniri,
299 2289 332 2343 et
354 2279 575 2343 indubitanter
594 2280 736 2364 agnosci.

487 2397 545 2458 XI.
588 2416 735 2472 auriens.

123 2505 165 2570 St
184 2531 247 2596 pro
282 2508 414 2572 celando
438 2509 590 2574 adulterii
612 2513 728 2574 scelere
757 2513 946 2598 mancipium
971 2509 1113 2572 libertati

144 2673 179 2734 si
200 2674 272 2756 quis
294 2695 352 2758 pro
374 2593 720 2737 occultandiaiiiiiite
743 2673 939 2759 mancipium
959 2672 1172 2750 manumittat,

59 2757 225 2904 paeleppssit
240 2780 299 2842 pro
318 2757 468 2821 adulterii
482 2758 671 2844 probatione
692 2759 847 2843 torqueri,
869 2758 998 2820 libertas
1020 2757 1091 2819 data
1105 2777 1172 2817 non

393 2955 466 3024 XII.
515 2975 579 3018 aas.
623 2976 711 3022 enos.
753 2973 822 3018 aar.

317 3071 367 3132 De
388 3069 603 3132 adulterorum
624 3072 788 3150 coniugum
811 3070 913 3136 rebus.

143 3151 338 3216 Praeteritae
366 3152 499 3236 quidem
527 3152 606 3235 legis
636 3154 802 3215 sanctione
832 3151 1043 3216 constitutum
1075 3170 1171 3225 recor·

63 3235 168 3312 limus,
191 3235 370 3297 adulteram
390 3235 560 3297 mulierem
574 3236 693 3318 pariter
709 3246 741 3297 et
762 3237 944 3298 adulterum
966 3234 1079 3295 marito
1102 3232 1172 3292 eius

60 3318 142 3378 tradi
165 3319 293 3380 debere.
336 3319 458 3380 Tamen
489 3317 564 3401 quia
593 3319 632 3380 de
662 3319 757 3379 rebus
783 3341 896 3380 eornm
924 3339 1017 3402 saepe
1048 3315 1170 3375 iudices

62 3400 208 3462 dubitare
231 3399 409 3482 contingit,
432 3399 505 3461 ideo
536 3399 719 3483 specialiter
744 3402 921 3463 decernere
953 3397 1171 3460 necessarium

61 3482 190 3545 extitit:
230 3493 267 3544 ut
287 3483 313 3545 si
335 3482 444 3545 uxoris
466 3483 659 3545 adulterium
679 3494 881 3567 proponente
904 3481 972 3543 viro
1001 3482 1170 3541 manifeste

83 3564 218 3643 atuerit,
240 3575 273 3626 et
296 3576 362 3627 tam
387 3567 531 3628 adultera
552 3589 649 3648 qnam
679 3568 806 3629 adulter
827 3567 866 3626 de
892 3563 991 3648 priori
1020 3561 1170 3643 coniugio

60 3589 222 3729 iegitimos
244 3647 328 3709 filios
350 3671 417 3709 non
445 3650 633 3727 habuerint,
659 3649 763 3710 omnis
786 3669 898 3710 eorum
920 3647 1080 3708 hereditas
1102 3665 1172 3702 mu-

60 3731 121 3790 rito
138 3729 284 3790 mulieris
301 3731 466 3793 adulterae
486 3753 560 3792 cum
582 3732 727 3816 personis
744 3732 862 3814 pariter
879 3729 1054 3791 addicatur.
1076 3730 1171 3788 Certe

61 3813 87 3872 si
109 3812 194 3874 filios
224 3811 386 3894 legitimos
410 3813 449 3875 de
467 3813 566 3897 priori
594 3815 743 3896 coniugio
773 3813 901 3873 adulter
921 3811 1085 3885 habuerit,
1118 3809 1171 3891 ip-

61 3895 102 3956 sis
130 3895 201 3973 eius
221 3895 383 3958 hereditas
410 3917 450 3956 ex
472 3896 619 3960 omnibus
645 3896 838 3979 pertinebit,
873 3904 905 3956 et
927 3894 1024 3954 huius
1043 3902 1170 3953 tantum

59 3999 198 4060 persona
219 3979 333 4040 marito
360 3979 523 4041 adulterae
550 3979 735 4042 subiacebit.
777 3981 866 4039 Uxor
885 3988 992 4038 antem
1013 3975 1171 4052 adultera,

60 4059 87 4121 si
110 4061 149 4122 dc
172 4060 275 4144 priori
298 4061 449 4143 coniugio
474 4072 506 4125 et
532 4064 571 4123 de
593 4073 754 4144 postremo
777 4060 938 4144 legitimos
962 4057 1045 4118 filios
1070 4057 1173 4116 habe-

59 4163 93 4203 re
116 4143 318 4222 dinoscitur,
347 4155 541 4228 sequestrata
562 4146 638 4206 filiis
666 4145 706 4206 de
734 4143 840 4227 priore
866 4141 1015 4223 coningio
1037 4139 1172 4221 pontio·

61 4245 111 4305 ne,
133 4238 167 4290 et
192 4225 227 4288 in
258 4247 372 4290 eorum
394 4237 550 4313 potestate
578 4227 702 4308 relicta,
724 4227 770 4291 sic
797 4249 929 4291 suorum
953 4223 1095 4289 filiorum
1129 4241 1180 4284 erx
