2632 4822
312 313 531 371 marculum
547 321 549 334 0
566 311 691 367 iacun
727 309 792 366 uus.
819 281 893 368 vi.
1094 293 1170 370 819
1249 373 1251 378 ,

55 459 154 524 faciat
177 455 224 520 eis
245 458 455 540 praeceptum
478 474 598 532 suum,
627 461 660 516 et
686 451 754 516 sint
772 462 883 538 postea
907 451 1078 522 certissimi
1099 456 1169 522 veri

56 541 152 607 liberi
177 548 210 603 et
236 537 383 602 absoluti.
466 535 493 600 I.
516 539 565 599 52.
587 535 617 602 5,
861 557 864 564 .
1137 541 1141 550 .

124 641 206 677 roan.
240 625 320 676 Petro
341 627 370 672 te
396 619 518 689 appellat
541 619 689 682 Martinus,
720 619 795 690 quod
816 627 847 672 tu
872 635 900 672 es
922 637 985 672 suus
1002 636 1115 686 servus,
1141 631 1170 676 et

55 695 129 749 malo
151 693 246 746 ordine
269 687 404 744 subtrahis
426 697 456 740 te
483 689 517 740 de
533 707 582 741 suo
598 689 716 743 servitio.
735 749 736 756 ἵ
754 688 835 741 Liber
849 707 907 741 sum
925 707 974 761 per
991 700 1170 761 praeceptum

59 764 241 837 Imperatoris.
285 759 360 830 Quid
382 758 537 829 pertinuisti
560 760 594 811 ad
615 758 828 829 Imperatorem?
858 759 912 825 Ego
935 759 1070 812 habebam
1087 779 1170 814 unam

56 845 133 890 tuam
146 833 276 886 ancillam
291 829 327 882 ad
344 828 510 896 coniugium,
517 836 549 911 et
566 846 638 882 eram
648 840 821 894 moeremus,
838 837 866 883 et
882 839 913 882 tu
929 823 1091 883 adulterasti
1102 847 1169 884 earn.

77 939 127 998 Dc
152 934 334 997 collectione
364 931 529 992 mulierum
555 952 634 1015 quae
660 953 754 992 manu
775 931 862 1012 sorti
884 953 917 992 se
940 933 1149 1000 collexerunt.

141 1016 259 1079 CXLI.
301 1013 543 1092 (LXXXVIII.)
585 1015 734 1075 Relatum
756 1023 804 1076 est
825 1013 929 1093 nobis,
954 1015 1043 1096 quod
1068 1015 1171 1097 aliqui

56 1099 173 1188 perfidi
208 1097 356 1159 homiues
387 1105 420 1159 et
446 1096 481 1157 in
503 1096 627 1158 malitia
651 1096 839 1168 constituti,
877 1098 954 1158 dum
971 1119 1032 1180 per
1050 1120 1083 1160 se
1103 1119 1170 1160 uon

56 1180 322 1270 praesumsissent
355 1179 557 1242 manuforti
587 1189 642 1240 aut
669 1178 814 1241 violento
842 1179 956 1241 ordine
986 1181 1107 1242 intrare
1135 1181 1170 1242 in

47 1261 166 1332 'vicum
188 1263 299 1335 autin
321 1282 407 1324 casas
430 1262 573 1341 alienas,
601 1262 752 1325 timentes
776 1262 867 1322 illam
887 1262 1172 1345 compositionem,

58 1371 141 1433 quae
162 1345 196 1406 in
208 1345 325 1408 Edicto
345 1345 499 1409 auteriori
512 1343 615 1428 posita
635 1353 692 1422 est,
709 1345 859 1405 fecerunt
878 1345 1032 1427 colligere
1053 1345 1173 1407 mulie·

56 1453 109 1494 res
131 1451 222 1506 suas,
244 1448 465 1511 quascumque
484 1427 686 1504 habuerunt,
713 1426 781 1490 sire
808 1427 927 1488 liberas
950 1427 1003 1490 vel
1027 1427 1174 1506 ancillas,

58 1522 92 1577 et
112 1512 269 1574 miserunt
283 1531 380 1593 super
393 1509 553 1589 homines,
566 1509 623 1590 qui
644 1509 803 1571 minorem
821 1508 985 1570 habebant
1002 1509 1173 1572 virtutemz

58 1605 91 1660 et
109 1594 261 1655 mulieres
284 1591 565 1676 apprehendentes
587 1591 735 1654 homines
759 1592 799 1653 de
825 1592 894 1676 ipso
915 1592 989 1653 loco
1008 1600 1041 1652 et
1064 1592 1174 1674 plagas

58 1687 114 1742 aut
132 1677 243 1740 feritas
264 1675 427 1752 fecerunt,
449 1684 480 1735 et
493 1675 603 1757 aliqua
620 1676 705 1734 mala
719 1673 864 1736 violento
880 1675 995 1736 ordine
1009 1674 1176 1756 pluscru-

59 1757 613 1840 deliterquamviriexercuerunt.
655 1760 741 1818 Dum
757 1767 863 1818 autem
877 1755 940 1818 hoc
964 1756 1003 1817 ad
1017 1778 1075 1818 nos
1095 1779 1174 1837 per·
1242 1755 1243 1760 ’

57 1842 220 1918 venisset,
250 1849 283 1901 ct
308 1838 457 1900 homines
488 1840 550 1920 ipsi
578 1861 636 1921 pro
671 1861 728 1901 sua
759 1839 939 1917 violentia,
975 1837 1033 1920 qui
1067 1841 1175 1900 minus

59 1930 228 2008 poterant,
260 1921 531 2004 interpellabant;
570 1922 613 1982 ita
650 1922 873 2005 prospeximus
900 1922 935 1981 in
963 1920 1026 1982 hoc
1057 1919 1175 1984 EdIcto

61 2007 201 2089 affigere.
244 2003 290 2066 Et
318 2003 345 2065 si
374 2003 488 2064 amodo
519 2001 672 2066 mulieres
696 2003 769 2076 hoc¹
793 2004 900 2084 facere
930 2003 964 2063 in
996 2001 1177 2085 qualicum-

61 2110 126 2171 que
150 2088 224 2148 loco
249 2085 519 2170 praesumserint,
545 2086 685 2168 primum
715 2086 859 2147 omnium
886 2085 1111 2163 decernimus,
1141 2093 1179 2146 ut

61 2172 89 2234 si
111 2171 252 2252 aliquam
279 2168 442 2245 iniuriam,
465 2178 521 2229 aut
549 2168 779 2252 opprobrium,
813 2169 866 2230 vel
882 2168 997 2252 plagas
1018 2177 1075 2230 aut
1096 2167 1179 2240 feri-¹

39 2263 120 2331 tas,
143 2260 198 2313 aut
220 2260 357 2316 mortem
376 2250 421 2311 ibi
444 2251 639 2332 acceperint,
663 2250 747 2311 nihil
769 2251 809 2314 ad
831 2251 915 2333 ipsas
937 2250 1102 2329 mulieres,
1123 2249 1177 2312 vel
1231 2263 1233 2268 ’

64 2336 105 2396 ad
133 2333 239 2410 viros,
272 2342 329 2393 aut
350 2333 390 2393 ad
420 2332 635 2393 mundoaldos
662 2355 771 2397 earum
798 2341 994 2416 componant
1016 2332 1086 2411 illi,
1119 2331 1206 2414 qui·
1282 2395 1283 2400 η

62 2438 97 2480 se
120 2415 327 2477 defendendo
344 2415 483 2497 aliquam
505 2416 549 2476 cis
570 2416 720 2477 fecerunt
736 2405 921 2492 laesionem,
953 2423 1008 2475 aut
1022 2415 1179 2476 interem-

61 2500 196 2560 tionem.
224 2499 377 2578 'lnsuper
406 2506 440 2558 et
464 2497 636 2576 Publicus,
658 2499 716 2578 qui
738 2499 785 2560 est
805 2498 838 2557 in
860 2497 952 2575 loco,
976 2497 1032 2558 ubi
1055 2498 1177 2557 factum

61 2581 175 2658 fuerit,
204 2578 457 2661 comprehendat
483 2579 565 2663 ipsas
586 2579 750 2658 mulieres,
771 2590 802 2641 et
820 2579 917 2641 faciat
934 2601 986 2642 eas
1012 2580 1179 2642 decalvare

62 2673 98 2726 et
118 2664 239 2725 fustare
258 2667 280 2742 t]
298 2683 357 2745 per
378 2662 465 2724 vicos
486 2663 667 2723 vicinantes
685 2662 784 2745 ipsius
797 2661 873 2741 loci,
897 2671 934 2724 ut
962 2672 1087 2724 ceterae
1106 2684 1180 2723 rnu-

61 2746 160 2826 lieres
185 2746 282 2808 talem
306 2745 460 2805 malitiam
480 2745 587 2807 facere
609 2765 674 2804 non
689 2753 902 2828 praesumant.
944 2745 986 2806 Et
1006 2743 1033 2806 si
1058 2744 1090 2804 in
1109 2744 1178 2827 ipsa

62 2851 134 2890 casa
156 2828 265 2890 feritas
285 2837 341 2888 aut
361 2827 467 2910 plagas
494 2827 580 2909 ipsae
605 2826 757 2889 mulieres
776 2827 961 2911 cuicunque
981 2826 1106 2887 homini
1125 2828 1178 2887 fe·

17 2957 20 2970 .
62 2911 177 2988 ceriut,
202 2908 309 2971 mariti
332 2918 526 2992 componant
547 2909 628 2992 ipsas
649 2909 757 2993 plagas
777 2920 833 2976 aut
847 2911 969 2988 feritas,
990 2929 1070 2992 quas
1089 2907 1177 2991 ipsae
1240 2909 1243 2916 ’

59 2992 201 3054 fecerint
222 2992 404 3054 secundum
430 3001 576 3053 tenorem
599 2991 717 3053 Edisti.
771 2993 840 3053 Hoc
863 3001 971 3053 autem
997 2992 1072 3053 ideo
1098 3011 1177 3071 pro-

61 3073 244 3156 speximus,
268 3083 334 3133 tam
354 3074 394 3134 de
418 3074 607 3156 disciplina,
636 3095 732 3154 quam
759 3073 799 3136 de
822 3073 1068 3157 compositione,
1097 3071 1176 3152 quia

61 3175 129 3216 nou
157 3175 324 3236 possumus
346 3156 520 3217 mulierum
539 3155 766 3218 collectionem
793 3156 834 3217 ad
853 3155 989 3217 arascild
1017 3152 1175 3214 assimila·

61 3258 110 3315 re,
132 3236 295 3318 nequead
316 3236 509 3298 seditionem
529 3238 775 3316 rusticanorum,
794 3237 870 3320 quia
891 3237 953 3300 viri
970 3237 1063 3298 istam
1080 3257 1175 3297 caus-

61 3340 128 3382 sam
151 3318 292 3394 faciunt,
315 3338 380 3376 nou
405 3328 510 3380 autem
536 3320 705 3382 mulieres:
736 3330 768 3380 et
795 3319 869 3380 ideo
895 3319 934 3380 de
957 3319 1032 3401 ipsis
1054 3318 1174 3378 mulie-

61 3402 150 3464 ribus
176 3400 251 3479 fiat,
278 3399 362 3461 sicut
382 3419 476 3483 supra
507 3403 683 3474 statuimus.
725 3401 894 3482 Siquidem
925 3399 1115 3482 simpliciter
1138 3399 1172 3460 in

61 3483 251 3546 scandalum
273 3482 517 3566 qualiscumque
538 3483 658 3544 mulier
682 3482 874 3560 cucurrerit,
897 3492 929 3543 et
959 3492 1095 3546 mortem
1119 3491 1173 3542 aut

62 3565 174 3627 feritas
203 3566 258 3628 vel
281 3565 390 3649 plagas
417 3565 463 3626 ibi
487 3564 668 3647 acceperit,
693 3565 816 3640 sicfiat
837 3565 975 3644 iustitia,
1004 3565 1088 3628 sicut
1114 3565 1172 3627 de·

1 3679 12 3702 u
62 3668 171 3710 censor
199 3656 310 3710 nos'ter
339 3646 510 3709 Rothariue
543 3650 612 3709 Rex
639 3647 781 3710 instituit
813 3648 867 3710 vel
904 3648 1073 3713 iudicarit.
1176 3643 1179 3647 ’

1 3811 2 3814 ¹
61 3731 90 3797 l.
115 3751 160 3814 17.
181 3729 212 3793 5.
231 3730 261 3791 6.

127 3829 213 3878 ¹arctini.
247 3813 326 3865 Petre
342 3820 372 3864 tc
390 3813 511 3883 appellat
527 3813 676 3875 Martinus,
705 3813 781 3882 quod
801 3818 833 3864 tu
851 3811 941 3865 fecisti
969 3809 1088 3864 adunare
1110 3820 1172 3864 tuas

62 3881 180 3945 seminas,
199 3881 309 3946 liberas,
336 3892 365 3936 et
381 3883 505 3945 ancillas,
524 3901 591 3952 quas
607 3883 719 3954 potuisti
737 3883 849 3946 habere,
869 3891 896 3934 et
917 3881 1013 3932 misisti
1031 3898 1075 3932 eas
1092 3899 1173 3952 super

1 3986 2 3991 =
62 3969 93 4006 se
118 3953 148 4003 in
165 3952 256 4005 vicum
272 3954 372 4014 talem,
397 3963 424 4006 et
446 3953 607 4006 occiderunt
625 3952 675 4005 sibi
694 3971 778 4004 unum
796 3970 874 4004 suum
891 3969 1003 4004 servum.

133 4022 212 4074 Petre
227 4032 256 4076 te
279 4025 400 4094 appellat
423 4017 565 4087 Martinus,
583 4023 657 4094 quod
680 4032 711 4075 tu
729 4023 854 4076 occidisti
873 4021 986 4075 Mariam
1003 4036 1079 4072 suam
1093 4036 1174 4072 mun.

65 4089 202 4146 doaldam.
238 4093 300 4146 Non
319 4093 421 4163 occidi,
445 4095 520 4164 quod
538 4111 587 4169 per
610 4094 698 4160 legem
719 4093 862 4150 emendare
889 4092 1012 4148 debeam.
1048 4091 1126 4143 Pctre
1142 4098 1172 4144 te

96 4301 104 4322 ι
134 4250 162 4319 t)
181 4250 224 4308 ll.
242 4251 328 4306 Codd.
338 4253 473 4326 frustari.
510 4231 619 4310 Horold.
629 4254 767 4329 flusture.
