2640 4838
456 285 622 344 nurerum
645 285 822 342 nornmis
1039 308 1042 322 ‚
1103 245 1194 342 ”3713

80 421 354 502 aliu'mvmaritunt
382 429 498 494 debeat
525 427 689 488 ambulare
698 472 708 505 ‚
743 434 799 488 aut
826 427 865 488 ad
892 427 1195 511 parentes'r‘everti‚

80 528 136 581 aut
157 517 196 578 ad
218 519 351 579 Curtem
370 513 477 596 Regis,
499 520 579 572 tuuc
600 509 695 570 heres
716 509 821 572 mariti
842 509 960 593 prioris
983 511 1118 594 accipiat
1132 531 1197 572 me·

82 601 172 664 dium
194 600 233 660 de
255 609 349 675 meta,
372 596 456 659 sicut
477 615 573 674 supra
595 592 804 654 constitutum
827 603 886 670 est,
908 602 940 656 et
962 589 1028 676 ipsa
1049 615 1107 676 per
1128 615 1197 652 ma·

82 705 161 744 num
184 681 280 744 simili
302 681 398 742 modo
417 679 617 752 retrudatur,
639 674 722 736 sicut
743 675 843 756 priori
865 675 979 736 marito
997 676 1112 737 tradita
1129 677 1199 736 fue·

81 768 135 830 ait.
175 767 255 827 Nam
282 763 376 825 aliter
397 761 467 826 sine
488 759 661 821 traditione
688 758 812 824 nullam
832 773 941 821 rerum
964 759 1099 820 dicimus
1120 758 1198 820 suh-

82 850 194 914 aistere
216 846 409 906 firmitatem.
473 844 514 908 ΙΙ.
542 865 566 906 1.
589 841 616 904 5.

64 961 65 964 ¹
92 973 97 980 -
166 929 370 991 CLXXXIV.
412 925 445 986 Si
468 923 598 1008 quando
619 930 712 1006 pater
731 923 841 1002 filiam,
860 932 914 985 aut
935 913 1038 986 frated
1056 945 1199 986 sororem

60 1075 61 1080 ,
83 1035 174 1078 suam
194 1012 249 1071 alii
271 1010 312 1071 ad
334 1030 468 1070 uxorem
489 1006 668 1084 tradiderit,
691 1018 723 1067 et
743 1007 860 1089 aliquis
882 1029 922 1068 ex
944 1007 1053 1069 amieis
1068 1015 1199 1089 accepto

84 1094 201 1158 exenio
213 1099 254 1170 m)
268 1093 328 1174 ipsi
345 1091 475 1156 mulieri
497 1089 621 1170 aliquid
643 1089 781 1166 dederit,
804 1091 837 1150 in
860 1089 965 1174 ipsius.
977 1089 1018 1150 sit
1033 1099 1202 1173 potestate,

84 1179 141 1260 qui
162 1175 331 1238 mundium
349 1181 386 1248 n)
415 1174 454 1234 de
478 1171 632 1250 celeuil,
665 1192 704 1231 eo
730 1173 821 1253 quod
843 1172 995 1249 maritus,
1029 1173 1055 1233 si
1084 1173 1202 1234 laune-

85 1259 176 1323 child
196 1257 386 1340 requisitum
407 1256 514 1332 fuerit,
537 1254 604 1336 ipse
627 1253 741 1314 debeat
761 1256 956 1335 persolvere.
1018 1257 1059 1316 ll.
1085 1277 1110 1321 1.
1131 1254 1160 1315 6.

95 1362 100 1375 ⁴
154 1357 233 1394 roua.
270 1334 298 1392 P.
318 1349 347 1392 te
362 1338 484 1409 appellat
499 1339 536 1390 M.
554 1337 650 1405 quod,·
672 1338 783 1406 quaudo
805 1347 836 1389 tu
861 1337 960 1390 dedisti
981 1337 1032 1390 sibi
1052 1339 1087 1390 ad
1106 1335 1204 1390 coniu-

86 1413 159 1481 gium
177 1411 291 1463 Mariam
305 1419 382 1462 tuam
404 1408 488 1459 filiam
504 1409 533 1462 P.
550 1407 627 1460 dedit
643 1415 754 1460 centum
776 1409 877 1462 solidos
895 1425 944 1478 per
962 1417 1107 1478 acceptum
1121 1405 1204 1461 servi·

86 1485 156 1536 tium
172 1481 255 1550 ipsius
276 1480 430 1540 foeminae,
459 1495 527 1548 quos
544 1477 595 1528 sibi
612 1477 704 1530 debes.
750 1478 778 1530 P.
795 1486 825 1530 te
843 1480 965 1548 appellat
984 1481 1020 1532 nt.
1041 1477 1151 1548 quando
1168 1478 1203 1529 D.

88 1555 165 1606 dedit
180 1550 232 1602 tibi
252 1550 337 1601 filiam
355 1567 431 1602 suam
450 1549 485 1600 ad
505 1547 676 1612 coniugium,
696 1548 770 1617 quod
788 1547 849 1618 ipse
871 1549 947 1601 dedit
966 1548 991 1600 ei
1015 1549 1115 1601 solidos
1138 1565 1204 1601 ceu·
1304 1571 1310 1584 ·

87 1634 156 1744 tumd
169 1639 218 1742 pgr
240 1629 384 1690 acceptum
404 1616 544 1675 servitium
562 1617 645 1688 ipsius
666 1617 818 1683 foeminae,
845 1628 874 1672 et
895 1619 974 1683 vult,
1001 1629 1033 1672 ut
1049 1619 1133 1672 facias
1150 1615 1203 1670 sibi

89 1710 135 1750 vui
158 1709 292 1744 etonem.

121 1833 122 1836 Ἴ
172 1757 360 1825 CLXXXV.
401 1756 492 1819 Nulli
522 1755 620 1817 liceat
640 1778 813 1819 novercam
834 1779 940 1837 suam,
970 1756 1005 1818 id
1026 1767 1074 1820 est
1093 1753 1206 1818 matri-

91 1844 188 1920 niam,
211 1863 293 1924 quae
314 1844 378 1904 fuit
397 1861 482 1902 uxor
501 1839 617 1923 patris,
641 1861 746 1921 neque
767 1841 961 1924 privignam,
984 1840 1015 1902 id
1040 1848 1087 1902 est
1099 1837 1205 1900 tiliae·

5 1964 12 1972 -
90 1935 184 2004 trem,
206 1945 312 2007 neque
334 1933 511 2007 cognatam,
533 1943 615 2004 quae
637 1923 701 1983 fuit
721 1945 804 1982 uxor
824 1925 951 2003 fratris,
982 1925 1101 1985 ducere
1123 1941 1208 1982 uxo·

92 2031 173 2072 rem.
214 2009 257 2068 Et
277 2007 303 2068 si
325 2007 390 2090 ipsa
415 2003 624 2082 consenserit,
647 2006 716 2082 vir,
739 2005 795 2088 qui
818 2029 886 2068 eam
908 2008 1039 2068 duxerit
1060 2024 1207 2082 uxorem,

92 2099 263 2173 componet
282 2110 340 2172 pro
362 2090 457 2170 culpa
479 2088 513 2147 in
536 2089 633 2148 Curte
655 2087 752 2170 Regis
773 2089 892 2151 solidos
914 2092 949 2155 C.
972 2098 1003 2150 et
1025 2109 1099 2148 mox
1121 2107 1211 2168 sepa·

5 2205 8 2210 ·
92 2183 184 2238 retur
205 2173 243 2231 ab
263 2193 320 2248 ea,
352 2171 516 2232 districtus
538 2193 553 2229 a
575 2171 672 2254 Rege.
714 2173 756 2231 Et
778 2171 845 2253 ipsa
866 2173 985 2234 mulier
1004 2170 1120 2230 habeat
1140 2189 1210 2228 me·

94 2256 182 2318 dmm
205 2255 244 2314 de
266 2255 353 2314 omni
376 2267 505 2330 resne,
534 2263 566 2312 et
588 2253 730 2314 medium
751 2255 891 2331 amittat,
920 2266 953 2316 et
980 2252 1089 2316 Curtia
1109 2249 1210 2334 Regia

94 2338 264 2419 suscipiat,
300 2360 338 2398 eo
368 2338 455 2418 quod
476 2346 587 2398 contra
611 2337 794 2396 mandatum
815 2337 900 2421 regis
923 2353 957 2402 ot
980 2336 1110 2399 illicitas
1133 2353 1211 2395 con·

94 2421 231 2484 senserit
246 2419 411 2480 celebrare
433 2418 570 2502 nuptias.
601 2419 692 2479 Hane
713 2439 850 2498 poenam
870 2421 1051 2483 sustineant
1072 2426 1104 2480 et
1123 2437 1212 2496 mox,

95 2497 136 2565 ut‘
153 2502 274 2565 dictum
295 2513 353 2577 est,
375 2511 572 2585 separentur.
640 2501 686 2566 ll.
706 2503 735 2566 ὅ.
762 2524 785 2565 ι.

106 2613 107 2616 “
176 2583 388 2648 CLXXXVI.
429 2585 464 2646 si
492 2583 544 2647 vir
573 2583 703 2645 mulieri
725 2582 915 2646 violentiam
934 2582 1050 2645 feeerit
1071 2592 1104 2644 et
1123 2580 1212 2642 iuvi·

94 2678 159 2730 tam
190 2689 260 2728 eam
287 2667 400 2728 tulerit
429 2667 468 2726 ad
491 2689 634 2728 uxorem
642 2711 653 2739 ,
686 2667 726 2728 sit
753 2665 924 2749 culpabilis
943 2667 1095 2732 DCCCC.
1113 2663 1213 2727 solid.

95 2751 237 2812 medium
259 2751 349 2832 Regi,
373 2759 405 2811 et
425 2751 570 2810 medium
587 2749 775 2830 parentibus
797 2746 952 2811 mulieris.
979 2748 1070 2811 Etsi
1093 2767 1213 2830 pareu-

95 2843 144 2894 tes
167 2855 233 2893 non
254 2833 415 2909 habuerit,
438 2831 498 2916 ipsi
519 2833 669 2894 DCCCC.
691 2832 786 2894 solidi
808 2833 848 2894 ad
870 2831 1002 2894 Curtem
1023 2831 1119 2912 Regis
1142 2829 1214 2892 exi-

98 2925 223 2998 gantur.
264 2917 306 2978 Et
333 2913 451 2976 mulier
479 2915 545 2997 ipsa
571 2915 686 2976 habeat
713 2915 877 2976 licentiam
898 2937 971 2975 eum
993 2915 1141 2976 omnibus
1162 2932 1213 2973 re·

97 2999 158 3060 bus
179 2999 244 3060 suis
265 2997 423 3080 propriis,
453 3019 536 3078 quae
558 2998 587 3058 ei
609 3018 668 3078 per
689 2997 794 3079 legem
822 3007 1026 3079 competunt,
1056 2992 1214 3078 eligendi,

100 3080 158 3160 qui
180 3080 350 3140 mundium
372 3079 440 3142 eius
462 3081 495 3140 iu
517 3087 672 3160 potestate
692 3079 822 3152 habeat;
844 3082 918 3143 vult
938 3080 978 3141 ad
999 3089 1168 3162 parentes,
1187 3075 1216 3136 ai

102 3161 263 3237 hahuerit,
284 3163 355 3222 vult
376 3162 416 3222 ad
437 3163 579 3238 fratrem,
600 3162 672 3222 vult
692 3163 732 3222 ad
751 3163 929 3223 barbanum
943 3167 987 3245 p),
1010 3171 1066 3222 aut
1086 3159 1126 3220 ad
1147 3179 1217 3218 ma·

85 3265 183 3303 ¹num
204 3244 315 3326 Regis,
345 3244 378 3304 in
407 3243 506 3326 ipsius
533 3243 680 3306 mulieris
707 3245 748 3306 sit
768 3254 945 3329 potestate,
973 3243 1029 3305 ubi
1057 3241 1119 3305 sibi
1146 3241 1217 3325 ipsa

105 3326 155 3387 ele
180 3325 249 3390 erit.
312 3327 337 3391 l,
358 3329 408 3390 30.
434 3349 457 3386 1.

80 3441 104 3480 y
159 3347 410 3472 gCLXXXVII.
453 3408 593 3492 Siquis
623 3409 767 3471 violento
789 3407 920 3469 nomine
942 3408 1055 3470 tulerit
1081 3428 1216 3469 uxorem

108 3489 259 3564 liberam,
283 3501 454 3574 componat
475 3501 509 3552 ut
527 3515 620 3574 supra
637 3492 756 3554 solidos
771 3492 921 3552 DCCCC.
944 3500 977 3554 et
993 3502 1103 3574 postea
1120 3511 1216 3550 mun-

108 3572 197 3633 dium
226 3572 294 3634 eius
322 3575 427 3634 faeiat.
486 3575 566 3634 Nam
595 3575 620 3636 si
649 3574 818 3657 contigerit
842 3595 950 3652 casus,
980 3584 1016 3634 ut
1044 3582 1218 3655 antequam

108 3655 276 3716 mundium
292 3657 359 3718 eius
376 3656 489 3734 faeiat,
512 3668 635 3718 mortua
651 3657 766 3734 fuerit,
787 3677 838 3718 res
853 3655 921 3716 eius
939 3657 1124 3740 parentibus
1141 3654 1218 3715 red,-

108 3738 235 3798 dantur.
277 3739 318 3798 Et
338 3740 394 3799 ille
408 3739 457 3800 vir
475 3739 532 3821 qui
552 3762 621 3800 eam
638 3740 781 3802 violento
799 3739 928 3800 nomine
945 3739 1058 3800 tulerit
1071 3759 1218 3816 uxorem,

110 3830 282 3902 componat
298 3842 367 3882 eam
382 3843 440 3902 pro
464 3831 602 3901 mortua,
623 3833 784 3906 tamquam
798 3822 824 3884 si
838 3822 943 3884 virum
965 3824 1005 3886 de
1028 3821 1126 3882 simili
1144 3841 1219 3882 san-

111 3904 218 3986 guine,
241 3903 276 3966 id
297 3915 345 3966 est
365 3907 495 3966 fratrem
516 3905 583 3966 eius
605 3905 786 3986 occidisset,
808 3907 853 3967 ita
870 3907 1080 3989 appretietur3
1103 3913 1136 3969 et
1149 3925 1220 3966 eam

182 4174 223 4233 m)
242 4170 329 4222 Closs.
348 4169 437 4222 interl.
458 4172 516 4223 te.
537 4169 659 4227 seminia.
727 4131 914 4240 vn)Un.Cod.
932 4167 1120 4223 donationem.
1196 4165 1225 4236 ο)

114 4237 167 4293 Un.
187 4239 254 4292 Cod.
274 4242 328 4294 Dei
343 4239 512 4294 mandatum.
581 4249 616 4311 p)
634 4241 674 4294 tl.
695 4241 781 4294 Codd.
800 4241 967 4310 barbanum
995 4239 1116 4296 tart-am.
