2640 4838
64 239 142 320 ⁶88
444 225 610 319 emersu
644 265 824 322 romans

146 401 225 471 XX.
268 400 303 464 si
330 399 406 484 quis
426 402 467 466 de
491 405 721 468 exercitalibus
745 408 871 470 Ducem
893 430 988 470 suum
1017 419 1188 497 contemp-

61 483 159 584 serit,
181 488 222 549 ad
244 483 398 630 institiaqu
418 487 619 647 lqciqudam,
656 491 724 550 XX.
744 491 865 554 solidos
885 493 973 554 Duci
994 515 1056 555 suo
1079 506 1114 557 et
1131 499 1189 559 Re·

62 593 102 684 m*
122 579 315 717 eillulilodmii
344 593 428 734 quis¹
451 621 484 714 in
507 617 655 716 exercitu
674 655 838 720 ambulare
856 659 1114 744 contempserit,
1136 671 1189 726 aut

62 739 258 802 sculscaram
279 737 334 815 g),
358 738 413 798 det
433 736 512 818 Regi
537 739 665 800 etDoci
688 761 746 800 suo
768 740 888 803 solidos
910 740 988 804 XX.
1033 743 1064 808 l.
1093 746 1188 820 146.
1266 802 1268 825 ,

130 838 211 874 roasa.
249 819 348 884 Petra,
373 829 401 872 te
424 822 547 891 appellat
566 822 699 874 Martinus
720 823 870 876 advocatus
898 825 934 876 de
952 835 1033 896 parte
1055 827 1186 896 publica,
1265 846 1268 869 ³

61 893 138 964 quod
156 901 188 944 tu
214 889 289 942 issisti
314 899 486 964 contemptor
508 891 649 945 ambulare
671 890 701 944 in
720 895 857 960 scaleam,
894 905 944 949 aut
961 898 992 949 in
1022 899 1186 955 exercitum.

59 963 123 1021 lion
164 964 254 1014 laceat
278 961 346 1014 Deo.

142 981 248 1094 XXll.
293 1031 422 1114 Siquis
454 1032 494 1094 de
519 1033 589 1115 ipso
618 1033 765 1096 exercitu
792 1033 877 1096 Duci
912 1058 971 1099 suo
998 1037 1040 1098 ad
1073 1037 1186 1102 iustam

60 1134 204 1179 massam
236 1116 495 1197 persequendam
522 1117 734 1198 denegaverit
755 1117 923 1200 solatium,
952 1124 1185 1210 uuusquisque

61 1205 235 1282 componat
250 1197 331 1280 Regi
354 1208 387 1260 et
406 1200 492 1262 Duci
514 1221 573 1264 suo
594 1199 715 1262 solidos
742 1199 811 1262 XX.
870 1205 896 1265 I.
923 1204 970 1281 ¹4·
997 1225 1026 1266 a.
1184 1257 1187 1260 .

143 1281 267 1343 XXlll.
309 1280 344 1341 si
363 1283 438 1344 Dux
460 1281 668 1345 exercitalem
688 1304 782 1345 suum
802 1283 1024 1348 molestaverit
1050 1287 1183 1365 iniuste,

58 1365 243 1429 Gestaldius
263 1363 301 1437 h)
324 1385 399 1424 eum
422 1366 569 1446 solatiet,
598 1365 675 1427 dum
694 1387 796 1449 usque
818 1367 858 1428 ad
878 1369 1103 1451 praesentiam
1122 1376 1185 1436 Re·

59 1450 127 1534 gis,
149 1456 204 1510 aut
228 1455 318 1605 cea-tq
348 1448 434 1590 qpud
458 1471 553 1512 suum
582 1447 745 1522 iudicem,
778 1469 852 1510 eum
870 1452 912 1513 ad
931 1453 1096 1517 iustitiam
1110 1478 1183 1541 per·

59 1535 167 1596 ducat.
229 1533 255 1590 1.
281 1550 291 1588 1
320 1578 326 1590 .
371 1582 378 1595 .

142 1615 265 1678 XXIV.
307 1613 341 1674 Si
370 1610 554 1686 Gastaldius
588 1613 795 1675 exercitalem
821 1637 917 1678 suum
941 1627 1062 1680 eontra
1084 1620 1183 1681 ratio·

60 1719 136 1759 uem
163 1694 399 1773 molestaverit,
434 1697 608 1757 Dareum
634 1697 783 1779 solatiet,
817 1719 988 1785 quousque
1010 1702 1182 1767 veritatem

57 1803 148 1844 suam
177 1777 332 1845 inveniat.
397 1778 421 1843 l.
442 1777 489 1856 14.
513 1777 542 1842 5.

142 1863 241 1926 XXV.
283 1861 318 1923 Si
345 1861 417 1946 quis
442 1882 495 1921 res
519 1883 590 1924 suas
612 1883 649 1924 ac
668 1863 733 1926 alio
757 1865 790 1925 in
813 1865 960 1946 exercitu,
976 1865 1182 1949 requisierit,

58 1955 92 2010 et
114 1945 259 2010 noluerit
292 1944 362 2006 illle
392 1942 549 2022 reddere,
579 1955 658 2006 tunc
691 1948 835 2010 ambulet
855 1948 895 2009 ad
922 1951 1068 2022 Ducem;
1099 1951 1180 2013 etsi

57 2031 135 2094 Dux
162 2029 229 2107 illi,
253 2038 310 2090 aut
339 2028 442 2090 ludex
464 2027 575 2110 quiin
599 2029 670 2090 loco
691 2033 857 2094 ordinatus
880 2041 928 2092 est
950 2055 967 2093 a
989 2033 1102 2114 Rege,
1124 2055 1180 2094 ve-

57 2115 188 2179 ritatem
208 2122 264 2174 aut
284 2112 440 2176 iustitiam
462 2132 529 2171 non
552 2115 811 2192 conservaverit,
841 2123 1014 2199 componat
1032 2125 1102 2176 tam
1121 2116 1179 2177 Re·

57 2198 109 2280 gi,
128 2219 239 2280 ,quam
268 2195 318 2274 ei,
351 2196 443 2258 cuius
464 2195 576 2258 caussa
597 2203 664 2275 est,
691 2197 812 2260 solidos
841 2197 938 2278 XX.,
969 2219 1084 2261 caussa
1111 2219 1178 2259 ma-

57 2290 207 2418 neniblnr.
226 2279 325 2414 licife-
342 2280 424 2425 liius,
455 2369 502 2414 aut
517 2361 596 2414 Petre
614 2360 720 2424 ludex,
740 2371 768 2416 te
790 2362 912 2434 appellat
926 2362 1081 2427 Martinus,
1104 2365 1178 2438 quod

55 2438 89 2486 tu
106 2449 163 2502 eras
182 2429 323 2484 ordinatus
343 2449 358 2482 s
382 2433 453 2498 Rege
481 2430 516 2482 sd
542 2431 747 2496 gubernandum
771 2434 920 2486 exercitum
938 2435 1042 2494 talem,
1074 2437 1177 2505 etipse

57 2499 157 2559 erotin'
176 2502 234 2572 ipso
261 2503 401 2564 exercitu,
428 2512 456 2554 et
478 2499 599 2554 habebat
627 2503 761 2571 perditam
784 2504 868 2556 talem
887 2520 943 2555 rem
963 2505 992 2555 in
1012 2505 1074 2573 ipso
1102 2524 1178 2559 exer-

56 2573 133 2635 citu,
163 2578 192 2623 et
216 2570 293 2626 venit
314 2571 350 2622 ad
373 2580 420 2630 te,
452 2576 485 2625 ut
501 2573 603 2625 laceres
625 2573 651 2626 ei
675 2572 834 2640 laeticiam,
864 2583 893 2627 et
909 2591 966 2626 non
985 2573 1088 2632 fecisti.
1136 2578 1177 2629 De
1271 2632 1272 2639 ,

58 2647 132 2696 torto
150 2653 197 2694 me
220 2639 371 2712 appellasti

57 2770 109 2832 De
139 2768 277 2850 Vogueri
305 2765 477 2826 arbitraria
517 2764 772 2850 (Vuegnuorfin,
805 2765 844 2828 id
868 2779 915 2828 est
921 2811 933 2841 ,
965 2757 1177 2852 Corbitaria.)
1260 2766 1261 2769 ¹

137 2881 252 2953 XXVI.
294 2881 329 2942 Si
363 2880 436 2963 quis
461 2879 592 2941 mulieri
621 2881 743 2957 liberae
767 2889 824 2941 aut
848 2883 977 2966 puellae
999 2883 1033 2943 in
1060 2885 1115 2946 via
1142 2907 1176 2948 se

55 2965 294 3052 anteposuerit,
325 2973 379 3024 aut
402 2962 544 3047 aliquam
567 2965 718 3025 iniuriam
740 2964 911 3037 intulerit,
944 2968 1101 3034 DCCCC.
1123 2991 1176 3030 so-

54 3049 131 3112 lidis
155 3055 345 3131 componat,
368 3045 574 3108 medietatem
604 3047 706 3129 Regi,
736 3056 768 3109 et
797 3048 1002 3109 medietatem
1023 3051 1079 3111 cui
1108 3051 1177 3134 ipsa

55 3131 177 3194 iniuria
198 3130 435 3275 illata6fuerit,
468 3140 523 3192 aut
548 3130 589 3192 ad
615 3151 714 3213 qnam
744 3129 916 3192 mundium
937 3131 978 3193 de
1008 3153 1046 3193 ea
1068 3135 1175 3216 perti-

55 3219 174 3280 nuerit.
215 3217 242 3276 1.
269 3237 278 3274 1
307 3265 314 3279 .
340 3235 364 3279 1.

138 3298 274 3360 XXVll.
318 3297 352 3358 Si
379 3294 452 3378 quis
473 3293 598 3355 homini
624 3295 729 3356 libero
745 3295 830 3358 viam
853 3296 1071 3376 antesteterit‚
1096 3296 1174 3364 XX.

53 3381 149 3449 solid.
171 3389 359 3464 componat;
390 3378 436 3439 sic
462 3387 587 3456 tamen,
619 3388 660 3440 ut·
678 3380 818 3462 aliquam
844 3378 1021 3442 laesionem
1042 3380 1078 3438 in
1108 3403 1176 3443 car·

54 3487 97 3529 ne
122 3465 223 3548 ipsios
245 3484 309 3524 uon
333 3462 445 3531 laciet3
475 3483 549 3521 nam
571 3462 598 3523 si
622 3461 759 3541 fecerit,
786 3459 860 3524 XX.
888 3463 1008 3524 solidos
1029 3462 1059 3522 ei
1081 3462 1179 3523 com?

52 3558 173 3633 ponat,
198 3568 254 3628 pro
268 3543 407 3628 eoquod
428 3545 672 3606 antesteteritin
696 3544 765 3622 via,
788 3553 820 3605 et
831 3544 940 3606 feritas
964 3555 1019 3606 aut
1040 3545 1172 3628 plagas,

52 3633 80 3694 si
97 3631 231 3707 fecerit,
261 3625 478 3777 si5eutsubter
498 3627 661 3690 adnexum
683 3637 732 3690 est
756 3628 792 3687 iu
824 3627 888 3689 hoc
912 3628 1038 3708 edicto,
1056 3634 1062 3648 “
1079 3650 1173 3690 com-

76 3724 175 3778 anst..
218 3715 242 3775 1.
269 3735 278 3774 ι
306 3734 365 3780 .1.

51 3737 74 3802 P
135 3796 290 3865 XXVlll.
332 3793 463 3877 Siquis
490 3814 584 3854 servo
611 3791 738 3870 alieno,
768 3803 824 3854 ant
845 3788 1003 3869 ancillae,
1039 3816 1101 3856 seu
1123 3797 1172 3858 al·

51 3880 126 3960 dio,
149 3881 201 3943 vel
220 3879 342 3955 aldiae,
365 3887 420 3938 aut
445 3876 578 3952 liberto,
611 3876 665 3938 vel
687 3875 823 3938 libertae
843 3875 927 3936 viam
954 3880 1173 3960 antesteterit,

50 3965 185 4027 domino
206 3965 276 4027 eius
297 3968 470 4045 componat
489 3958 609 4024 solidos
630 3957 704 4026 XX.
759 3960 785 4026 1.
811 3959 857 4026 15.
878 3981 907 4022 2.

89 4171 94 4184 '
118 4153 149 4235 g)
172 4163 216 4218 Al.
242 4158 330 4214 codd.
353 4159 482 4214 scaleam.
535 4157 626 4212 Gloas.
651 4174 731 4228 marg.
759 4159 778 4210 t.
794 4174 816 4214 a.
846 4153 987 4212 custodire
1020 4173 1079 4214 rem
1113 4159 1174 4215 au.

50 4251 145 4307 quem.
193 4231 229 4301 b)
251 4233 340 4286 Glosu
359 4230 452 4286 interl.
471 4230 491 4286 i.
509 4230 655 4288 evome.
