2684 4868
273 279 379 348 uaors
395 273 686 340 msieurnuuun
710 283 776 344 su.
794 279 843 338 iv.
861 277 938 350 nr„
952 281 1002 342 ru.
1110 265 1196 339 dte

83 427 118 488 in
147 442 220 484 arca
245 421 377 504 publica
407 421 608 484 fonctionem
629 420 798 486 ersolrere
820 421 965 484 consueti
984 429 1087 506 sunt,
1113 429 1197 487 nutt-

84 527 182 590 quam
211 505 345 586 quidem
370 505 553 565 facultatem
581 520 671 567 suana
706 505 846 566 vendere
875 515 929 566 aut
962 506 1119 586 dasara‚·²
1142 508 1197 570 adl

84 587 335 650 commutatione
356 581 464 668 aliqu'a
487 588 622 648 debeant
643 588 796 650 alienare.
850 589 899 649 Et
920 597 1026 649 tamen
1044 589 1083 653 'sl
1115 608 1196 651 oon·-

82 673 219 754 tigerit,
233 671 400 730 voluntate
423 679 479 730 aut
502 670 691 732 necessitate
715 689 768 731 eos
802 669 918 748 alicui,
945 672 1011 734 tire
1032 673 1197 735 venditio*-

85 776 127 816 ne
151 763 206 814 ant
227 752 400 813 donatione
429 771 556 814 omnem
586 772 675 814 auam
701 751 888 814 facultatem
919 751 1012 815 dare:
1043 756 1100 816 ille
1135 753 1195 835 qui

84 836 212 918 aceepit
232 855 363 896 censum
384 833 492 908 illius,
524 855 541 896 a
563 857 627 920 quo
649 835 772 918 accepit
800 836 969 897 exsolvere
991 838 1196 919 procurabit,

84 919 222 980 ethano
252 917 532 999 ipsam·surumam
569 936 701 996 census,
735 917 879 978 eiusdem
913 918 1090 998 scripturae
1120 927 1197 981 suae

85 1001 166 1063 ordo
187 1021 247 1082 per
271 999 377 1059 omnia
401 1000 590 1062 continebit.
637 1001 702 1062 Sed
731 1008 762 1061 et
787 999 843 1082 qui
869 1002 1075 1064 medietatem
1096 1001 1197 1064 facul·

83 1084 158 1145 tatis
180 1084 292 1144 talium
314 1103 537 1163 personarum,
569 1083 620 1144 rel
642 1092 764 1166 partem
785 1082 925 1163 aliquam¹
945 1084 979 1142 in
1005 1085 1196 1167 mancipiis,

83 1165 200 1242 terris,
230 1167 355 1242 vineis,
397 1163 608 1248 domibusque
637 1165 838 1248 perceperit,
873 1166 962 1226 iuxta
984 1168 1197 1249 quantitatem

85 1257 268 1332 acceptatae
292 1247 358 1323 rei,
387 1247 588 1308 functionem
609 1245 770 1332 pubiicum
792 1247 983 1329 impleturus
1014 1260 1070 1316 est.
1121 1248 1197 1325 'Qui

85 1341 195 1392 autem
223 1329 263 1392 de
290 1328 409 1390 talibus
434 1331 580 1412 personis
612 1331 792 1412 accipiens,
834 1340 889 1390 aut
918 1353 974 1414 per
1005 1333 1197 1413 scripturam

85 1411 217 1484 illiusa
249 1429 314 1496 quo
339 1413 480 1494 accepit,
515 1433 580 1472 non
612 1413 790 1475 ostenderit
813 1411 893 1554 quid
915 1415 1034 1476 exinde
1055 1413 1196 1475 functio·

86 1495 139 1557 nis
163 1494 321 1570 exsolvat,
343 1504 399 1554 aut
420 1515 486 1555 uuo
515 1495 647 1557 forsitan
671 1517 756 1556 anno
777 1515 812 1556 re
838 1495 913 1555 dere
936 1497 1122 1558 censionem
1146 1494 1197 1579 ip-

85 1599 152 1642 sum
175 1576 356 1638 distulerit:
384 1594 459 1638 mox
482 1577 577 1659 Regis
598 1577 780 1655 auditibus,
810 1578 878 1638 sire
903 1579 1056 1656 Comitis,
1079 1587 1133 1638 aut
1150 1577 1198 1636 iu-

86 1660 169 1722 dicis
194 1658 289 1718 buius
317 1659 366 1719 rei
384 1659 476 1722 'actio
505 1659 701 1722 innotuerit:
728 1681 890 1743 possessor
918 1664 1033 1724 amisse
1063 1661 1171 1744 precio
1187 1702 1198 1736 ,

23 1788 25 1796 ,
87 1753 119 1805 ct
143 1735 271 1824 siquid
295 1749 443 1802 econtra
467 1740 615 1820 dederat,
646 1743 679 1804 id
701 1743 796 1804 etiam
817 1742 904 1824 qued
925 1744 1050 1828 accepit
1070 1765 1109 1804 ex
1132 1762 1198 1802 orn·

87 1825 185 1887 nibus
204 1823 336 1906 perdat.¹
368 1824 416 1884 lta
440 1831 476 1884 ut
498 1823 661 1908 Principis
684 1833 842 1908 potestas,
866 1847 923 1886 seu
946 1826 994 1886 illi
1017 1826 1073 1908 qui
1097 1826 1198 1886 dede*-

88 1917 140 1969 rat
160 1907 297 1968 reddere
327 1905 484 1984 vuluerit,
513 1907 581 1969 sive
604 1907 675 1969 aliis
704 1910 836 1968 sortasse
860 1910 1009 1970 conferre
1032 1908 1198 1970 licentiam

86 1989 214 2055 habeat.
279 1988 360 2072 Ipsis
393 1989 523 2050 interim
557 1990 732 2051 curialibus
768 1990 820 2050 rel
849 1990 983 2072 privatis
1018 1990 1105 2050 inter
1146 2009 1198 2065 se,
1271 2053 1275 2060 ,

87 2069 275 2147 vendendi,
315 2071 456 2144 donandi
490 2079 522 2133 et
559 2069 776 2133 commutandi
812 2070 855 2130 ita
888 2072 1119 2150 licitum-erit,
1162 2078 1201 2131 ut

88 2155 145 2218 ille
173 2153 235 2236 qui
256 2153 435 2236 acceperit,
468 2154 669 2216 functionem
697 2153 744 2216 rei
776 2163 925 2232 acceptae
951 2154 1090 2238 publicis
1113 2153 1201 2214 utill-

89 2238 207 2298 tatibus
229 2235 415 2317 impendere
438 2255 503 2296 non
532 2246 673 2298 recuset:
704 2257 778 2296 nam
802 2236 925 2318 plebeis
954 2239 1079 2319 glebam
1109 2257 1199 2297 suum

89 2317 271 2394 alienandi,
303 2318 395 2378 nulla
417 2337 560 2402 unquam
580 2328 718 2401 potestas
739 2319 889 2380 manebit.
930 2320 1200 2400 Amissuruspru·

89 2404 141 2462 cul
170 2400 269 2462 dubio
293 2401 458 2481 precium,
493 2403 546 2463 vel
569 2402 596 2463 si
617 2402 886 2484 quidcentigerit
911 2404 1091 2485 accepisse,
1127 2401 1198 2483 qui-

88 2505 219 2566 cunque
249 2491 320 2564 post
347 2481 432 2544 hanc
461 2483 567 2566 legem
598 2485 729 2558 uineas,
760 2491 878 2561 terras,
913 2486 1106 2568 domosque,
1139 2503 1199 2546 seu

88 2565 266 2647 mancipia,
300 2563 339 2624 ab
362 2565 459 2628 officii
480 2565 577 2630 huius
596 2565 783 2630 hominihus
813 2567 959 2654 accipere
990 2567 1200 2654 quandoaurea

88 2671 152 2732 que
174 2649 432 2734 praesumpserit.

522 2790 594 2858 XX.
608 2785 764 2868 'carruca

81 2905 131 2968 -St
150 2887 202 2970 res
222 2899 280 2970 illa
301 2887 454 2970 vendatur
473 2920 528 2969 aut
553 2905 708 2985 donetur,
744 2929 824 2992 qaue
848 2909 940 2995 prius
966 2905 1117 2968 debuerat
1140 2925 1201 2991 per·
1267 2975 1269 2979 ¹

481 2989 632 3052 iudicium
653 2993 801 3054 obtineri.

175 3071 209 3134 Si
231 3071 303 3154 quis
323 3095 413 3151 rem,
445 3093 526 3155 quae
555 3083 602 3133 est
622 3095 682 3156 per
702 3074 857 3135 iudicium
877 3069 1073 3153 repetenda,
1100 3069 1204 3152 prius-

59 3149 62 3160 ’
93 3177 190 3236 quam
212 3155 428 3217 adversarium
449 3155 648 3217 iudicialiter
665 3164 812 3239 superet,
845 3155 889 3214 ita
911 3151 1115 3228 vendiderit,
1147 3151 1202 3212 rel

95 3237 264 3300 donaverit
285 3239 403 3317 alicui,
438 3248 493 3300 aut
513 3237 597 3308 forte
625 3239 792 3300 tradiderit
814 3237 1052 3320 occupandam,
1075 3247 1111 3294 ut
1132 3234 1200 3294 abs-

93 3343 158 3402 que
180 3320 344 3381 audientia
368 3321 485 3383 iudicis
511 3321 659 3402 privetur
687 3321 867 3383 dominium
896 3315 1104 3401 possessoris:
1134 3316 1201 3397 ipse

94 3403 150 3484 qui
172 3403 312 3484 possedit
339 3426 397 3486 per
423 3403 675 3485 exequutionem
696 3402 827 3481 iudicis,
856 3425 923 3464 rem
946 3422 1028 3482 quac
1051 3408 1203 3479 occupata

93 3488 218 3562 iuerat,
249 3486 354 3546 statim
382 3486 534 3568 recipiat,
563 3505 624 3547 nec
655 3487 694 3548 de
726 3487 794 3548 eius
816 3486 1018 3569 postmodum
1039 3481 1203 3562 repetitio·

95 3589 136 3630 nc
163 3569 357 3646 contendat,
390 3568 511 3648 etiarnsi
540 3567 625 3628 bona
654 3569 696 3630 sit
717 3567 1002 3651 caussa-petentis.
1043 3565 1105 3624 Ille
1126 3581 1206 3623 rere

84 3651 150 3734 qui
186 3650 249 3710 bec
278 3652 444 3727 vendidit,
475 3661 530 3713 aut
562 3651 712 3730 donavit,
753 3651 808 3714 rel
838 3649 986 3730 occupari
1020 3646 1204 3732 praecepit,

92 3733 180 3815 quod
203 3733 284 3794 iuste
306 3733 471 3796 vindicare
493 3733 678 3796 nullatenus
699 3734 821 3816 potuit,
850 3733 993 3794 eiusdem
1013 3729 1119 3790 meriti
1137 3749 1207 3788 rem

92 3826 150 3876 aut
178 3816 323 3899 precium
346 3817 395 3894 ei,
425 3837 443 3874 a
470 3837 536 3897 qne
566 3817 669 3878 victus
698 3817 814 3892 fuerit,
851 3835 1025 3898 repensare
1054 3820 1206 3898 negatura

65 3973 67 3976 Ι
91 3897 170 3982 quia
191 3920 261 3961 rem
281 3907 454 3982 autequam
475 3899 637 3977 vinceret,
659 3899 739 3961 fecit
758 3897 881 3964 invadi.

374 4037 469 4100 XXI.
500 4104 502 4108 ,
530 4059 593 4101 rus.
635 4059 699 4106 ors.
740 4059 827 4100 acus.
867 4057 936 4100 nur.

196 4151 438 4236 De‘maucr'pir‘s
463 4152 502 4214 ob
517 4153 668 4222 *hostibus
690 4155 850 4238 occreputis
878 4156 933 4216 uel
956 4153 1106 4216 uenditis.

175 4233 409 4320 Quaecunque
439 4234 598 4321 mancipia
640 4235 680 4302 de
711 4237 899 4322 regionibus
928 4239 1047 4304 uostris
1079 4237 1119 4300 a'b
1153 4235 1211 4300 'dd-
