2684 4868
131 245 206 316 tto
353 213 456 316 cacis
472 260 767 317 msroornouun
794 263 857 318 uu
878 265 911 324 x.
930 269 1002 324 ru.
1021 267 1044 321 1.

130 401 222 466 XVI.
258 399 311 463 tlt
332 399 361 458 si
384 397 483 464 Gotlri
501 399 542 460 de
566 401 779 464 Romanorum
799 406 893 466 tertia
912 405 1074 488 quippiam
1098 407 1243 492 tulerint,

163 479 168 530 i
196 503 199 512 ·
250 496 252 513 “
282 481 387 543 iudice
422 484 585 544 insistente
604 484 752 546 Rontanis
774 501 887 548 cuncto
910 485 1092 569 reforment.

168 565 342 627 «alatione
371 565 572 648 singularum
605 566 791 646 civitatum„
827 568 949 646 villici,
985 579 1080 652 atque
1114 595 1247 656 praepo·

128 648 201 726 siti,
242 647 351 710 tertias
381 649 619 725 Romanorum,
659 649 699 709 ab
739 651 804 714 illis
833 652 890 734 qui
918 663 1086 734 occupatas
1114 665 1246 737 tenent,

126 732 295 808 auferant,
324 741 357 793 et
384 731 535 794 Romanis
569 752 625 792 sua
653 733 822 795 exactione
849 735 920 796 sine
949 736 1057 816 aliqua
1088 739 1245 802 dilatione

126 815 316 875 restituant:
366 822 402 873 ut
422 813 506 872 nihil
535 812 610 875 fiseo
641 814 757 899 debeat
778 817 936 898 deperire.
987 818 1021 879 si
1051 830 1158 881 tamen
1192 844 1245 884 eos

128 895 366 980 quinquaginta
387 916 547 956 annorum
568 917 722 968 numerus
744 909 801 960 aut
818 909 945 982 tempus
966 922 1032 961 uon
1059 905 1245 969 excluserit.

460 1034 568 1098 XVll.
608 1059 654 1102 ru.
692 1059 773 1102 erun.
806 1061 875 1106 aar.

157 1137 218 1202 'De
245 1141 472 1223 mancipiorum
494 1141 714 1220 agitationibus
743 1141 951 1213 dividendis,·
972 1135 1064 1226 atque
1096 1169 1207 1211 eorum

167 1227 170 1244 ¹
231 1230 235 1247 '
257 1236 265 1247 ‘
359 1223 493 1308 peculiis
510 1223 688 1306 partiendis
711 1239 765 1285 out
789 1225 1007 1294 decernendis

203 1305 487 1368 'Providentissimi
515 1307 655 1389 iustique
679 1306 757 1367 iuris
790 1317 854 1385 cst,
889 1317 924 1368 ut
954 1311 1088 1373 formam
1120 1313 1245 1377 invete-

135 1396 230 1452 ratae‘
246 1407 419 1465 censurae,
441 1408 523 1469 qnae
544 1389 582 1447 ab
604 1391 773 1469 aequitatis
800 1391 923 1452 ratione
944 1393 1110 1472 dissentit,
1133 1400 1244 1459 novel·

125 1464 171 1535 lis
193 1472 288 1534 etiam
309 1471 526 1532 sanctionibus
548 1475 763 1534 emendemus.
792 1475 860 1535 Nec
882 1473 1040 1536 immerito
1062 1479 1151 1560 prius
1175 1502 1244 1542 nas·

126 1555 228 1616 cendi
250 1575 374 1615 caussas
397 1555 528 1635 expedit
548 1555 712 1633 arbitrari,
733 1565 764 1617 et
789 1556 831 1616 ita
853 1557 981 1618 demum
996 1559 1100 1642 legem
1123 1583 1244 1642 ponere

127 1638 307 1701 nascituris.
370 1637 404 1696 si
436 1637 522 1696 enim
551 1636 635 1696 lilius
658 1638 696 1698 ab
726 1649 863 1718 utroque
886 1652 1017 1722 parente
1047 1645 1191 1726 gignitur
1212 1653 1248 1706 et'

127 1731 275 1797 creatur,
305 1740 365 1780 cur
387 1718 473 1780 idem
494 1719 534 1780 ad
562 1719 781 1782 conditionem
808 1732 933 1782 tantum
962 1725 1123 1806 pertineat
1154 1728 1245 1809 geni-

125 1795 236 1880 tricis,
278 1800 434 1884 quisine
473 1811 561 1882 patre
600 1801 784 1864 nullatenus
812 1806 919 1888 potuit
950 1809 1134 1888 procreari?
1177 1811 1242 1871 Hac

124 1884 363 1960 rationabiliter
385 1894 517 1944 naturae
540 1885 611 1968 lege
643 1886 885 1969 compellimur,
912 1891 1115 1969 agnationem
1137 1890 1242 1952 aucil-

125 1964 195 2046 lae,
230 1989 313 2052 quae
341 1988 435 2028 servo
457 1967 565 2028 alieno
596 1967 703 2028 iuncta
726 1971 870 2051 peperit,
901 1969 985 2030 inter
1006 1982 1160 2056 utrosque,
1186 1974 1242 2034 do·

125 2052 231 2112 minos
253 2050 434 2134 aequaliter
457 2050 685 2111 dividendam..
716 2052 811 2129 Quod
840 2052 867 2116 si
895 2074 979 2114 unns
1001 2064 1125 2116 tantum
1154 2056 1241 2118 filius

124 2131 164 2199 ab
194 2135 315 2195 eisdem
337 2133 524 2216 parentibus
546 2134 646 2194 fuerit
669 2145 870 2216 procreatus:
911 2138 1064 2216 quoniam
1087 2139 1240 2200 ambobus

126 2215 266 2279 dominis
288 2215 383 2276 modo
403 2216 522 2298 placito
542 2238 607 2275 uon
629 2216 749 2299 poterit
763 2217 942 2278 deservire:
972 2220 1029 2280 iste
1045 2221 1130 2282 lilius
1153 2222 1241 2303 apud

125 2310 261 2377 matrem
295 2319 398 2382 usque
428 2299 468 2359 ad
496 2299 606 2360 aetatis
643 2320 763 2359 aunum
796 2299 1023 2362 duodecimum
1047 2304 1238 2381 edoceatur,

125 2382 229 2458 donec
261 2391 345 2442 aetas
375 2379 443 2440 eius
472 2380 504 2439 iu
537 2381 728 2442 exercendis
756 2383 918 2444 laboribus
952 2384 1037 2446 ferre
1072 2387 1239 2448 servitium

18 2511 19 2514 ,
122 2463 301 2550 pubertatis
324 2461 468 2543 incipiat.
518 2464 594 2524 Post
613 2463 693 2525 baec
715 2475 820 2524 autem
845 2465 994 2528 dominus
1016 2469 1155 2530 ancillae
1178 2469 1239 2530 do-

124 2545 213 2604 mino
248 2545 350 2622 servi,
386 2545 440 2604 cui
472 2542 553 2605 baec
582 2545 699 2606 ancilla
728 2548 901 2607 coniuncta
931 2557 997 2626 est,
1033 2553 1172 2633 pretium
1197 2573 1239 2614 ex

124 2613 296 2688 medietate
324 2627 505 2710 persolvat,
535 2635 694 2708 quantum
714 2627 815 2691 isdem
836 2629 921 2690 iilius
943 2652 960 2689 a
981 2630 1074 2694 bonis
1096 2632 1240 2695 bomini-

122 2711 182 2785 bus
209 2709 317 2770 valere
346 2709 446 2770 fuerit
475 2711 666 2772 aestimatus.
737 2712 857 2773 Similis
885 2713 987 2773 forma
1019 2725 1165 2776 servetur
1187 2724 1241 2788 ,et
1319 2715 1320 2719 ’

124 2790 166 2857 'de'
184 2790 324 2854 caeteris
344 2791 438 2867 liliis,
460 2792 566 2873 quiin
589 2793 657 2876 pari
681 2816 815 2855 numero
832 2795 953 2855 fuerint
979 2798 1158 2880 procreatis
1179 2800 1240 2859 Pe-

124 2874 249 2940 culium
270 2893 349 2937 vero
369 2873 497 2936 mobilis
518 2875 584 2954 rei,
624 2877 712 2957 quod
741 2899 850 2939 servus
881 2886 913 2938 et
938 2879 1056 2940 ancilla
1085 2878 1239 2962 profliga-

123 2959 233 3040 verint
263 2955 321 3018 sub
355 2956 570 3018 contubernio
608 2960 793 3038 constituti,
833 2960 871 3020 ad
905 2969 1066 3043 utrosque·
1090 2964 1236 3024 dominos

123 3033 330 3104 decernimus
348 3039 590 3121 pertinendum.
614 3043 721 3103 -Sane
744 3043 770 3104 si
792 3043 824 3102 in
854 3043 994 3103 fundum
1023 3044 1155 3106 alterius
1176 3046 1236 3105 do-

122 3125 226 3202 mini,
261 3121 302 3184 ad
321 3122 414 3183 cuius
435 3122 484 3182 ius
506 3123 592 3183 idem
619 3145 728 3188 servus
750 3126 803 3189 vel
826 3124 943 3185 ancilla
972 3147 1036 3185 nou
1057 3129 1238 3208 pertinent,

122 3217 252 3289 praeter
284 3205 468 3266 aedificium
496 3226 689 3288 agrumque,
720 3211 774 3271 vel
803 3208 893 3268 aliud
922 3209 1010 3289 quod
1039 3231 1106 3271 esse
1137 3207 1238 3292 possit

122 3289 308 3365 immobile,
336 3311 354 3348 a
382 3289 480 3349 servis
508 3289 541 3347 in
569 3310 604 3349 re
626 3290 738 3350 mobili
769 3292 868 3353 fuerit
901 3290 1137 3371 conquisitum:
1169 3312 1236 3352 non

121 3373 217 3434 aliter
236 3393 334 3454 quam
355 3371 578 3453 agnationem,
614 3383 681 3432 'rem
712 3372 897 3434 huiusmodi
919 3374 1098 3453 aequaliter
1124 3396 1238 3436 corum

121 3454 245 3536 domini
267 3453 330 3515 sibi
359 3454 498 3520 debeant
520 3453 695 3516 vindicare.
758 3456 854 3534 Quod
882 3454 908 3516 si
930 3477 1014 3516 unus
1037 3478 1076 3517 ex
1098 3456 1148 3518 bis
1176 3457 1237 3518 do·

120 3537 218 3599 minis
240 3535 455 3598 contubernia
475 3537 671 3597 famulorum
688 3549 821 3600 conatus
843 3537 944 3599 fuerit
958 3538 1155 3621 irrumpere,
1178 3550 1238 3600 sta-

120 3621 180 3681 tim
202 3641 256 3681 eos
277 3640 423 3701 separare
446 3641 511 3679 non
536 3617 679 3684 differat:
701 3643 737 3680 ea
758 3632 863 3682 tamen
886 3619 1074 3682 conditione
1096 3630 1236 3694 servata,

121 3712 158 3780 ut
179 3711 347 3785 postquam
368 3701 407 3762 ad
429 3702 635 3764 dominorum
657 3703 877 3786 cognitionem
898 3704 1109 3776 contubernia
1129 3724 1238 3766 servo·

121 3809 193 3846 ram
215 3783 444 3868 pervenerint,
479 3785 505 3847 si
534 3806 589 3847 eos
618 3785 650 3844 in
679 3785 741 3846 hoc
764 3785 968 3846 dominorum
992 3785 1139 3849 voluntas
1160 3807 1238 3868 per-

120 3889 266 3931 severare
289 3867 450 3945 noluerit,
483 3867 568 3928 iufra
594 3868 669 3926 atini
699 3868 837 3950 spatium
860 3869 964 3951 ipsum
987 3869 1239 3930 contubernium

120 3952 285 4012 resolvere
316 3971 381 4011 non
405 3959 581 4010 morentur.
606 3950 778 4011 ‘Ceterum
799 3951 826 4010 si
858 3949 920 4011 boc
942 3951 1132 4012 rationabile
1153 3962 1239 4012 tem-

119 4056 209 4119 pus,
232 4033 322 4115 quod
346 4031 408 4092 bac
431 4031 503 4114 lege
525 4031 688 4092 indultum
709 4042 774 4109 est,
809 4031 1009 4116 negligentia
1032 4034 1239 4095 dominorum

116 4115 314 4179 omisserit:
345 4115 506 4194 quidquid
534 4122 606 4195 post
635 4115 800 4197 expletum
825 4136 946 4177 annum
968 4116 1066 4180 fuerit
1087 4138 1239 4197 procrea-

119 4208 199 4278 tum,
217 4197 348 4281 utrique
364 4196 486 4258 domini
500 4195 678 4280 aequaliter
693 4198 779 4260 inter
789 4219 822 4262 se
836 4219 941 4276 sexus,
964 4198 1102 4279 numeri,
1123 4197 1175 4264 vel
1189 4218 1240 4262 ae·
