2648 4874
142 251 217 326 tssb
350 270 454 326 naen
474 267 766 331 wrsreornonun
790 279 854 330 nis.
875 279 907 333 v.
927 279 999 332 rir.
1019 281 1040 332 1.

140 413 318 491 rnerit‚,et
330 413 450 476 exinde
464 415 590 497 aliquid
610 415 796 498 cuicunque
816 416 960 480 vendere
982 418 1036 480 vel
1057 416 1179 480 donare
1199 443 1255 484 ro·

121 497 257 574 luent,
284 496 373 558 iuxta
394 519 464 558 enm
485 498 723 576 conditionem,
758 521 841 581 quae
871 499 905 560 in
934 499 1006 562 aliis
1026 501 1143 562 nostris
1170 503 1254 585 lcgi·

140 581 201 643 bns
222 580 430 658 continetur,
453 581 486 641 in
509 579 609 662 ipsius
630 591 786 664 potestate
808 582 971 645 consistat.
1020 583 1085 644 Nec
1113 583 1173 645 sibi
1196 585 1253 644 ali-

139 661 240 744 quid,
263 661 341 722 dum
363 662 460 738 virit,
489 664 609 725 exinde
631 674 722 744 pater
744 665 796 726 vel
818 674 919 726 mater
940 664 1102 726 vindicare
1124 686 1252 748 praesu-

141 755 216 806 mat.
279 744 423 822 Quodsi
453 745 539 806 inter
565 747 678 808 leudes
707 746 897 828 quicunque
929 768 991 810 nec
1012 746 1107 828 regiis
1127 749 1252 810 benefi-

141 827 199 888 ciis
226 824 350 908 aliquid
369 827 470 888 fuerit
494 838 734 910 consequutus,
756 829 814 890 sed
835 829 868 888 in
894 829 1155 911 expeditionibus
1176 852 1251 916 oon7

66 940 70 954 ν’
142 910 269 972 stitutus
315 909 354 972 de
395 911 504 972 labore
530 933 589 972 suo
617 911 742 994 aliquid
771 911 1038 994 adquisieritt‘si
1075 912 1253 973 communis

141 991 192 1052 illi
224 993 327 1053 victus
359 1015 433 1062 cum
459 1002 548 1076 patre
580 1002 645 1070 est,
682 994 777 1054 tertia
809 1016 881 1076 pars
912 995 1031 1058 exinde
1060 994 1100 1055 ad
1132 1001 1255 1075 patrem

141 1074 326 1158 perveniat:
355 1075 569 1140 duas‘autem
597 1077 702 1154 filius,
737 1076 794 1159 qui
820 1075 996 1156 laboravit,
1031 1074 1186 1138 obtineat.

360 1235 439 1296 LIB.
461 1235 500 1298 V.
541 1233 599 1296 DE
634 1235 1035 1298 TRANSACTIONIBUS.

342 1353 434 1422 ΤΠ.
471 1353 501 1430 l.
563 1354 622 1423 De
648 1353 912 1424 Ecclesiasticis
938 1354 1057 1424 rebus.
1135 1411 1137 1416 ,

454 1477 482 1542 Ι.
542 1501 605 1542 rus.
647 1501 712 1546 ens.
753 1501 840 1546 acus.
881 1501 950 1544 unx.

409 1561 459 1623 De
480 1559 702 1625 donationibus
723 1563 862 1625 ecclesiis
883 1561 977 1625 datis.

223 1643 257 1704 Si
279 1643 473 1706 famulorum
502 1645 624 1707 meritis
653 1647 735 1706 iuste
764 1645 992 1728 compellimur
1013 1644 1140 1722 debitae
1165 1668 1254 1710 com-

142 1747 278 1810 pensare
302 1727 391 1788 lucra
412 1727 585 1807 mercedis,
609 1736 729 1811 quanto
751 1727 815 1794 iam
837 1729 998 1811 copiosius
1018 1751 1077 1812 pro
1101 1732 1254 1792 remediis

143 1811 322 1869 animarum
344 1810 460 1872 divinis
483 1810 643 1888 cultibus,
672 1819 705 1872 et
729 1819 858 1872 terrena
880 1811 1033 1875 debemus
1064 1813 1253 1895 impendere

141 1902 176 1953 et
200 1895 344 1975 impensu
372 1894 481 1976 legum
502 1893 663 1955 soliditate
686 1895 831 1956 servare?
860 1897 1066 1977 Quapropter
1090 1917 1255 1978 quaecun-

108 2019 111 2024 -
141 1997 206 2057 que
234 1997 286 2037 res
313 1977 432 2038 sanctis
451 1977 514 2037 Dei
535 1977 700 2056 basilicis,
726 1988 781 2038 aut
801 1998 860 2060 per
879 1978 1085 2060 Principum,
1117 1988 1172 2039 aut
1195 2001 1255 2062 per

141 2059 362 2140 quorumlibet
383 2060 530 2120 fidelium
551 2061 760 2144 cognationes
788 2060 924 2121 collatae
949 2060 1176 2144 reperiuntur,
1201 2083 1255 2124 vu-

139 2142 205 2203 tive
240 2163 277 2203 ac
305 2143 524 2226 potentialiter
580 2165 615 2204 ro
648 2153 736 2205 certo
771 2163 959 2223 censemus,
997 2153 1034 2205 ut
1070 2143 1107 2204 in‘
1144 2165 1254 2206 earum

143 2225 215 2286 iure
227 2270 237 2303 ,
268 2225 478 2289 inrevocabili
499 2165 615 2306 modo,
637 2227 748 2309 legum
769 2227 956 2290 aeternitate
982 2228 1160 2288 firmentur.

160 2338 203 2402 ΙΙ.
243 2341 293 2400 De
315 2342 554 2403 conservatione
577 2354 609 2404 et
635 2342 900 2423 redintegratione
922 2343 1152 2405 ecclesiasticae
1175 2344 1232 2410 rei.

224 2421 469 2487 Consultissima
492 2424 584 2508 regni
608 2425 708 2486 nostri
734 2425 895 2486 credimus
915 2424 1086 2508 provenire
1108 2426 1251 2486 remedia

140 2505 229 2566 dum'
250 2527 309 2588 pro
339 2507 529 2568 utilitatibus
552 2507 781 2586 eeclesiarum,
812 2529 894 2590 quae
922 2508 1062 2569 debeant
1090 2508 1249 2570 observari

135 2586 258 2648 'nostris
281 2588 380 2649 inseri
403 2591 528 2674 legibus
549 2591 773 2672 praecipimus.
816 2591 958 2674 Ideoque
975 2590 1136 2674 praesenti
1156 2611 1251 2652 sanc·

137 2671 227 2732 tione
252 2691 441 2751 censemus,
464 2682 500 2732 ut
521 2693 596 2733 mox
616 2674 733 2756 Episco
757 2695 794 2735 us
816 2674 915 2735 fuerit
941 2674 1120 2751 ordinatus,
1145 2674 1252 2736 statim

138 2773 248 2815 rerum
269 2754 484 2816 inventarium
505 2756 544 2816 de
566 2696 863 2835 rebuseccllasiae,
895 2753 1117 2840 praesentibus
1151 2757 1252 2837 quin-

139 2859 203 2920 que
225 2838 377 2920 ingenuis
400 2837 476 2900 viris
496 2839 604 2900 facere
630 2859 697 2899 non
723 2848 874 2901 moretur.
916 2840 1013 2917 Quod
1033 2839 1252 2899 inventarium

135 2918 179 2982 ‘de
203 2923 300 2982 rebus
322 2920 499 2999 ecclesiae,
523 2921 657 3003 ingenui
685 2921 746 2982 viri
771 2943 878 2983 coram
897 2922 1014 3004 quibus
1038 2922 1159 2982 factum
1177 2922 1252 2980 fue·

138 3003 192 3081 rit,
215 3025 271 3066 sua
290 3004 525 3085 sub-scriptione
544 3004 762 3066 corroborent.
792 3007 869 3066 Post
883 3003 1036 3088 Episcopi
1055 3025 1132 3067 vero
1150 3003 1251 3085 ipsius

140 3086 275 3166 obitum,
299 3087 375 3148 dnm
393 3082 475 3148 alter
496 3088 594 3149 fuerit
610 3087 788 3171 Episcopus
810 3087 977 3149 ordinatus
999 3086 1178 3148 secundum
1198 3105 1251 3146 re·
1307 3109 1314 3126 ·

140 3189 213 3229 rum
234 3169 472 3249 inventarium,
493 3167 555 3232 res
575 3171 720 3251 requirat
740 3169 917 3232 ecclesiae:
947 3178 980 3232 et
1002 3170 1029 3232 si
1050 3168 1176 3252 aliquid
1200 3167 1251 3229 di-

140 3251 301 3312 minutum
333 3255 372 3315 de
402 3254 498 3315 rebus
526 3253 683 3314 ecclesiae
709 3254 922 3350 provenerit,
958 3253 1081 3337 proprii
1113 3252 1251 3312 heredes

138 3331 303 3419 Episcopi,
323 3335 377 3399 vel
398 3337 515 3420 quibus
533 3337 670 3398 facultas
693 3357 763 3398 eius
788 3337 951 3418 pertinere
972 3335 1025 3398 vel
1045 3336 1159 3396 relicta
1181 3355 1250 3395 esse

139 3419 296 3496 videatur,
323 3419 363 3480 de
384 3419 591 3504 praecedenti
613 3419 809 3482 satisfaciant
829 3419 993 3480 facultate.
1048 3417 1146 3496 Quod
1169 3417 1197 3477 si
1220 3425 1252 3477 et

139 3501 264 3583 aliquid
279 3503 319 3562 de
340 3502 435 3564 rebus
457 3501 613 3564 ecclesiae
630 3502 772 3564 vendere
789 3500 1048 3584 praesumpserit,
1071 3500 1251 3562 succedens

138 3584 329 3668 EpiscopuS,
351 3586 477 3648 reddito
503 3585 613 3668 precio
640 3585 768 3668 quoda
788 3585 957 3646 venditore
987 3591 1170 3666 susceptum
1203 3590 1252 3642 est

139 3687 214 3726 cum
236 3667 324 3728 omni
353 3677 541 3752 augmento,
574 3689 644 3728 rem
672 3667 712 3728 ad
736 3689 807 3729 eam
834 3669 969 3728 reducat
997 3666 1192 3741 ecclesiam,
1219 3674 1253 3725 et

139 3749 265 3811 nullam
287 3750 481 3811 calumniam
501 3751 714 3835 pertimescat.
766 3753 870 3829 Quam
896 3751 1004 3832 legem
1029 3758 1061 3810 et
1088 3748 1129 3810 de
1159 3767 1252 3830 pres-

137 3829 258 3912 byteris
279 3833 331 3895 vel
354 3835 553 3909 diaconibus,
577 3835 661 3895 sicut
682 3834 829 3917 superius
860 3832 1014 3916 scriptum
1036 3839 1102 3910 est,
1124 3829 1158 3890 in
1179 3852 1251 3900 om-

41 3919 42 3922 ’
140 3912 235 3977 nibus
258 3917 417 3980 observari
440 3927 472 3980 et
491 3917 599 3978 valere
620 3917 844 4002 praecipimus.

571 3999 631 4062 Ill.
673 4019 821 4074 anricus.

182 4113 230 4176 De
254 4111 484 4178 venditionibus
502 4128 532 4176 et
550 4114 770 4176 donationibus
792 4113 1071 4178 ecclesiasticarum
1094 4130 1211 4172 rernm.

134 4266 137 4270 .
190 4267 192 4275 .
221 4219 257 4280 Si
278 4219 350 4302 quis
369 4220 548 4304 Episcopus
570 4229 625 4280 aut
646 4221 821 4308 presbyter,
837 4219 889 4280 vel
912 4219 1100 4303 quicunqne
1121 4238 1162 4280 ex
1181 4216 1250 4278 cle-
