2648 4874
277 275 380 336 tants
399 276 691 334 w1s1coruouuu
709 273 778 334 tn.
799 275 837 332 u.
855 272 929 332 ur.
945 275 978 332 v.
1098 262 1174 341 tta

61 427 155 502 atque
191 415 294 480 ctiam
320 417 478 479 continuo
505 415 654 478 sacerdos
682 417 753 498 ipse
780 415 986 496 vet-iudex,
1017 417 1086 484 sive
1114 421 1175 486 alii

61 513 155 564 testes
178 500 313 577 idonei,
344 502 480 574 eandem
513 499 746 582 holographum
771 499 962 581 scripturam
984 523 1042 573 sua
1066 504 1175 566 denuo

61 585 299 666 subscriptione
327 585 537 659 confirment,
567 591 599 644 et
627 583 676 648 sic
705 581 855 645 voluntas
887 581 988 667 ipsius
1014 586 1176 652 testatoris

59 667 282 753 plenissimam
303 665 447 728 obtineat
468 665 661 727 firmitatem.

325 785 327 792 ¹
417 803 528 872 XVII.
556 826 618 871 rus.
639 825 726 872 acus.
747 823 818 868 atr.

81 923 133 984 Dc
160 921 399 1006 contropationc
433 923 665 1003 scripturarum
690 934 720 983 ct
743 943 851 982 carum
865 943 971 1007 poena
991 916 1155 984 solvenda.

147 1005 241 1065 Sicut
272 1006 327 1064 ubi
343 1003 502 1065 'convenit
521 1004 709 1065 miseranter
730 1024 921 1081 occurrere,
943 1001 1094 1065 salutaria
1121 1027 1177 1066 re-

63 1084 171 1156 media
192 1109 260 1148 non
288 1109 456 1171 negamus:
478 1087 522 1146 ita
541 1087 602 1157 ¹ubi
627 1087 794 1154 contentio
816 1086 1046 1148 irrationabilis
1067 1087 1176 1148 exori*

62 1181 129 1246 tur,
153 1191 323 1232 censuram
342 1191 465 1253 ponere
488 1171 570 1240 iuste
595 1169 758 1230 debemus.
800 1170 940 1232 Proinde
963 1191 1037 1232 cum
1053 1171 1091 1232 de
1106 1171 1178 1253 quia

63 1254 208 1317 buslibet
233 1253 402 1336 scripturis
423 1263 604 1336 parentum,
631 1275 709 1334 quus
731 1262 838 1314 tamen
865 1253 1037 1315 iustissime
1061 1274 1098 1313 ac
1126 1254 1177 1314 le-

65 1337 178 1421 gitime
203 1336 362 1398 derebus
386 1333 446 1398 sibi
470 1336 586 1398 debitis
609 1336 750 1418 patuerit
772 1357 840 1398 esse
872 1336 1087 1420 conscriptas,
1107 1337 1178 1398 fue·

64 1421 109 1481 rit
134 1427 244 1482 exorta
272 1419 460 1480 contentius
492 1420 518 1480 si
552 1417 608 1478 ille
639 1419 692 1479 cui
722 1419 878 1502 scriptura
906 1421 1087 1502 profertur,
1116 1439 1177 1480 ne-

65 1503 150 1564 scire
184 1523 217 1562 se
252 1501 370 1564 dixerit
399 1501 497 1584 ipsius
534 1501 710 1582 scripturae
738 1503 931 1580 veritatem,
950 1523 1037 1562 ‘mox
1066 1501 1176 1584 prola-

64 1591 118 1646 tor
149 1584 207 1645 ille
245 1582 350 1644 iurare
383 1591 535 1667 cogatur,
565 1583 613 1643 nil
639 1584 761 1646 fraudis
789 1585 856 1645 vel·
881 1583 1032 1645 laesionis
1065 1585 1099 1645 in
1138 1605 1178 1646 ea

65 1666 263 1750 quandoque
287 1673 343 1726 aut
368 1687 386 1726 a
408 1687 446 1740 se
463 1669 594 1728 'factum
616 1687 703 1744 esse,
731 1675 785 1727 ant
813 1669 852 1729 ab
886 1667 949 1728 alio
977 1687 1176 1750 quocunque

65 1753 189 1814 factum
217 1749 404 1810 omnimodo
426 1747 613 1833 cognovisse
639 1749 692 1812 vel
722 1770 838 1811 nosses
866 1751 923 1812 sed
953 1749 998 1809 ita
1027 1771 1176 1828 manere,

67 1832 153 1896 sicut
178 1841 292 1892 auctor
312 1829 382 1893 eius
410 1853 481 1894 eam
505 1832 609 1894 voluit
630 1833 778 1894 ordinare
802 1831 855 1893 vel
874 1833 1036 1894 roborare.
1077 1835 1178 1894 Dein-

68 1917 108 1978 de
142 1913 199 1974 illc
226 1915 283 1997 qui
314 1929 386 1976 eam
411 1913 520 1976 renuit
550 1915 716 1998 accipere,
747 1924 879 1996 cogatur
902 1915 1007 1976 iurare
1036 1936 1070 1975 se
1091 1914 1178 1975 banc

66 1997 261 2080 scripturam
285 2017 394 2058 veram
418 2017 486 2059 esse
509 1998 645 2074 nescire,
669 1997 824 2078 nullaque
849 1997 992 2058 evidenti
1017 1997 1178 2079 cognitio-

67 2103 111 2142 ne
125 2101 242 2164 sapere
256 2125 265 2156 ‚
281 2100 338 2140 seu
365 2081 405 2142 ab
430 2089 560 2141 auctore
579 2101 636 2140 suo
655 2080 803 2162 legitime
826 2081 1007 2140 confectam
1028 2080 1179 2157 existere,

68 2182 177 2246 neque
205 2161 475 2246 subscriptionem
502 2164 555 2225 vel
577 2160 705 2246 signur'n
726 2161 865 2222 auctoris
891 2161 1035 2224 veridice
1056 2163 1180 2243 factum
1280 2185 1285 2190 ·

70 2265 277 2328 cognoscere.
339 2245 416 2307 Post
433 2246 514 2307 haec
537 2245 722 2327 quaerenda
754 2254 830 2313 sunt
857 2245 895 2306 ab
923 2245 1070 2328 utrisque
1109 2265 1180 2327 par-

69 2328 154 2389 tibus
178 2328 213 2386 in
234 2323 362 2388 scriniis
381 2327 564 2390 domesticis
582 2328 792 2390 instrumenta
815 2326 1016 2388 chartarnms
1038 2336 1075 2388 ut
1099 2349 1180 2387 con·

69 2405 202 2494 tr'opatis
231 2410 369 2472 aliarum
390 2411 618 2494 scripturarum
641 2409 930 2493 subscriptionibus
953 2420 1048 2492 atque
1079 2409 1180 2493 signis

69 2493 173 2578 possit
195 2491 345 2576 agnosci,
373 2503 482 2554 utrum
500 2493 658 2555 habeatnr
680 2495 813 2570 idonea,
843 2514 883 2552 an
911 2495 1105 2576 reprobetur
1127 2493 1180 2552 in·

71 2577 180 2658 digna.
222 2577 380 2638 lamtnnc
394 2576 421 2638 si
438 2577 473 2636 in
495 2577 680 2639 domesticis
697 2575 825 2637 scriniis
845 2575 1020 2658 scripturae
1039 2575 1180 2638 auctoris

70 2679 103 2740 re
130 2667 216 2718 ertae
246 2679 311 2718 non
339 2655 464 2720 fuerint
482 2702 491 2738 ,
511 2660 565 2721 ad
587 2677 722 2741 quarum
751 2653 998 2720 similitudinem
1021 2660 1181 2743 scriptura

69 2741 195 2824 prolata
221 2741 394 2802 firmetur:
421 2742 466 2804 ita
494 2742 622 2803 demum
646 2741 721 2816 ille,
750 2740 807 2824 qui
823 2733 1016 2824 ¹scripturam
1037 2745 1180 2826 profert,

21 2879 24 2886 .
70 2823 258 2906 ubicunque
286 2823 445 2907 potuerit,
475 2825 565 2886 alias·
580 2824 751 2906 scripturas
777 2824 916 2886 auctoris
946 2835 1100 2907 procuret
1128 2825 1181 2884 in·

70 2903 222 2988 quirem,
250 2926 311 2988 per
330 2929 466 2989 quarum
486 2905 747 2983 similitudinem,
777 2907 965 2989 scripturam
986 2929 1083 2989 quam
1104 2929 1181 2990 pro·

72 2989 145 3064 fert,
166 3008 275 3050 veram
294 3008 362 3051 esse
385 2991 562 3052 confirmet.
591 2991 708 3073 Sicque
730 3010 789 3086 per
804 2989 902 3050 talem
923 2988 1182 3052 convenientiam

73 3069 186 3131 latenti
205 3071 337 3132 veritate
359 3079 502 3155 reperta,
526 3093 586 3134 nec
607 3072 663 3134 ille
688 3093 744 3154 qur
770 3073 960 3166 scripturam
980 3076 1123 3155 profert,
1146 3072 1181 3132 in

74 3152 298 3225 convincendo
321 3176 390 3215 eam
412 3176 481 3217 esse
504 3155 670 3232 idoneam,
693 3174 734 3215 ex
758 3154 938 3238 longinquo
962 3165 1059 3217 testes
1081 3156 1181 3216 advo-

74 3253 158 3314 cans,
173 3235 319 3318 dampna
337 3237 511 3310 sustineam
534 3259 595 3298 nec
617 3237 672 3298 ille
692 3237 749 3319 qui
769 3237 855 3297 hanc
876 3238 1075 3321 contempnit
1095 3236 1181 3298 reci-

1 3341 3 3348 *
73 3337 159 3399 pere,
182 3340 321 3402 poenam
342 3320 516 3402 scripturae
539 3331 669 3404 cogatur
689 3319 833 3402 implere.
877 3321 1001 3399 Quibus
1024 3323 1068 3382 ita
1089 3319 1180 3398 actis,

71 3400 97 3461 si
123 3400 182 3462 ille
205 3401 262 3482 qui
284 3401 474 3485 scripturam
500 3403 588 3462 illam
611 3403 776 3486 indignam
807 3423 874 3463 esse
902 3405 1089 3478 contendit,
1113 3423 1180 3464 non

69 3504 127 3564 pro
148 3483 291 3545 veritatis
313 3485 508 3567 cognitione,
524 3485 585 3546 scd
604 3507 662 3568 pro
685 3486 752 3548 sola
775 3486 988 3547 commotione
1011 3485 1109 3570 partis
1129 3486 1182 3546 a'd-

69 3585 180 3627 versae
202 3567 244 3626 ad
268 3568 521 3629 convincendam
544 3567 729 3650 dignitatem
750 3569 936 3650 scripturae,
960 3579 992 3630 et
1017 3571 1050 3632 in
1077 3569 1181 3630 addu-

72 3649 186 3709 cendis
208 3649 351 3728 testibus,
375 3659 407 3712 et
427 3651 460 3711 in
483 3650 680 3712 sustinendis
703 3649 879 3734 dispendiis
901 3650 1043 3713 laborare
1067 3651 1182 3712 fecerit

70 3721 309 3793 adversantem:
341 3743 421 3793 tunc
446 3733 513 3815 ipse
526 3766 544 3810 ,·
558 3733 616 3815 qui
636 3735 825 3815 scripturam
845 3733 969 3816 profert
989 3756 1106 3813 veram,
1123 3753 1182 3796 ex-

68 3809 179 3875 hibitis
210 3813 344 3876 testibus
373 3835 442 3877 esse
473 3816 622 3876 idoneam
651 3817 849 3878 stillaesam
872 3814 1061 3898 scripturam
1082 3818 1182 3878 adfir-

67 3903 152 3956 met:
185 3917 226 3956 ac
248 3905 361 3978 postea
384 3897 431 3960 sic
458 3897 535 3974 ille,
564 3898 622 3980 qui
650 3920 710 3983 per
731 3898 974 3963 contentionem
994 3899 1182 3978 indebitam,

69 3974 104 4041 in
131 3977 333 4040 adducendis
353 3978 488 4042 testibus
519 3979 663 4042 laborem
678 3981 795 4044 intulit
814 3983 1013 4060 adversanti,
1043 4003 1184 4066 poenam

68 4058 212 4156 dampni,
234 4082 331 4144 quam
352 4061 508 4145 scriptura
529 4063 685 4141 continet,
707 4065 875 4127 evidenter
894 4064 1076 4148 adimpleat.
1108 4067 1184 4125 Cer-

67 4149 99 4206 te
122 4164 150 4204 st
179 4153 236 4206 aut
255 4153 345 4210 tanta
372 4166 427 4207 res
453 4167 520 4207 non
542 4155 591 4208 est
619 4147 708 4210 unde
728 4149 1054 4231 poenamsuppleat,
1084 4169 1183 4230 quam
1276 4208 1279 4213 .

69 4233 182 4288 auctor
200 4225 273 4290 cius
291 4226 444 4308 instituit,
464 4247 539 4296 cum
558 4229 598 4294 da
618 4230 716 4295 rebus
735 4229 803 4296 suis
822 4230 1004 4320 legitimum
1023 4229 1183 4295 iudicium
