<?xml version="1.0" encoding="UTF-8"?>
<!DOCTYPE html PUBLIC "-//W3C//DTD XHTML 1.0 Transitional//EN"
    "http://www.w3.org/TR/xhtml1/DTD/xhtml1-transitional.dtd">
<html xmlns="http://www.w3.org/1999/xhtml" xml:lang="en" lang="en">
 <head>
  <title>
</title>
<meta http-equiv="Content-Type" content="text/html;charset=utf-8" />
  <meta name='ocr-system' content='tesseract 3.04.00' />
  <meta name='ocr-capabilities' content='ocr_page ocr_carea ocr_par ocr_line ocrx_word'/>
</head>
<body>
  <div class='ocr_page' id='page_1' title='image "./corpusiurisgerm00visigoog_0041.png"; bbox 0 0 2648 4874; ppageno 0'>
   <div class='ocr_carea' id='block_1_1' title="bbox 142 269 1080 358">
    <p class='ocr_par' dir='ltr' id='par_1_1' title="bbox 142 269 1080 358">
     <span class='ocr_line' id='line_1_1' title="bbox 142 269 1080 358; baseline -0.015 -10"><span class='ocrx_word' id='word_1_1' title='bbox 142 269 221 358; x_wconf 64' lang='grc'><strong>418</strong></span> <span class='ocrx_word' id='word_1_2' title='bbox 319 314 321 317; x_wconf 92' lang='grc'><strong>-</strong></span> <span class='ocrx_word' id='word_1_3' title='bbox 358 279 466 340; x_wconf 81' lang='lat' dir='ltr'><strong>mais·</strong></span> <span class='ocrx_word' id='word_1_4' title='bbox 480 280 775 342; x_wconf 79' lang='lat' dir='ltr'><strong>wtsieoraoauu</strong></span> <span class='ocrx_word' id='word_1_5' title='bbox 791 280 858 337; x_wconf 80' lang='grc' dir='ltr'><strong>ιιι.</strong></span> <span class='ocrx_word' id='word_1_6' title='bbox 879 278 917 336; x_wconf 94' lang='grc' dir='ltr'><strong>ιι.</strong></span> <span class='ocrx_word' id='word_1_7' title='bbox 935 279 1009 338; x_wconf 81' lang='grc' dir='ltr'><strong>ιιι.</strong></span> <span class='ocrx_word' id='word_1_8' title='bbox 1027 280 1080 338; x_wconf 88' lang='grc' dir='ltr'><strong>ιιι.</strong></span> 
     </span>
    </p>
   </div>
   <div class='ocr_carea' id='block_1_2' title="bbox 561 425 894 491">
    <p class='ocr_par' dir='ltr' id='par_1_2' title="bbox 561 425 894 491">
     <span class='ocr_line' id='line_1_2' title="bbox 561 425 894 491; baseline 0.006 -5"><span class='ocrx_word' id='word_1_9' title='bbox 561 425 605 491; x_wconf 92' lang='lat'><strong>11.</strong></span> <span class='ocrx_word' id='word_1_10' title='bbox 644 447 731 491; x_wconf 85' lang='lat' dir='ltr'><strong>nous.</strong></span> <span class='ocrx_word' id='word_1_11' title='bbox 766 447 836 491; x_wconf 82' lang='lat' dir='ltr'><strong>arx.</strong></span> <span class='ocrx_word' id='word_1_12' title='bbox 890 449 894 460; x_wconf 63' lang='lat'><em>⁴</em></span> 
     </span>
    </p>
   </div>
   <div class='ocr_carea' id='block_1_3' title="bbox 148 541 1261 1534">
    <p class='ocr_par' dir='ltr' id='par_1_3' title="bbox 148 541 1261 1534">
     <span class='ocr_line' id='line_1_3' title="bbox 156 541 1259 630; baseline -0.009 -16"><span class='ocrx_word' id='word_1_13' title='bbox 156 549 197 614; x_wconf 89' lang='lat' dir='ltr'><strong>Ut</strong></span> <span class='ocrx_word' id='word_1_14' title='bbox 218 545 318 610; x_wconf 79' lang='lat' dir='ltr'><strong>iudex</strong></span> <span class='ocrx_word' id='word_1_15' title='bbox 336 541 475 630; x_wconf 87' lang='lat' dir='ltr'><strong>primum</strong></span> <span class='ocrx_word' id='word_1_16' title='bbox 495 563 515 601; x_wconf 87' lang='lat' dir='ltr'><strong>u</strong></span> <span class='ocrx_word' id='word_1_17' title='bbox 536 541 694 622; x_wconf 78' lang='lat' dir='ltr'><em>litigatore</em></span> <span class='ocrx_word' id='word_1_18' title='bbox 720 542 887 625; x_wconf 80' lang='lat' dir='ltr'><strong><em>perquirat</em></strong></span> <span class='ocrx_word' id='word_1_19' title='bbox 938 553 1040 602; x_wconf 88' lang='lat' dir='ltr'><strong>utrum</strong></span> <span class='ocrx_word' id='word_1_20' title='bbox 1059 543 1196 628; x_wconf 85' lang='lat' dir='ltr'><strong>proprie</strong></span> <span class='ocrx_word' id='word_1_21' title='bbox 1217 563 1259 604; x_wconf 85' lang='lat' dir='ltr'><strong>ou</strong></span> 
     </span>
     <span class='ocr_line' id='line_1_4' title="bbox 475 623 1245 707; baseline 0 -23"><span class='ocrx_word' id='word_1_22' title='bbox 475 625 579 684; x_wconf 85' lang='lat' dir='ltr'><strong>alieno</strong></span> <span class='ocrx_word' id='word_1_23' title='bbox 600 625 641 684; x_wconf 85' lang='lat' dir='ltr'><strong>sit</strong></span> <span class='ocrx_word' id='word_1_24' title='bbox 662 645 773 684; x_wconf 84' lang='lat' dir='ltr'><strong>caussa</strong></span> <span class='ocrx_word' id='word_1_25' title='bbox 790 625 927 707; x_wconf 83' lang='lat' dir='ltr'><strong>prolato.</strong></span> <span class='ocrx_word' id='word_1_26' title='bbox 1242 623 1245 633; x_wconf 55' lang='lat'>¹</span> 
     </span>
     <span class='ocr_line' id='line_1_5' title="bbox 231 706 1260 792; baseline -0.006 -17"><span class='ocrx_word' id='word_1_27' title='bbox 231 712 337 776; x_wconf 82' lang='lat' dir='ltr'><strong>Iudex</strong></span> <span class='ocrx_word' id='word_1_28' title='bbox 357 707 497 792; x_wconf 89' lang='lat' dir='ltr'><strong>primum</strong></span> <span class='ocrx_word' id='word_1_29' title='bbox 521 728 539 765; x_wconf 91' lang='lat' dir='ltr'><strong>a</strong></span> <span class='ocrx_word' id='word_1_30' title='bbox 565 706 725 789; x_wconf 80' lang='lat' dir='ltr'><strong>litigatore</strong></span> <span class='ocrx_word' id='word_1_31' title='bbox 746 706 928 790; x_wconf 78' lang='lat' dir='ltr'>perquirat,</span> <span class='ocrx_word' id='word_1_32' title='bbox 962 713 1069 767; x_wconf 90' lang='lat' dir='ltr'><strong>utrum</strong></span> <span class='ocrx_word' id='word_1_33' title='bbox 1093 709 1260 791; x_wconf 85' lang='lat' dir='ltr'><strong>propriam</strong></span> 
     </span>
     <span class='ocr_line' id='line_1_6' title="bbox 148 788 1261 874; baseline -0.009 -11"><span class='ocrx_word' id='word_1_34' title='bbox 148 820 290 864; x_wconf 86' lang='lat' dir='ltr'>caussam</span> <span class='ocrx_word' id='word_1_35' title='bbox 312 793 415 868; x_wconf 88' lang='lat' dir='ltr'><strong>dicat,</strong></span> <span class='ocrx_word' id='word_1_36' title='bbox 440 813 479 850; x_wconf 89' lang='lat' dir='ltr'><strong>an</strong></span> <span class='ocrx_word' id='word_1_37' title='bbox 498 788 636 850; x_wconf 88' lang='lat' dir='ltr'><strong>alienam</strong></span> <span class='ocrx_word' id='word_1_38' title='bbox 657 791 789 851; x_wconf 88' lang='lat' dir='ltr'><strong>fortasse</strong></span> <span class='ocrx_word' id='word_1_39' title='bbox 807 790 993 870; x_wconf 82' lang='lat' dir='ltr'>susceperit.</span> <span class='ocrx_word' id='word_1_40' title='bbox 1035 792 1261 874; x_wconf 82' lang='lat' dir='ltr'><strong>Interrogetur</strong></span> 
     </span>
     <span class='ocr_line' id='line_1_7' title="bbox 148 871 1259 954; baseline -0.013 -7"><span class='ocrx_word' id='word_1_41' title='bbox 148 886 244 948; x_wconf 73' lang='lat' dir='ltr'><strong>etiaim</strong></span> <span class='ocrx_word' id='word_1_42' title='bbox 262 878 354 941; x_wconf 89' lang='lat' dir='ltr'><strong>cuius</strong></span> <span class='ocrx_word' id='word_1_43' title='bbox 377 874 563 934; x_wconf 90' lang='lat' dir='ltr'><strong>mandatum</strong></span> <span class='ocrx_word' id='word_1_44' title='bbox 585 871 709 936; x_wconf 88' lang='lat' dir='ltr'><strong>habeat.</strong></span> <span class='ocrx_word' id='word_1_45' title='bbox 750 872 792 932; x_wconf 92' lang='lat' dir='ltr'><strong>Et</strong></span> <span class='ocrx_word' id='word_1_46' title='bbox 818 879 985 954; x_wconf 81' lang='lat' dir='ltr'><strong>postquam</strong></span> <span class='ocrx_word' id='word_1_47' title='bbox 1008 894 1150 934; x_wconf 84' lang='lat' dir='ltr'><strong>caussam</strong></span> <span class='ocrx_word' id='word_1_48' title='bbox 1170 875 1259 934; x_wconf 87' lang='lat' dir='ltr'><strong>iudi-</strong></span> 
     </span>
     <span class='ocr_line' id='line_1_8' title="bbox 148 953 1259 1037; baseline -0.009 -8"><span class='ocrx_word' id='word_1_49' title='bbox 148 963 270 1030; x_wconf 84' lang='lat' dir='ltr'><strong>caverit</strong></span> <span class='ocrx_word' id='word_1_50' title='bbox 286 961 403 1036; x_wconf 84' lang='lat' dir='ltr'><strong>iudex‚</strong></span> <span class='ocrx_word' id='word_1_51' title='bbox 426 955 678 1037; x_wconf 84' lang='lat' dir='ltr'><strong>comprehendat</strong></span> <span class='ocrx_word' id='word_1_52' title='bbox 699 955 732 1013; x_wconf 93' lang='lat' dir='ltr'><strong>in</strong></span> <span class='ocrx_word' id='word_1_53' title='bbox 751 953 893 1031; x_wconf 87' lang='lat' dir='ltr'><strong>iudicio,</strong></span> <span class='ocrx_word' id='word_1_54' title='bbox 915 976 1012 1037; x_wconf 90' lang='lat' dir='ltr'><strong>quem</strong></span> <span class='ocrx_word' id='word_1_55' title='bbox 1032 967 1086 1016; x_wconf 89' lang='lat' dir='ltr'><strong>aut</strong></span> <span class='ocrx_word' id='word_1_56' title='bbox 1104 979 1145 1019; x_wconf 77' lang='lat' dir='ltr'><strong>ex</strong></span> <span class='ocrx_word' id='word_1_57' title='bbox 1166 957 1259 1019; x_wconf 89' lang='lat' dir='ltr'><strong>cuius</strong></span> 
     </span>
     <span class='ocr_line' id='line_1_9' title="bbox 148 1040 1260 1122; baseline -0.009 -13"><span class='ocrx_word' id='word_1_58' title='bbox 148 1047 300 1112; x_wconf 86' lang='lat' dir='ltr'><strong>mandato</strong></span> <span class='ocrx_word' id='word_1_59' title='bbox 313 1040 452 1102; x_wconf 90' lang='lat' dir='ltr'><strong>audierit</strong></span> <span class='ocrx_word' id='word_1_60' title='bbox 466 1044 633 1120; x_wconf 83' lang='lat' dir='ltr'><strong>negotium</strong></span> <span class='ocrx_word' id='word_1_61' title='bbox 650 1047 916 1120; x_wconf 82' lang='lat' dir='ltr'><strong>prosequentem,</strong></span> <span class='ocrx_word' id='word_1_62' title='bbox 939 1061 975 1100; x_wconf 94' lang='lat' dir='ltr'><strong>ac</strong></span> <span class='ocrx_word' id='word_1_63' title='bbox 988 1049 1155 1122; x_wconf 87' lang='lat' dir='ltr'><strong>praeterea</strong></span> <span class='ocrx_word' id='word_1_64' title='bbox 1171 1062 1260 1099; x_wconf 90' lang='lat' dir='ltr'><strong>man·</strong></span> 
     </span>
     <span class='ocr_line' id='line_1_10' title="bbox 148 1120 1260 1206; baseline -0.012 -11"><span class='ocrx_word' id='word_1_65' title='bbox 148 1131 215 1195; x_wconf 89' lang='lat' dir='ltr'><strong>dati</strong></span> <span class='ocrx_word' id='word_1_66' title='bbox 235 1124 399 1206; x_wconf 86' lang='lat' dir='ltr'><strong>exemplar</strong></span> <span class='ocrx_word' id='word_1_67' title='bbox 417 1121 552 1203; x_wconf 89' lang='lat' dir='ltr'><strong>accipiat</strong></span> <span class='ocrx_word' id='word_1_68' title='bbox 568 1121 657 1182; x_wconf 87' lang='lat' dir='ltr'><strong>illius</strong></span> <span class='ocrx_word' id='word_1_69' title='bbox 677 1120 839 1181; x_wconf 86' lang='lat' dir='ltr'><strong>assertoris</strong></span> <span class='ocrx_word' id='word_1_70' title='bbox 858 1121 942 1202; x_wconf 89' lang='lat' dir='ltr'><strong>apud</strong></span> <span class='ocrx_word' id='word_1_71' title='bbox 960 1144 1010 1200; x_wconf 89' lang='lat' dir='ltr'><strong>se,</strong></span> <span class='ocrx_word' id='word_1_72' title='bbox 1035 1145 1110 1184; x_wconf 90' lang='lat' dir='ltr'><strong>cum</strong></span> <span class='ocrx_word' id='word_1_73' title='bbox 1124 1123 1260 1183; x_wconf 88' lang='lat' dir='ltr'><strong>iudicati</strong></span> 
     </span>
     <span class='ocr_line' id='line_1_11' title="bbox 149 1203 1259 1294; baseline -0.009 -18"><span class='ocrx_word' id='word_1_74' title='bbox 149 1209 385 1294; x_wconf 83' lang='lat' dir='ltr'><strong>exemplaribus</strong></span> <span class='ocrx_word' id='word_1_75' title='bbox 411 1204 652 1266; x_wconf 85' lang='lat' dir='ltr'><strong>reservandum.</strong></span> <span class='ocrx_word' id='word_1_76' title='bbox 705 1203 814 1264; x_wconf 86' lang='lat' dir='ltr'><strong>Liceat</strong></span> <span class='ocrx_word' id='word_1_77' title='bbox 831 1213 937 1264; x_wconf 88' lang='lat' dir='ltr'><strong>tamen</strong></span> <span class='ocrx_word' id='word_1_78' title='bbox 958 1204 1008 1265; x_wconf 90' lang='lat' dir='ltr'><strong>illi</strong></span> <span class='ocrx_word' id='word_1_79' title='bbox 1033 1205 1091 1287; x_wconf 88' lang='lat' dir='ltr'><strong>qui</strong></span> <span class='ocrx_word' id='word_1_80' title='bbox 1112 1207 1259 1287; x_wconf 87' lang='lat' dir='ltr'><strong>pulsatas</strong></span> 
     </span>
     <span class='ocr_line' id='line_1_12' title="bbox 148 1284 1259 1373; baseline -0.009 -17"><span class='ocrx_word' id='word_1_81' title='bbox 148 1306 214 1373; x_wconf 87' lang='lat' dir='ltr'><strong>est,</strong></span> <span class='ocrx_word' id='word_1_82' title='bbox 237 1290 421 1352; x_wconf 91' lang='lat' dir='ltr'><strong>mandatum</strong></span> <span class='ocrx_word' id='word_1_83' title='bbox 437 1309 455 1346; x_wconf 91' lang='lat' dir='ltr'><strong>a</strong></span> <span class='ocrx_word' id='word_1_84' title='bbox 478 1286 616 1368; x_wconf 88' lang='lat' dir='ltr'><strong>petitore</strong></span> <span class='ocrx_word' id='word_1_85' title='bbox 634 1307 741 1346; x_wconf 87' lang='lat' dir='ltr'><strong>coram</strong></span> <span class='ocrx_word' id='word_1_86' title='bbox 762 1284 869 1346; x_wconf 88' lang='lat' dir='ltr'><strong>iudice</strong></span> <span class='ocrx_word' id='word_1_87' title='bbox 891 1293 1018 1368; x_wconf 82' lang='lat' dir='ltr'><strong>petere3</strong></span> <span class='ocrx_word' id='word_1_88' title='bbox 1048 1296 1199 1369; x_wconf 87' lang='lat' dir='ltr'><strong>utquam</strong></span> <span class='ocrx_word' id='word_1_89' title='bbox 1218 1289 1259 1347; x_wconf 92' lang='lat' dir='ltr'><strong>ob</strong></span> 
     </span>
     <span class='ocr_line' id='line_1_13' title="bbox 149 1368 1260 1452; baseline -0.01 -11"><span class='ocrx_word' id='word_1_90' title='bbox 149 1383 291 1442; x_wconf 85' lang='lat' dir='ltr'><strong>caussam</strong></span> <span class='ocrx_word' id='word_1_91' title='bbox 307 1371 406 1432; x_wconf 86' lang='lat' dir='ltr'><strong>faerit</strong></span> <span class='ocrx_word' id='word_1_92' title='bbox 424 1368 544 1429; x_wconf 89' lang='lat' dir='ltr'><strong>iudicio</strong></span> <span class='ocrx_word' id='word_1_93' title='bbox 567 1376 803 1451; x_wconf 88' lang='lat' dir='ltr'><strong>praesentatus,</strong></span> <span class='ocrx_word' id='word_1_94' title='bbox 825 1370 877 1428; x_wconf 82' lang='lat' dir='ltr'><strong>vel</strong></span> <span class='ocrx_word' id='word_1_95' title='bbox 897 1370 979 1452; x_wconf 86' lang='lat' dir='ltr'><strong>quid</strong></span> <span class='ocrx_word' id='word_1_96' title='bbox 1003 1380 1097 1433; x_wconf 89' lang='lat' dir='ltr'><strong>tenor</strong></span> <span class='ocrx_word' id='word_1_97' title='bbox 1117 1369 1260 1432; x_wconf 89' lang='lat' dir='ltr'><strong>mandati</strong></span> 
     </span>
     <span class='ocr_line' id='line_1_14' title="bbox 149 1451 895 1534; baseline -0.013 -9"><span class='ocrx_word' id='word_1_98' title='bbox 149 1460 331 1534; x_wconf 89' lang='lat' dir='ltr'><strong>contineat,</strong></span> <span class='ocrx_word' id='word_1_99' title='bbox 353 1452 578 1515; x_wconf 81' lang='lat' dir='ltr'><strong>indubitanter</strong></span> <span class='ocrx_word' id='word_1_100' title='bbox 592 1451 691 1534; x_wconf 87' lang='lat' dir='ltr'><strong>possit</strong></span> <span class='ocrx_word' id='word_1_101' title='bbox 711 1471 895 1534; x_wconf 81' lang='lat' dir='ltr'><strong>agnoscere.</strong></span> 
     </span>
    </p>
   </div>
   <div class='ocr_carea' id='block_1_4' title="bbox 581 1598 835 1676">
    <p class='ocr_par' dir='ltr' id='par_1_4' title="bbox 581 1598 835 1676">
     <span class='ocr_line' id='line_1_15' title="bbox 581 1598 835 1676; baseline -0.004 -14"><span class='ocrx_word' id='word_1_102' title='bbox 581 1598 646 1662; x_wconf 85' lang='lat'><em>111.</em></span> <span class='ocrx_word' id='word_1_103' title='bbox 686 1620 835 1676; x_wconf 71' lang='lat' dir='ltr'><strong>sarrana.</strong></span> 
     </span>
    </p>
   </div>
   <div class='ocr_carea' id='block_1_5' title="bbox 149 1715 1262 2380">
    <p class='ocr_par' dir='ltr' id='par_1_5' title="bbox 177 1715 1240 1880">
     <span class='ocr_line' id='line_1_16' title="bbox 177 1715 1240 1880; baseline -0.007 -93"><span class='ocrx_word' id='word_1_104' title='bbox 177 1722 219 1790; x_wconf 85' lang='lat' dir='ltr'><strong>Ut</strong></span> <span class='ocrx_word' id='word_1_105' title='bbox 240 1723 295 1808; x_wconf 85' lang='lat' dir='ltr'><strong>qui</strong></span> <span class='ocrx_word' id='word_1_106' title='bbox 311 1739 372 1808; x_wconf 88' lang='lat' dir='ltr'><strong>per</strong></span> <span class='ocrx_word' id='word_1_107' title='bbox 398 1737 431 1779; x_wconf 83' lang='lat' dir='ltr'><strong>se</strong></span> <span class='ocrx_word' id='word_1_108' title='bbox 452 1735 593 1800; x_wconf 84' lang='lat' dir='ltr'><strong>caussam</strong></span> <span class='ocrx_word' id='word_1_109' title='bbox 613 1737 678 1880; x_wconf 71' lang='lat' dir='ltr'><strong>nassa</strong></span> <span class='ocrx_word' id='word_1_110' title='bbox 699 1715 798 1796; x_wconf 88' lang='lat' dir='ltr'><strong>dicit,</strong></span> <span class='ocrx_word' id='word_1_111' title='bbox 830 1718 958 1803; x_wconf 86' lang='lat' dir='ltr'><strong>scriptis</strong></span> <span class='ocrx_word' id='word_1_112' title='bbox 979 1729 1167 1781; x_wconf 86' lang='lat' dir='ltr'><strong>assertorem</strong></span> <span class='ocrx_word' id='word_1_113' title='bbox 1188 1717 1240 1780; x_wconf 87' lang='lat' dir='ltr'><strong>in-</strong></span> 
     </span>
     <span class='ocr_line' id='line_1_17' title="bbox 662 1811 770 1864; baseline -0.009 -5"><span class='ocrx_word' id='word_1_114' title='bbox 662 1811 770 1864; x_wconf 87' lang='lat' dir='ltr'><strong>armet.</strong></span> 
     </span>
    </p>

    <p class='ocr_par' dir='ltr' id='par_1_6' title="bbox 149 1881 1262 2380">
     <span class='ocr_line' id='line_1_18' title="bbox 153 1881 1260 1969; baseline -0.005 -19"><span class='ocrx_word' id='word_1_115' title='bbox 153 1885 160 1898; x_wconf 84' lang='lat'>&#39;</span> <span class='ocrx_word' id='word_1_116' title='bbox 234 1887 270 1950; x_wconf 82' lang='lat' dir='ltr'><strong>si</strong></span> <span class='ocrx_word' id='word_1_117' title='bbox 291 1885 364 1969; x_wconf 90' lang='lat' dir='ltr'><strong>quis</strong></span> <span class='ocrx_word' id='word_1_118' title='bbox 383 1905 444 1968; x_wconf 84' lang='lat' dir='ltr'><strong>per</strong></span> <span class='ocrx_word' id='word_1_119' title='bbox 463 1904 496 1944; x_wconf 90' lang='lat' dir='ltr'><strong>se</strong></span> <span class='ocrx_word' id='word_1_120' title='bbox 518 1903 658 1943; x_wconf 89' lang='lat' dir='ltr'><strong>caussam</strong></span> <span class='ocrx_word' id='word_1_121' title='bbox 681 1882 789 1943; x_wconf 90' lang='lat' dir='ltr'><strong>dicere</strong></span> <span class='ocrx_word' id='word_1_122' title='bbox 808 1905 874 1943; x_wconf 92' lang='lat' dir='ltr'><strong>non</strong></span> <span class='ocrx_word' id='word_1_123' title='bbox 896 1881 1060 1965; x_wconf 86' lang='lat' dir='ltr'><strong>potuerit,</strong></span> <span class='ocrx_word' id='word_1_124' title='bbox 1093 1891 1149 1944; x_wconf 88' lang='lat' dir='ltr'><strong>aut</strong></span> <span class='ocrx_word' id='word_1_125' title='bbox 1176 1885 1260 1945; x_wconf 87' lang='lat' dir='ltr'><strong>forte</strong></span> 
     </span>
     <span class='ocr_line' id='line_1_19' title="bbox 149 1963 1262 2048; baseline -0.004 -15"><span class='ocrx_word' id='word_1_126' title='bbox 149 1971 303 2048; x_wconf 88' lang='lat' dir='ltr'><strong>noluerit,</strong></span> <span class='ocrx_word' id='word_1_127' title='bbox 326 1976 514 2030; x_wconf 85' lang='lat' dir='ltr'><strong>assertorem</strong></span> <span class='ocrx_word' id='word_1_128' title='bbox 535 1987 594 2048; x_wconf 82' lang='lat' dir='ltr'><strong>per</strong></span> <span class='ocrx_word' id='word_1_129' title='bbox 616 1963 806 2045; x_wconf 87' lang='lat' dir='ltr'><strong>scripturam</strong></span> <span class='ocrx_word' id='word_1_130' title='bbox 827 1988 901 2028; x_wconf 89' lang='lat' dir='ltr'><strong>suae</strong></span> <span class='ocrx_word' id='word_1_131' title='bbox 919 1987 1043 2042; x_wconf 89' lang='lat' dir='ltr'><strong>manus,</strong></span> <span class='ocrx_word' id='word_1_132' title='bbox 1064 1969 1116 2027; x_wconf 80' lang='lat' dir='ltr'><strong>rel</strong></span> <span class='ocrx_word' id='word_1_133' title='bbox 1130 1967 1262 2028; x_wconf 87' lang='lat' dir='ltr'><strong>testium</strong></span> 
     </span>
     <span class='ocr_line' id='line_1_20' title="bbox 150 2047 1262 2138; baseline -0.004 -24"><span class='ocrx_word' id='word_1_134' title='bbox 150 2056 249 2138; x_wconf 82' lang='lat' dir='ltr'><strong>signis</strong></span> <span class='ocrx_word' id='word_1_135' title='bbox 271 2063 325 2113; x_wconf 90' lang='lat' dir='ltr'><strong>aut</strong></span> <span class='ocrx_word' id='word_1_136' title='bbox 344 2048 632 2132; x_wconf 87' lang='lat' dir='ltr'><strong>subscriptionibus</strong></span> <span class='ocrx_word' id='word_1_137' title='bbox 654 2049 854 2127; x_wconf 86' lang='lat' dir='ltr'><strong>roboratam,</strong></span> <span class='ocrx_word' id='word_1_138' title='bbox 885 2047 960 2109; x_wconf 90' lang='lat' dir='ltr'><strong>dare</strong></span> <span class='ocrx_word' id='word_1_139' title='bbox 981 2047 1120 2114; x_wconf 88' lang='lat' dir='ltr'><strong>debebit.</strong></span> <span class='ocrx_word' id='word_1_140' title='bbox 1162 2053 1211 2108; x_wconf 92' lang='lat' dir='ltr'><strong>Ita</strong></span> <span class='ocrx_word' id='word_1_141' title='bbox 1226 2059 1262 2109; x_wconf 89' lang='lat' dir='ltr'><strong>ut</strong></span> 
     </span>
     <span class='ocr_line' id='line_1_21' title="bbox 150 2128 1262 2214; baseline -0.008 -12"><span class='ocrx_word' id='word_1_142' title='bbox 150 2141 177 2202; x_wconf 86' lang='lat' dir='ltr'><strong>si</strong></span> <span class='ocrx_word' id='word_1_143' title='bbox 200 2138 285 2198; x_wconf 84' lang='lat' dir='ltr'><strong>idern</strong></span> <span class='ocrx_word' id='word_1_144' title='bbox 305 2128 446 2196; x_wconf 78' lang='lat' dir='ltr'><strong>assertor</strong></span> <span class='ocrx_word' id='word_1_145' title='bbox 467 2131 599 2214; x_wconf 84' lang='lat' dir='ltr'><strong>aliquod</strong></span> <span class='ocrx_word' id='word_1_146' title='bbox 621 2131 825 2208; x_wconf 83' lang='lat' dir='ltr'><strong>conludium</strong></span> <span class='ocrx_word' id='word_1_147' title='bbox 844 2133 972 2206; x_wconf 87' lang='lat' dir='ltr'><strong>fecerit,</strong></span> <span class='ocrx_word' id='word_1_148' title='bbox 995 2132 1137 2211; x_wconf 89' lang='lat' dir='ltr'><strong>qualiter</strong></span> <span class='ocrx_word' id='word_1_149' title='bbox 1152 2132 1190 2191; x_wconf 92' lang='lat' dir='ltr'><strong>ab</strong></span> <span class='ocrx_word' id='word_1_150' title='bbox 1209 2132 1262 2193; x_wconf 92' lang='lat' dir='ltr'><strong>ad·</strong></span> 
     </span>
     <span class='ocr_line' id='line_1_22' title="bbox 149 2213 1261 2298; baseline -0.009 -14"><span class='ocrx_word' id='word_1_151' title='bbox 149 2218 294 2284; x_wconf 72' lang='lat' dir='ltr'><strong>versario</strong></span> <span class='ocrx_word' id='word_1_152' title='bbox 313 2239 371 2278; x_wconf 92' lang='lat' dir='ltr'><strong>suo</strong></span> <span class='ocrx_word' id='word_1_153' title='bbox 391 2214 490 2298; x_wconf 88' lang='lat' dir='ltr'><strong>possit</strong></span> <span class='ocrx_word' id='word_1_154' title='bbox 508 2215 539 2273; x_wconf 90' lang='lat' dir='ltr'><strong>in</strong></span> <span class='ocrx_word' id='word_1_155' title='bbox 561 2213 682 2274; x_wconf 90' lang='lat' dir='ltr'><strong>iudicio</strong></span> <span class='ocrx_word' id='word_1_156' title='bbox 706 2213 866 2296; x_wconf 88' lang='lat' dir='ltr'><strong>superari,</strong></span> <span class='ocrx_word' id='word_1_157' title='bbox 896 2215 985 2274; x_wconf 89' lang='lat' dir='ltr'><strong>aliud</strong></span> <span class='ocrx_word' id='word_1_158' title='bbox 1009 2225 1132 2274; x_wconf 88' lang='lat' dir='ltr'><strong>tantum</strong></span> <span class='ocrx_word' id='word_1_159' title='bbox 1156 2215 1196 2277; x_wconf 90' lang='lat' dir='ltr'><strong>de</strong></span> <span class='ocrx_word' id='word_1_160' title='bbox 1218 2213 1261 2277; x_wconf 84' lang='lat' dir='ltr'><strong>sa·</strong></span> 
     </span>
     <span class='ocr_line' id='line_1_23' title="bbox 150 2297 1261 2380; baseline -0.005 -16"><span class='ocrx_word' id='word_1_161' title='bbox 150 2305 270 2364; x_wconf 91' lang='lat' dir='ltr'><strong>cultate</strong></span> <span class='ocrx_word' id='word_1_162' title='bbox 293 2322 350 2361; x_wconf 89' lang='lat' dir='ltr'><strong>sna</strong></span> <span class='ocrx_word' id='word_1_163' title='bbox 371 2297 549 2358; x_wconf 89' lang='lat' dir='ltr'><strong>mandatori</strong></span> <span class='ocrx_word' id='word_1_164' title='bbox 571 2297 736 2379; x_wconf 85' lang='lat' dir='ltr'><strong>restituat,</strong></span> <span class='ocrx_word' id='word_1_165' title='bbox 756 2307 913 2379; x_wconf 89' lang='lat' dir='ltr'><strong>quantum</strong></span> <span class='ocrx_word' id='word_1_166' title='bbox 928 2299 968 2358; x_wconf 93' lang='lat' dir='ltr'><strong>de</strong></span> <span class='ocrx_word' id='word_1_167' title='bbox 985 2298 1079 2358; x_wconf 86' lang='lat' dir='ltr'><strong>rebus</strong></span> <span class='ocrx_word' id='word_1_168' title='bbox 1102 2298 1170 2360; x_wconf 89' lang='lat' dir='ltr'><strong>eius</strong></span> <span class='ocrx_word' id='word_1_169' title='bbox 1191 2319 1261 2380; x_wconf 90' lang='lat' dir='ltr'><strong>per-</strong></span> 
     </span>
    </p>
   </div>
   <div class='ocr_carea' id='block_1_6' title="bbox 44 2379 1261 2463">
    <p class='ocr_par' dir='ltr' id='par_1_7' title="bbox 44 2379 1261 2463">
     <span class='ocr_line' id='line_1_24' title="bbox 44 2379 1261 2463; baseline -0.006 -16"><span class='ocrx_word' id='word_1_170' title='bbox 44 2413 48 2422; x_wconf 91' lang='lat'>·</span> <span class='ocrx_word' id='word_1_171' title='bbox 150 2386 234 2448; x_wconf 88' lang='lat' dir='ltr'><strong>didit</strong></span> <span class='ocrx_word' id='word_1_172' title='bbox 250 2393 306 2443; x_wconf 90' lang='lat' dir='ltr'><strong>aut</strong></span> <span class='ocrx_word' id='word_1_173' title='bbox 324 2380 457 2456; x_wconf 82' lang='lat' dir='ltr'><strong>evertit,</strong></span> <span class='ocrx_word' id='word_1_174' title='bbox 479 2380 533 2441; x_wconf 87' lang='lat' dir='ltr'><strong>vel</strong></span> <span class='ocrx_word' id='word_1_175' title='bbox 549 2379 645 2439; x_wconf 88' lang='lat' dir='ltr'><strong>etiam</strong></span> <span class='ocrx_word' id='word_1_176' title='bbox 660 2400 742 2460; x_wconf 89' lang='lat' dir='ltr'><strong>quae</strong></span> <span class='ocrx_word' id='word_1_177' title='bbox 764 2381 831 2463; x_wconf 85' lang='lat' dir='ltr'><strong>ipse</strong></span> <span class='ocrx_word' id='word_1_178' title='bbox 851 2380 1018 2441; x_wconf 88' lang='lat' dir='ltr'><strong>mandator</strong></span> <span class='ocrx_word' id='word_1_179' title='bbox 1039 2381 1183 2442; x_wconf 90' lang='lat' dir='ltr'><strong>obtinere</strong></span> <span class='ocrx_word' id='word_1_180' title='bbox 1203 2403 1261 2442; x_wconf 88' lang='lat' dir='ltr'><strong>seu</strong></span> 
     </span>
    </p>
   </div>
   <div class='ocr_carea' id='block_1_7' title="bbox 149 2462 1272 2714">
    <p class='ocr_par' dir='ltr' id='par_1_8' title="bbox 149 2462 1272 2714">
     <span class='ocr_line' id='line_1_25' title="bbox 151 2462 1272 2548; baseline -0.005 -20"><span class='ocrx_word' id='word_1_181' title='bbox 151 2467 323 2548; x_wconf 86' lang='lat' dir='ltr'><strong>adquirere</strong></span> <span class='ocrx_word' id='word_1_182' title='bbox 342 2463 463 2523; x_wconf 87' lang='lat' dir='ltr'><strong>debuit.</strong></span> <span class='ocrx_word' id='word_1_183' title='bbox 517 2463 617 2523; x_wconf 86' lang='lat' dir='ltr'><strong>Servo</strong></span> <span class='ocrx_word' id='word_1_184' title='bbox 642 2470 748 2522; x_wconf 88' lang='lat' dir='ltr'><strong>tamen</strong></span> <span class='ocrx_word' id='word_1_185' title='bbox 774 2485 840 2523; x_wconf 90' lang='lat' dir='ltr'><strong>non</strong></span> <span class='ocrx_word' id='word_1_186' title='bbox 867 2462 1060 2543; x_wconf 73' lang='lat' dir='ltr'><strong>licebitpor</strong></span> <span class='ocrx_word' id='word_1_187' title='bbox 1077 2465 1272 2538; x_wconf 88' lang='lat' dir='ltr'><strong>mandatum</strong></span> 
     </span>
     <span class='ocr_line' id='line_1_26' title="bbox 151 2543 1262 2627; baseline -0.005 -16"><span class='ocrx_word' id='word_1_188' title='bbox 151 2571 276 2611; x_wconf 90' lang='lat' dir='ltr'><strong>caussas</strong></span> <span class='ocrx_word' id='word_1_189' title='bbox 302 2545 522 2627; x_wconf 87' lang='lat' dir='ltr'><strong>quorumlibet</strong></span> <span class='ocrx_word' id='word_1_190' title='bbox 544 2543 724 2626; x_wconf 87' lang='lat' dir='ltr'><strong>suscipere,</strong></span> <span class='ocrx_word' id='word_1_191' title='bbox 756 2546 818 2606; x_wconf 88' lang='lat' dir='ltr'><strong>nisi</strong></span> <span class='ocrx_word' id='word_1_192' title='bbox 843 2557 967 2607; x_wconf 88' lang='lat' dir='ltr'><strong>tantum</strong></span> <span class='ocrx_word' id='word_1_193' title='bbox 988 2546 1110 2610; x_wconf 84' lang='lat' dir='ltr'><strong>domini</strong></span> <span class='ocrx_word' id='word_1_194' title='bbox 1131 2549 1185 2608; x_wconf 84' lang='lat' dir='ltr'><strong>vel</strong></span> <span class='ocrx_word' id='word_1_195' title='bbox 1208 2547 1262 2607; x_wconf 93' lang='lat' dir='ltr'><strong>do·</strong></span> 
     </span>
     <span class='ocr_line' id='line_1_27' title="bbox 149 2627 1263 2714; baseline -0.002 -23"><span class='ocrx_word' id='word_1_196' title='bbox 149 2633 257 2692; x_wconf 87' lang='lat' dir='ltr'><strong>minae</strong></span> <span class='ocrx_word' id='word_1_197' title='bbox 277 2651 372 2705; x_wconf 85' lang='lat' dir='ltr'><strong>suae,</strong></span> <span class='ocrx_word' id='word_1_198' title='bbox 395 2627 603 2688; x_wconf 84' lang='lat' dir='ltr'><strong>ecclesiarum</strong></span> <span class='ocrx_word' id='word_1_199' title='bbox 622 2649 753 2711; x_wconf 88' lang='lat' dir='ltr'><strong>quoque</strong></span> <span class='ocrx_word' id='word_1_200' title='bbox 776 2630 829 2694; x_wconf 79' lang='lat' dir='ltr'><strong>vel</strong></span> <span class='ocrx_word' id='word_1_201' title='bbox 849 2651 1045 2714; x_wconf 90' lang='lat' dir='ltr'><strong>pauperum,</strong></span> <span class='ocrx_word' id='word_1_202' title='bbox 1076 2631 1143 2694; x_wconf 79' lang='lat' dir='ltr'><strong>sive</strong></span> <span class='ocrx_word' id='word_1_203' title='bbox 1167 2629 1263 2692; x_wconf 88' lang='lat' dir='ltr'><strong>etiam</strong></span> 
     </span>
    </p>
   </div>
   <div class='ocr_carea' id='block_1_8' title="bbox 43 2711 544 2798">
    <p class='ocr_par' dir='ltr' id='par_1_9' title="bbox 43 2711 544 2798">
     <span class='ocr_line' id='line_1_28' title="bbox 43 2711 544 2798; baseline -0.008 -20"><span class='ocrx_word' id='word_1_204' title='bbox 43 2715 46 2721; x_wconf 76' lang='grc'><strong>’</strong></span> <span class='ocrx_word' id='word_1_205' title='bbox 151 2713 357 2798; x_wconf 79' lang='lat' dir='ltr'><strong>negotiorum</strong></span> <span class='ocrx_word' id='word_1_206' title='bbox 378 2711 544 2774; x_wconf 85' lang='lat' dir='ltr'><strong>fiscalium.</strong></span> 
     </span>
    </p>
   </div>
   <div class='ocr_carea' id='block_1_9' title="bbox 465 2857 950 2928">
    <p class='ocr_par' dir='ltr' id='par_1_10' title="bbox 465 2857 950 2928">
     <span class='ocr_line' id='line_1_29' title="bbox 465 2857 950 2928; baseline 0.01 -6"><span class='ocrx_word' id='word_1_207' title='bbox 465 2857 525 2925; x_wconf 90' lang='lat' dir='ltr'><strong>IV.</strong></span> <span class='ocrx_word' id='word_1_208' title='bbox 569 2883 630 2926; x_wconf 77' lang='lat' dir='ltr'><strong>aas.</strong></span> <span class='ocrx_word' id='word_1_209' title='bbox 664 2883 729 2927; x_wconf 80' lang='lat' dir='ltr'><strong>cas.</strong></span> <span class='ocrx_word' id='word_1_210' title='bbox 764 2883 849 2922; x_wconf 82' lang='lat' dir='ltr'><strong>cuns.</strong></span> <span class='ocrx_word' id='word_1_211' title='bbox 881 2883 950 2928; x_wconf 82' lang='lat' dir='ltr'><strong>aex.</strong></span> 
     </span>
    </p>
   </div>
   <div class='ocr_carea' id='block_1_10' title="bbox 143 2975 1263 4358">
    <p class='ocr_par' dir='ltr' id='par_1_11' title="bbox 143 2975 1263 4304">
     <span class='ocr_line' id='line_1_30' title="bbox 155 2975 1261 3060; baseline -0.002 -21"><span class='ocrx_word' id='word_1_212' title='bbox 155 2977 197 3040; x_wconf 88' lang='lat' dir='ltr'><strong>Ut</strong></span> <span class='ocrx_word' id='word_1_213' title='bbox 228 2977 262 3036; x_wconf 88' lang='lat' dir='ltr'><strong>in</strong></span> <span class='ocrx_word' id='word_1_214' title='bbox 287 2977 432 3060; x_wconf 87' lang='lat' dir='ltr'><strong>personis</strong></span> <span class='ocrx_word' id='word_1_215' title='bbox 463 2976 619 3038; x_wconf 80' lang='lat' dir='ltr'><strong>nobilibus</strong></span> <span class='ocrx_word' id='word_1_216' title='bbox 640 2978 779 3055; x_wconf 84' lang='lat' dir='ltr'><strong>quaestio</strong></span> <span class='ocrx_word' id='word_1_217' title='bbox 800 2975 1062 3060; x_wconf 84' lang='lat' dir='ltr'><strong>permundatum</strong></span> <span class='ocrx_word' id='word_1_218' title='bbox 1083 2975 1261 3038; x_wconf 79' lang='lat' dir='ltr'><strong>nullatenus</strong></span> 
     </span>
     <span class='ocr_line' id='line_1_31' title="bbox 151 3059 1261 3144; baseline -0.002 -22"><span class='ocrx_word' id='word_1_219' title='bbox 151 3062 303 3140; x_wconf 75' lang='lat' dir='ltr'><strong>agitetur3</strong></span> <span class='ocrx_word' id='word_1_220' title='bbox 333 3073 364 3120; x_wconf 87' lang='lat' dir='ltr'><strong>et</strong></span> <span class='ocrx_word' id='word_1_221' title='bbox 384 3060 522 3144; x_wconf 78' lang='lat' dir='ltr'><strong>qualiter</strong></span> <span class='ocrx_word' id='word_1_222' title='bbox 542 3059 691 3119; x_wconf 79' lang='lat' dir='ltr'><strong>humilior</strong></span> <span class='ocrx_word' id='word_1_223' title='bbox 711 3059 860 3137; x_wconf 78' lang='lat' dir='ltr'><strong>ingenuus</strong></span> <span class='ocrx_word' id='word_1_224' title='bbox 882 3061 945 3119; x_wconf 82' lang='lat' dir='ltr'><strong>sive</strong></span> <span class='ocrx_word' id='word_1_225' title='bbox 963 3081 1072 3120; x_wconf 85' lang='lat' dir='ltr'><strong>servus</strong></span> <span class='ocrx_word' id='word_1_226' title='bbox 1090 3080 1151 3144; x_wconf 89' lang='lat' dir='ltr'><strong>per</strong></span> <span class='ocrx_word' id='word_1_227' title='bbox 1170 3081 1261 3120; x_wconf 87' lang='lat' dir='ltr'><strong>mon-</strong></span> 
     </span>
     <span class='ocr_line' id='line_1_32' title="bbox 465 3139 951 3223; baseline 0.004 -24"><span class='ocrx_word' id='word_1_228' title='bbox 465 3139 573 3200; x_wconf 87' lang='lat' dir='ltr'><strong>dotum</strong></span> <span class='ocrx_word' id='word_1_229' title='bbox 594 3142 771 3223; x_wconf 18' lang='lat' dir='ltr'><strong>quaeestioni</strong></span> <span class='ocrx_word' id='word_1_230' title='bbox 790 3141 951 3201; x_wconf 80' lang='lat' dir='ltr'><strong>subdatur.</strong></span> 
     </span>
     <span class='ocr_line' id='line_1_33' title="bbox 164 3219 1262 3308; baseline 0 -24"><span class='ocrx_word' id='word_1_231' title='bbox 164 3219 168 3225; x_wconf 45' lang='lat'><em>⁴</em></span> <span class='ocrx_word' id='word_1_232' title='bbox 233 3221 465 3304; x_wconf 89' lang='lat' dir='ltr'><strong>Quaestionem</strong></span> <span class='ocrx_word' id='word_1_233' title='bbox 483 3224 516 3281; x_wconf 89' lang='lat' dir='ltr'><strong>in</strong></span> <span class='ocrx_word' id='word_1_234' title='bbox 541 3222 686 3305; x_wconf 89' lang='lat' dir='ltr'><strong>personis</strong></span> <span class='ocrx_word' id='word_1_235' title='bbox 706 3223 868 3284; x_wconf 89' lang='lat' dir='ltr'><strong>nobilibus</strong></span> <span class='ocrx_word' id='word_1_236' title='bbox 888 3225 1074 3300; x_wconf 79' lang='lat' dir='ltr'><strong>nullatenus</strong></span> <span class='ocrx_word' id='word_1_237' title='bbox 1092 3246 1151 3308; x_wconf 90' lang='lat' dir='ltr'><strong>per</strong></span> <span class='ocrx_word' id='word_1_238' title='bbox 1168 3247 1262 3284; x_wconf 89' lang='lat' dir='ltr'><strong>man-</strong></span> 
     </span>
     <span class='ocr_line' id='line_1_34' title="bbox 152 3305 1261 3390; baseline -0.002 -20"><span class='ocrx_word' id='word_1_239' title='bbox 152 3310 261 3370; x_wconf 84' lang='lat' dir='ltr'><strong>datum</strong></span> <span class='ocrx_word' id='word_1_240' title='bbox 290 3307 429 3390; x_wconf 90' lang='lat' dir='ltr'><strong>patimur</strong></span> <span class='ocrx_word' id='word_1_241' title='bbox 461 3305 582 3388; x_wconf 85' lang='lat' dir='ltr'><strong>agitari.</strong></span> <span class='ocrx_word' id='word_1_242' title='bbox 635 3305 813 3386; x_wconf 80' lang='lat' dir='ltr'><strong>Ingenuam</strong></span> <span class='ocrx_word' id='word_1_243' title='bbox 842 3328 920 3369; x_wconf 84' lang='lat' dir='ltr'><strong>vero</strong></span> <span class='ocrx_word' id='word_1_244' title='bbox 942 3316 975 3368; x_wconf 88' lang='lat' dir='ltr'><strong>et</strong></span> <span class='ocrx_word' id='word_1_245' title='bbox 994 3329 1167 3390; x_wconf 90' lang='lat' dir='ltr'><strong>pauperem</strong></span> <span class='ocrx_word' id='word_1_246' title='bbox 1189 3329 1261 3389; x_wconf 88' lang='lat' dir='ltr'><strong>per·</strong></span> 
     </span>
     <span class='ocr_line' id='line_1_35' title="bbox 152 3387 1262 3470; baseline -0.005 -17"><span class='ocrx_word' id='word_1_247' title='bbox 152 3414 281 3462; x_wconf 87' lang='lat' dir='ltr'><strong>sonam,</strong></span> <span class='ocrx_word' id='word_1_248' title='bbox 317 3400 412 3469; x_wconf 90' lang='lat' dir='ltr'><strong>atque</strong></span> <span class='ocrx_word' id='word_1_249' title='bbox 435 3389 618 3449; x_wconf 85' lang='lat' dir='ltr'><strong>incrimine</strong></span> <span class='ocrx_word' id='word_1_250' title='bbox 642 3387 705 3446; x_wconf 87' lang='lat' dir='ltr'><strong>iam</strong></span> <span class='ocrx_word' id='word_1_251' title='bbox 728 3398 800 3449; x_wconf 89' lang='lat' dir='ltr'><strong>ante</strong></span> <span class='ocrx_word' id='word_1_252' title='bbox 820 3398 996 3470; x_wconf 86' lang='lat' dir='ltr'><strong>repertam,</strong></span> <span class='ocrx_word' id='word_1_253' title='bbox 1021 3414 1083 3451; x_wconf 92' lang='lat' dir='ltr'><strong>non</strong></span> <span class='ocrx_word' id='word_1_254' title='bbox 1107 3392 1201 3451; x_wconf 88' lang='lat' dir='ltr'><strong>aliter</strong></span> <span class='ocrx_word' id='word_1_255' title='bbox 1222 3409 1262 3449; x_wconf 79' lang='lat' dir='ltr'><strong>ex</strong></span> 
     </span>
     <span class='ocr_line' id='line_1_36' title="bbox 151 3470 1263 3556; baseline -0.002 -22"><span class='ocrx_word' id='word_1_256' title='bbox 151 3475 301 3534; x_wconf 87' lang='lat' dir='ltr'><strong>mandato</strong></span> <span class='ocrx_word' id='word_1_257' title='bbox 323 3473 522 3534; x_wconf 90' lang='lat' dir='ltr'><strong>subdendam</strong></span> <span class='ocrx_word' id='word_1_258' title='bbox 540 3470 721 3552; x_wconf 88' lang='lat' dir='ltr'><strong>quaestioni</strong></span> <span class='ocrx_word' id='word_1_259' title='bbox 742 3471 974 3552; x_wconf 87' lang='lat' dir='ltr'><strong>permittimus,</strong></span> <span class='ocrx_word' id='word_1_260' title='bbox 1009 3496 1104 3556; x_wconf 90' lang='lat' dir='ltr'><strong>quam</strong></span> <span class='ocrx_word' id='word_1_261' title='bbox 1125 3485 1161 3534; x_wconf 91' lang='lat' dir='ltr'><strong>ut</strong></span> <span class='ocrx_word' id='word_1_262' title='bbox 1175 3495 1263 3534; x_wconf 89' lang='lat' dir='ltr'><strong>man-</strong></span> 
     </span>
     <span class='ocr_line' id='line_1_37' title="bbox 153 3553 1263 3639; baseline -0.002 -21"><span class='ocrx_word' id='word_1_263' title='bbox 153 3559 244 3618; x_wconf 87' lang='lat' dir='ltr'><strong>dator</strong></span> <span class='ocrx_word' id='word_1_264' title='bbox 260 3556 298 3616; x_wconf 89' lang='lat' dir='ltr'><strong>de</strong></span> <span class='ocrx_word' id='word_1_265' title='bbox 321 3557 433 3616; x_wconf 84' lang='lat' dir='ltr'><strong>eadem</strong></span> <span class='ocrx_word' id='word_1_266' title='bbox 454 3576 608 3637; x_wconf 88' lang='lat' dir='ltr'><strong>persona,</strong></span> <span class='ocrx_word' id='word_1_267' title='bbox 634 3575 698 3612; x_wconf 92' lang='lat' dir='ltr'><strong>non</strong></span> <span class='ocrx_word' id='word_1_268' title='bbox 718 3575 810 3614; x_wconf 82' lang='lat' dir='ltr'><strong>servo</strong></span> <span class='ocrx_word' id='word_1_269' title='bbox 834 3554 890 3614; x_wconf 91' lang='lat' dir='ltr'><strong>sed</strong></span> <span class='ocrx_word' id='word_1_270' title='bbox 908 3553 1070 3635; x_wconf 82' lang='lat' dir='ltr'><strong>ingenuo,</strong></span> <span class='ocrx_word' id='word_1_271' title='bbox 1093 3579 1151 3639; x_wconf 91' lang='lat' dir='ltr'><strong>per</strong></span> <span class='ocrx_word' id='word_1_272' title='bbox 1169 3579 1263 3616; x_wconf 91' lang='lat' dir='ltr'><strong>man-</strong></span> 
     </span>
     <span class='ocr_line' id='line_1_38' title="bbox 152 3635 1262 3717; baseline 0.002 -19"><span class='ocrx_word' id='word_1_273' title='bbox 152 3641 261 3699; x_wconf 88' lang='lat' dir='ltr'><strong>datum</strong></span> <span class='ocrx_word' id='word_1_274' title='bbox 280 3661 378 3698; x_wconf 90' lang='lat' dir='ltr'><strong>manu</strong></span> <span class='ocrx_word' id='word_1_275' title='bbox 397 3660 452 3698; x_wconf 87' lang='lat' dir='ltr'><strong>sua</strong></span> <span class='ocrx_word' id='word_1_276' title='bbox 467 3636 695 3717; x_wconf 88' lang='lat' dir='ltr'><strong>subscriptum,</strong></span> <span class='ocrx_word' id='word_1_277' title='bbox 717 3636 769 3696; x_wconf 87' lang='lat' dir='ltr'><strong>vel</strong></span> <span class='ocrx_word' id='word_1_278' title='bbox 790 3635 888 3696; x_wconf 87' lang='lat' dir='ltr'><strong>trium</strong></span> <span class='ocrx_word' id='word_1_279' title='bbox 906 3637 1034 3698; x_wconf 88' lang='lat' dir='ltr'><strong>testium</strong></span> <span class='ocrx_word' id='word_1_280' title='bbox 1053 3641 1262 3700; x_wconf 84' lang='lat' dir='ltr'><strong>adnotatione</strong></span> 
     </span>
     <span class='ocr_line' id='line_1_39' title="bbox 153 3719 1261 3806; baseline 0.002 -26"><span class='ocrx_word' id='word_1_281' title='bbox 153 3722 335 3799; x_wconf 88' lang='lat' dir='ltr'><strong>firmatum,</strong></span> <span class='ocrx_word' id='word_1_282' title='bbox 369 3721 552 3801; x_wconf 88' lang='lat' dir='ltr'><strong>specialiter</strong></span> <span class='ocrx_word' id='word_1_283' title='bbox 581 3719 758 3778; x_wconf 81' lang='lat' dir='ltr'><strong>committat</strong></span> <span class='ocrx_word' id='word_1_284' title='bbox 785 3721 954 3806; x_wconf 77' lang='lat' dir='ltr'><strong>agendum.</strong></span> <span class='ocrx_word' id='word_1_285' title='bbox 1001 3723 1043 3782; x_wconf 91' lang='lat' dir='ltr'><strong>Et</strong></span> <span class='ocrx_word' id='word_1_286' title='bbox 1071 3723 1098 3783; x_wconf 89' lang='lat' dir='ltr'><strong>si</strong></span> <span class='ocrx_word' id='word_1_287' title='bbox 1128 3724 1261 3783; x_wconf 88' lang='lat' dir='ltr'><strong>fortasse</strong></span> 
     </span>
     <span class='ocr_line' id='line_1_40' title="bbox 143 3801 1263 3884; baseline 0.002 -22"><span class='ocrx_word' id='word_1_288' title='bbox 143 3805 362 3878; x_wconf 86' lang='lat' dir='ltr'><strong>¹innocentem</strong></span> <span class='ocrx_word' id='word_1_289' title='bbox 383 3803 496 3864; x_wconf 83' lang='lat' dir='ltr'><strong>fecerit</strong></span> <span class='ocrx_word' id='word_1_290' title='bbox 516 3802 685 3862; x_wconf 86' lang='lat' dir='ltr'><strong>tormentis</strong></span> <span class='ocrx_word' id='word_1_291' title='bbox 707 3801 811 3884; x_wconf 77' lang='lat' dir='ltr'><strong>affigi,</strong></span> <span class='ocrx_word' id='word_1_292' title='bbox 844 3803 924 3864; x_wconf 89' lang='lat' dir='ltr'><strong>sciat</strong></span> <span class='ocrx_word' id='word_1_293' title='bbox 940 3825 973 3864; x_wconf 89' lang='lat' dir='ltr'><strong>se</strong></span> <span class='ocrx_word' id='word_1_294' title='bbox 991 3804 1076 3866; x_wconf 87' lang='lat' dir='ltr'><strong>idem</strong></span> <span class='ocrx_word' id='word_1_295' title='bbox 1095 3806 1263 3866; x_wconf 83' lang='lat' dir='ltr'><strong>mandator</strong></span> 
     </span>
     <span class='ocr_line' id='line_1_41' title="bbox 154 3884 1262 3967; baseline -0.002 -20"><span class='ocrx_word' id='word_1_296' title='bbox 154 3909 288 3947; x_wconf 86' lang='lat' dir='ltr'><strong>censura</strong></span> <span class='ocrx_word' id='word_1_297' title='bbox 307 3887 396 3947; x_wconf 90' lang='lat' dir='ltr'><strong>illius</strong></span> <span class='ocrx_word' id='word_1_298' title='bbox 415 3885 495 3967; x_wconf 82' lang='lat' dir='ltr'><strong>legis</strong></span> <span class='ocrx_word' id='word_1_299' title='bbox 520 3886 653 3944; x_wconf 82' lang='lat' dir='ltr'><strong>noxium</strong></span> <span class='ocrx_word' id='word_1_300' title='bbox 667 3884 819 3962; x_wconf 86' lang='lat' dir='ltr'><strong>retineri,</strong></span> <span class='ocrx_word' id='word_1_301' title='bbox 842 3907 924 3967; x_wconf 89' lang='lat' dir='ltr'><strong>quae</strong></span> <span class='ocrx_word' id='word_1_302' title='bbox 944 3889 1130 3948; x_wconf 89' lang='lat' dir='ltr'><strong>continetur</strong></span> <span class='ocrx_word' id='word_1_303' title='bbox 1147 3889 1179 3948; x_wconf 93' lang='lat' dir='ltr'><strong>in</strong></span> <span class='ocrx_word' id='word_1_304' title='bbox 1193 3886 1262 3952; x_wconf 88' lang='lat' dir='ltr'><strong>Lib.</strong></span> 
     </span>
     <span class='ocr_line' id='line_1_42' title="bbox 154 3967 1261 4052; baseline -0.005 -20"><span class='ocrx_word' id='word_1_305' title='bbox 154 3973 209 4032; x_wconf 90' lang='lat' dir='ltr'><strong>Vl.</strong></span> <span class='ocrx_word' id='word_1_306' title='bbox 224 3971 287 4030; x_wconf 90' lang='lat' dir='ltr'><strong>Tit.</strong></span> <span class='ocrx_word' id='word_1_307' title='bbox 303 3969 326 4036; x_wconf 84' lang='grc' dir='ltr'><strong>Ι,</strong></span> <span class='ocrx_word' id='word_1_308' title='bbox 343 3968 484 4050; x_wconf 90' lang='lat' dir='ltr'><strong>capitulo</strong></span> <span class='ocrx_word' id='word_1_309' title='bbox 495 3967 650 4045; x_wconf 89' lang='lat' dir='ltr'><strong>secundo,</strong></span> <span class='ocrx_word' id='word_1_310' title='bbox 666 3967 721 4027; x_wconf 91' lang='lat' dir='ltr'><strong>ubi</strong></span> <span class='ocrx_word' id='word_1_311' title='bbox 730 3969 936 4050; x_wconf 89' lang='lat' dir='ltr'><strong>praecipitur,</strong></span> <span class='ocrx_word' id='word_1_312' title='bbox 949 3991 1006 4052; x_wconf 90' lang='lat' dir='ltr'><strong>pro</strong></span> <span class='ocrx_word' id='word_1_313' title='bbox 1021 3971 1261 4051; x_wconf 88' lang='lat' dir='ltr'><strong>quibusetqua-</strong></span> 
     </span>
     <span class='ocr_line' id='line_1_43' title="bbox 155 4051 1261 4135; baseline -0.002 -23"><span class='ocrx_word' id='word_1_314' title='bbox 155 4055 239 4113; x_wconf 87' lang='lat' dir='ltr'><strong>libus</strong></span> <span class='ocrx_word' id='word_1_315' title='bbox 258 4052 355 4112; x_wconf 86' lang='lat' dir='ltr'><strong>rebus</strong></span> <span class='ocrx_word' id='word_1_316' title='bbox 375 4054 591 4132; x_wconf 85' lang='lat' dir='ltr'><strong>ingenuorum</strong></span> <span class='ocrx_word' id='word_1_317' title='bbox 612 4072 767 4131; x_wconf 89' lang='lat' dir='ltr'><strong>personae</strong></span> <span class='ocrx_word' id='word_1_318' title='bbox 784 4052 966 4113; x_wconf 84' lang='lat' dir='ltr'><strong>subdendae</strong></span> <span class='ocrx_word' id='word_1_319' title='bbox 981 4052 1047 4115; x_wconf 91' lang='lat' dir='ltr'><strong>sint</strong></span> <span class='ocrx_word' id='word_1_320' title='bbox 1068 4051 1261 4135; x_wconf 88' lang='lat' dir='ltr'><strong>quaestioni.</strong></span> 
     </span>
     <span class='ocr_line' id='line_1_44' title="bbox 153 4133 1263 4217; baseline -0.002 -21"><span class='ocrx_word' id='word_1_321' title='bbox 153 4135 305 4216; x_wconf 78' lang='lat' dir='ltr'><strong>Reliquas</strong></span> <span class='ocrx_word' id='word_1_322' title='bbox 326 4145 432 4194; x_wconf 90' lang='lat' dir='ltr'><strong>autem</strong></span> <span class='ocrx_word' id='word_1_323' title='bbox 453 4133 636 4194; x_wconf 88' lang='lat' dir='ltr'><strong>criminales</strong></span> <span class='ocrx_word' id='word_1_324' title='bbox 664 4155 788 4194; x_wconf 86' lang='lat' dir='ltr'><strong>caussas</strong></span> <span class='ocrx_word' id='word_1_325' title='bbox 811 4136 854 4196; x_wconf 85' lang='lat' dir='ltr'><strong>ita</strong></span> <span class='ocrx_word' id='word_1_326' title='bbox 876 4158 934 4217; x_wconf 88' lang='lat' dir='ltr'><strong>per</strong></span> <span class='ocrx_word' id='word_1_327' title='bbox 954 4137 1140 4198; x_wconf 87' lang='lat' dir='ltr'><strong>mandatum</strong></span> <span class='ocrx_word' id='word_1_328' title='bbox 1166 4137 1263 4196; x_wconf 83' lang='lat' dir='ltr'><strong>liceat</strong></span> 
     </span>
     <span class='ocr_line' id='line_1_45' title="bbox 154 4215 1262 4304; baseline -0.003 -25"><span class='ocrx_word' id='word_1_329' title='bbox 154 4220 415 4296; x_wconf 88' lang='lat' dir='ltr'><strong>committendas,</strong></span> <span class='ocrx_word' id='word_1_330' title='bbox 448 4225 503 4296; x_wconf 90' lang='lat' dir='ltr'><strong>ut,</strong></span> <span class='ocrx_word' id='word_1_331' title='bbox 530 4215 614 4278; x_wconf 88' lang='lat' dir='ltr'><strong>sicut</strong></span> <span class='ocrx_word' id='word_1_332' title='bbox 638 4217 839 4299; x_wconf 88' lang='lat' dir='ltr'><strong>praedictum</strong></span> <span class='ocrx_word' id='word_1_333' title='bbox 865 4227 928 4298; x_wconf 87' lang='lat' dir='ltr'><strong>est,</strong></span> <span class='ocrx_word' id='word_1_334' title='bbox 958 4230 1071 4281; x_wconf 88' lang='lat' dir='ltr'><strong>contr-a</strong></span> <span class='ocrx_word' id='word_1_335' title='bbox 1091 4239 1262 4304; x_wconf 87' lang='lat' dir='ltr'><strong>personam</strong></span> 
     </span>
    </p>

    <p class='ocr_par' dir='ltr' id='par_1_12' title="bbox 554 4327 561 4358">
     <span class='ocr_line' id='line_1_46' title="bbox 554 4327 561 4358; baseline 0 0"><span class='ocrx_word' id='word_1_336' title='bbox 554 4327 561 4358; x_wconf 80' lang='lat' dir='ltr'><strong>i</strong></span> 
     </span>
    </p>
   </div>
   <div class='ocr_carea' id='block_1_11' title="bbox 0 0 1335 4874">
    <p class='ocr_par' dir='ltr' id='par_1_13' title="bbox 0 0 1335 4874">
     <span class='ocr_line' id='line_1_47' title="bbox 0 0 1335 4874; baseline 0 0"><span class='ocrx_word' id='word_1_337' title='bbox 0 0 1335 4874; x_wconf 95' lang='lat' dir='ltr'><strong> </strong></span> 
     </span>
    </p>
   </div>
  </div>
 </body>
</html>
