2632 4822
341 213 565 311 'usurarium
584 253 711 310 Laeuu
747 254 808 310 ua
830 260 877 312 vr.
1104 237 1175 324 *80¹1
1259 288 1262 294 ι

66 395 103 450 dc
120 392 218 447 illicito
236 391 426 456 matrimonio,
453 399 501 444 aut
526 390 584 461 ipse
611 392 684 464 iuret
702 411 797 459 usam,
826 404 854 447 et
879 398 1012 466 exemplo·
1028 397 1058 452 L.
1079 401 1127 464 R.,
1147 411 1178 456 ut

66 467 140 518 filius
156 460 292 530 legitimus
310 461 352 514 sit.
390 463 419 522 si
442 461 558 524 dixerit,
585 463 682 515 dedisti
705 465 772 517 mihi
795 465 879 534 ipsam
903 475 1007 519 terram'
1023 471 1178 526 voluntarie

66 537 94 587 in
114 541 205 604 parte,
227 541 274 585 aut
297 530 395 600 probet
411 547 460 602 per
483 532 629 601 scriptum,
657 542 706 585 aut
728 553 777 603 per
793 543 895 596 testes,
925 545 972 589 aut
995 540 1098 607 perdat.
1150 542 1178 594 Si

64 602 187 657 ostendit
206 609 323 665 cartam,
350 603 424 671 quod
442 610 519 669 pater
535 601 650 655 illicitus
669 603 778 657 fecisset
803 604 833 656 iu
861 606 941 657 aliam
969 611 1124 677 personam,
1151 619 1180 664 et

66 673 187 727 ostendit
205 680 316 734 cartam,
337 689 419 741 quam
437 671 626 742 ipsa¹persona
644 673 751 726 fecisset
769 673 839 738 sibi,
859 685 927 727 tunc
944 676 1080 743 legitimus
1097 679 1183 733 frater

65 744 180 816 probet,
200 742 275 812 quod
292 751 369 812 pater
386 759 449 793 suus
467 751 579 814 propter
594 742 648 795 hoc
666 743 732 796 fecit
748 743 834 813 ipsam
851 753 968 806 cartam,
997 748 1062 818 quia
1079 750 1178 815 voluit,

65 815 142 886 quod
159 812 209 863 ille
226 810 340 864 illicitus
357 811 471 864 haberet
487 812 572 882 ipsam
592 821 700 864 cartam.
737 815 831 877 Petro,
850 824 880 867 te
897 817 1019 885 appellat
1035 819 1179 882 Martinus,

66 885 141 955 quod
158 890 190 936 tu
206 889 282 934 tenes
300 881 351 948 ariri
377 882 450 932 malo
468 881 563 936 ordine
580 891 678 934 terram
696 881 725 932 in
751 884 799 936 tali
826 884 899 938 loco.
943 888 1004 955 Ipsa
1030 895 1102 940 terra
1119 907 1179 942 mea

64 951 171 1026 propria
197 958 245 1002 est.
293 951 369 1021 Quid
391 951 443 1004 tibi
461 950 602 1022 pertinet?
626 969 774 1023 possesram
798 952 888 1008 haheo
913 973 962 1027 per
983 957 1065 1010 XXX.
1086 976 1178 1011 annos.

66 1027 126 1077 Hoc
143 1037 199 1074 nou
216 1030 307 1089 potest
327 1019 383 1074 dici
402 1030 496 1075 contra
514 1023 619 1074 fratres.

149 1087 236 1161 cvl,
278 1093 398 1167 (Llll.)
439 1091 473 1152 si
506 1093 579 1174 quis
605 1089 722 1152 aldiam
760 1091 900 1155 alienam
932 1102 987 1155 aut
1017 1117 1106 1156 suam
1139 1096 1179 1158 ad

65 1194 201 1236 uxorem
219 1174 336 1237 tollere
359 1173 512 1252 voluerit,
534 1172 631 1235 faciat
643 1195 713 1234 eam
729 1173 960 1255 widerboram‚
983 1177 1066 1239 sicut
1084 1178 1181 1239 Edic-

65 1269 136 1319 tum
156 1257 306 1338 eontinet
326 1255 367 1318 de
389 1255 517 1322 ancilla.
544 1257 623 1316 Nam
644 1255 701 1336 qui
720 1257 789 1318 siue
804 1256 871 1340 ipsa
887 1257 1089 1321 ordinatione
1109 1280 1180 1320 earn

65 1341 156 1424 quasi
178 1357 313 1401 uxorem
332 1337 500 1416 habuerit,
532 1337 593 1400 filii
615 1336 673 1421 qui
708 1359 748 1400 ex
767 1339 835 1422 ipsa
854 1342 921 1402 nati
945 1341 1089 1422 fuerint,
1110 1361 1177 1405 non

66 1427 133 1488 sint
153 1417 310 1500 legitimi,
332 1421 390 1483 sed
414 1421 586 1482 naturales.
627 1421 672 1481 ll.
698 1441 724 1487 ι.
744 1443 774 1504 9.

134 1518 219 1560 roan.
255 1506 336 1558 Petro
359 1512 389 1558 te
417 1504 539 1574 appellat
555 1501 708 1575 lrfartinus,¹
733 1503 809 1573 quod
834 1511 866 1558 tu
889 1504 961 1556 malo
985 1503 1079 1558 ordine
1100 1513 1177 1560 tenes

63 1585 163 1634 terram
177 1581 208 1633 in
224 1576 275 1632 tali
290 1575 352 1626 loco
378 1575 503 1644 positam.
541 1573 594 1626 llla
612 1581 685 1626 terra
698 1589 760 1625 mea
774 1574 881 1644 propria
901 1583 941 1626 est
955 1593 1004 1645 pcr
1029 1577 1178 1629 successio-

63 1666 127 1702 nem
145 1649 227 1718 patris
252 1645 314 1698 mei.
332 1643 412 1696 *Non
430 1642 514 1698 dobes
532 1643 558 1695 ei
573 1643 737 1705 succedere,
767 1643 833 1713 quia
848 1643 946 1698 habuit
963 1655 992 1698 te
1011 1661 1044 1696 err
1060 1665 1108 1698 sua
1129 1665 1179 1698 un·

63 1718 131 1770 31113
159 1720 240 1770 aldia.
285 1715 372 1781 Vere;
406 1713 455 1765 sed
487 1711 554 1766 fecit
583 1729 642 1764 earn
670 1711 852 1777 Widerbora,
876 1713 948 1768 sicut
972 1722 1014 1767 est
1038 1715 1176 1782 edictum,

64 1796 94 1840 et
112 1788 179 1844 tulit
196 1789 232 1840 ad
255 1801 375 1838 uxorem.
410 1782 548 1853 Approbet
570 1782 625 1846 ita,
655 1791 703 1835 aut
719 1783 835 1836 amittat.

82 1927 84 1930 ⁸
149 1858 253 1920 CVll.
293 1855 409 1932 (LIV.)'
441 1852 476 1913 Si
500 1854 609 1936 plures
639 1851 785 1914 homiues
812 1851 955 1915 chartam
979 1855 1177 1918 convenien-

63 1937 127 2006 tiae
149 1940 282 2002 iutcrse
304 1937 461 2012 fecerint,
484 1945 516 1996 et
536 1955 672 2018 poenam
694 1935 878 2018 posuerint,
902 1945 933 1997 et
950 1946 1059 2019 postea
1079 1960 1175 2018 unus,

64 2020 116 2081 vel
143 2023 227 2100 duo,
254 2019 308 2083 vel
337 2017 530 2100 ampliasse
560 2017 601 2078 de
632 2016 699 2099 ipsa
729 2016 958 2079 convenientia
983 2019 1175 2082 'subtrahere

64 2103 249 2182 voluerint,
286 2110 343 2161 aut
368 2121 505 2182 poenam
534 2098 740 2182 corruperint
766 2107 816 2178 z),
843 2099 1067 2182 unusquisque
1093 2125 1177 2163 com·

26 2197 28 2205 '
64 2197 163 2268 ponat
175 2210 233 2270 per
245 2182 451 2266 caputipsam
469 2202 625 2263 poenam,
646 2202 742 2263 quam
758 2192 937 2264 posuerunt
950 2183 983 2242 in
1000 2182 1175 2266 integrum,

63 2269 140 2350 quia
159 2291 269 2331 omnes
286 2263 483 2325 unanimiter
500 2273 751 2340 consenserunt,
774 2274 806 2326 ct
822 2264 931 2326 nullus
946 2263 1176 2347 eis'imperarit

62 2352 159 2412 talem
176 2371 316 2418 caussam
333 2346 450 2412 facere.
493 2346 571 2408 Ideo
587 2365 646 2429 per
667 2354 763 2429 caput
779 2347 835 2428 qui
850 2347 975 2430 ruperit
991 2361 1173 2431 componat,

61 2431 147 2496 sicut
168 2455 228 2519 per
251 2440 348 2511 caput
369 2428 550 2490 voluntarie
574 2439 814 2496 consenserunt.
834 2433 864 2504 a)
922 2430 966 2492 Il.
990 2450 1040 2497 ar.
1063 2451 1112 2491 22.
1182 2493 1185 2498 ,

131 2535 211 2569 roan.
246 2518 325 2568 P‘etre
342 2521 370 2564 te
393 2511 514 2581 appellat
536 2510 686 2573 Martinus,
706 2511 780 2580 quod
797 2520 829 2564 tu
848 2508 936 2563 fecisti
953 2521 1055 2565 cartam
1073 2528 1173 2567 conve-

59 2584 183 2640 nientiae
202 2585 330 2640 cumillo
348 2581 473 2633 insimul
492 2581 527 2632 de
546 2580 699 2633 elevatione
716 2583 796 2632 unius
814 2581 912 2640 castri,
931 2590 980 2646 aut
1000 2581 1038 2633 ire
1062 2582 1091 2633 in
1114 2578 1173 2636 tale

60 2656 153 2707 locum
170 2674 279 2718 secum,
307 2654 351 2705 vel
370 2651 405 2703 de
424 2650 541 2711 aliare,
564 2658 597 2718 „et
614 2649 708 2706 misisti
724 2667 842 2719 poenam
851 2649 939 2702 solid.
960 2652 990 2702 C.
1010 2660 1038 2704 et
1055 2651 1090 2704 de
1107 2653 1174 2708 suba

60 2725 191 2789 traxisti,
216 2727 261 2779 vel
280 2740 394 2793 poenam
413 2721 518 2791 rupisti.
553 2720 708 2788 Approbet‚
737 2728 765 2772 et
790 2722 812 2772 si
831 2737 886 2772 uon
905 2719 1015 2773 exdicat
1031 2738 1060 2773 se
1078 2724 1173 2792 appel-

58 2797 148 2860 latus,
168 2804 196 2849 et
214 2795 235 2849 si
253 2812 308 2847 non
327 2791 408 2844 fucrit
426 2809 505 2842 ausus
524 2789 665 2842 exdicere:
693 2790 806 2844 mendet
829 2807 960 2862 poenam,
993 2808 1076 2862 quam
1101 2794 1172 2846 inter

60 2882 89 2918 se
110 2866 330 2938 composuerint,
350 2870 399 2913 aut
415 2859 545 2913 haeredes
564 2877 666 2912 eorum.

141 2969 259 3029 CVIII.
302 2951 396 3042 (tv.)
437 2961 470 3022 Si
500 2961 572 3044 quis
594 2960 815 3034 fideiussorem
836 2967 890 3022 aut
911 2959 1090 3023 debitorem
1112 2985 1168 3026 su-

59 3069 115 3110 um
134 3046 369 3130 pigneraverit,
402 3053 435 3106 et
463 3042 568 3127 ipsum
595 3043 710 3127 pignus
743 3043 934 3138 recolligere
965 3045 1168 3138 neglexerit,

60 3141 94 3190 et
115 3151 172 3208 per
192 3131 259 3190 dies
288 3127 365 3188 Xll.
391 3126 547 3188 dimiserit
566 3128 614 3202 bl:
646 3133 724 3187 tunc
754 3125 831 3204 ille,
861 3145 917 3206 qur
946 3147 1062 3208 pignus
1082 3130 1168 3209 apud
1276 3149 1279 3152 ·

59 3232 93 3273 se
117 3210 247 3287 habuit,
274 3209 300 3270 si
318 3229 428 3269 servus
446 3219 500 3269 aut
535 3207 654 3269 aneilla
682 3214 747 3287 est,
775 3205 935 3269 custodiat
959 3229 1053 3286 eum,
1076 3221 1113 3270 ut
1136 3211 1167 3272 ei

54 3295 168 3376 fugam
193 3314 257 3352 non
284 3289 379 3350 faciat
401 3300 433 3350 et
461 3289 557 3350 faciat
579 3311 653 3350 eum
674 3289 735 3351 sibi
756 3310 880 3372 'operas
909 3291 1041 3366 facere,
1083 3291 1166 3353 sicut

58 3375 223 3458 proprium
246 3395 340 3436 suurn
368 3393 494 3432 servum
522 3381 577 3431 aut
597 3371 756 3432 ancillam.
827 3372 870 3432 Et
896 3371 1031 3453 insuper
1059 3373 1165 3434 licen-

58 3459 135 3518 tiam
162 3457 279 3518 habeat
293 3452 500 3536 repignorare
522 3453 676 3535 usquein
697 3452 872 3514 secundam
894 3453 1016 3530 vicem,
1042 3463 1082 3515 ‘ut
1100 3457 1167 3519 sint

58 3541 127 3623 ipsa
152 3540 287 3624 pignora
309 3537 341 3596 iu
373 3535 525 3618 triplum,
547 3543 703 3616 quantum
729 3534 872 3597 debitum
894 3544 949 3601 est.
990 3537 1033 3596 Et
1058 3536 1165 3621 siper

57 3623 164 3688 XXX.
186 3623 256 3684 <lies
282 3619 417 3703 pignora
449 3616 516 3700 ipsa
537 3625 592 3678 aut
607 3614 739 3677 debitor
760 3625 815 3678 aut
842 3615 1010 3678 fideiussor
1029 3622 1163 3681 recolli-

57 3727 133 3788 gere
162 3703 359 3788 neglexerit,
388 3700 415 3762 si
443 3699 477 3759 iu
497 3699 645 3759 Naustria
675 3705 714 3770 c)
739 3696 853 3759 autin
890 3699 1018 3760 Austria
1041 3704 1161 3782 fuerit,

56 3787 178 3850 amittat
198 3788 266 3871 ipsa
285 3784 438 3869 pignora,
467 3791 499 3844 et
525 3802 591 3841 nou
615 3780 733 3843 habeat
755 3780 941 3844 facundiam
955 3784 1160 3866 requirendi.

125 3985 152 4054 z)
170 3985 211 4038 Al.
230 3983 318 4037 Codd.
336 3982 488 4052 ruperint(
544 3977 578 4047 a)
597 3979 648 4034 Un.
667 3979 735 4032 cod.
753 3977 820 4032 Ideo
832 3997 882 4051 per·
898 3978 992 4051 capud
1004 3994 1159 4053 componat,

55 4056 107 4127 qui
124 4059 216 4124 rupit,
236 4057 322 4123 ipsam
335 4069 470 4123 poenam,
499 4067 583 4119 quam
602 4061 773 4118 posuerunt,
800 4052 874 4104 sirm
886 4068 939 4120 per
956 4051 1048 4122 capud
1065 4057 1161 4106 volun·
1262 4075 1263 4080 ¹

56 4126 129 4176 taric
148 4135 363 4183 consenserunt,
389 4134 439 4172 aut
456 4117 568 4171 heredes
585 4135 686 4171 eorum.
767 4119 803 4190 h)
832 4122 881 4172 Ua
904 4121 972 4174 cod.
991 4120 1049 4194 dies
1066 4125 1158 4178 XXIL

56 4197 228 4250 remanserit.
298 4198 332 4258 c)
351 4192 394 4246 rll.
411 4189 495 4244 Edita.
514 4189 607 4242 Irata.
865 4251 870 4256 .
