2684 4868
174 217 249 296 610
369 228 474 286 necis
492 226 785 286 wtsrcoraosun
806 231 869 286 an.
890 231 936 286 ix.
956 232 1025 288 ur.
1045 232 1082 289 11.
1105 249 1109 256 ·

177 373 339 444 adiutorio
365 371 501 434 fratrum
528 389 660 432 suorum
691 379 858 454 promptus
886 380 982 454 atque
1011 371 1118 437 alacer
1139 398 1201 459 pro
1224 377 1288 440 vin·

176 460 339 528 dicatione
358 453 480 536 patriae
508 471 574 513 non
602 453 739 516 existat:
768 463 801 516 et
827 456 1058 538 superveniens
1088 459 1288 522 adversario-

175 567 249 608 rum
276 536 435 602 hostilitas
467 533 592 617 aliquid
622 535 753 618 dampni
775 538 829 598 vel
860 537 1051 619 captivitatis
1084 540 1118 600 in
1153 544 1287 626 populos

174 629 228 692 vel
255 627 289 686 in
317 617 501 706 provincias
531 617 624 699 regni
655 619 755 680 nostri
782 641 800 678 a
826 620 921 681 modo
948 621 1112 684 intuleritt
1139 626 1286 708 quisquis

173 711 284 772 tardus
303 705 356 766 vel
374 699 613 776 formidolosus,
637 702 688 763 vel
710 701 855 784 qualibet
872 703 1004 781 malitia,
1031 706 1147 768 timore
1169 709 1223 768 vel
1246 717 1287 770 te·

171 794 308 878 piditatc
336 786 519 849 succinctus
542 783 708 860 extiterit,
736 792 768 846 et
793 786 833 846 ad
855 785 1042 868 praestitum
1064 790 1119 850 vel
1146 790 1286 853 vindica·

173 877 297 938 tionem
321 866 426 952 gentis
451 886 527 929 suae
561 873 594 926 et
622 866 745 948 patriae
773 867 863 929 exire
890 870 944 928 vel
976 868 1148 932 intendere
1174 885 1285 936 contra

171 958 320 1020 inimicos
348 957 475 1012 nostrae
496 947 602 1030 gentis
622 956 687 1009 tota
711 947 829 1010 virium
852 950 1033 1014 intentione
1055 953 1238 1020 distulerit:
1260 957 1284 1018 si

157 1041 311 1121 ‚quisque
329 1055 369 1094 ex
396 1029 617 1094 sacerdotibus
638 1031 689 1093 vel
712 1030 841 1094 clericis
862 1033 971 1111 fuerit,
996 1043 1028 1096 et
1046 1057 1112 1096 non
1136 1035 1284 1100 habuerit

171 1123 260 1184 uude
291 1120 430 1196 dampna
460 1133 571 1174 rerum
599 1121 703 1174 terrae
740 1123 866 1177 nostrae
891 1115 930 1176 ab
959 1116 1099 1180 inimicis
1128 1117 1220 1180 illata
1247 1121 1284 1184 de

169 1204 267 1266 rebus
300 1195 439 1282 propriis
468 1194 661 1274 satisfaciet,
690 1195 780 1256 iuxta
803 1197 996 1260 electionem
1021 1201 1185 1284 Principis
1219 1202 1284 1265 dis-

169 1285 309 1348 trictiori
333 1277 536 1360 mancipetur
557 1276 666 1340 exilio.
708 1279 795 1340 Haec
815 1277 882 1341 sola
905 1283 1066 1344 sententia
1089 1283 1121 1344 in
1150 1284 1283 1367 Episco-

167 1370 232 1454 pis,
258 1361 469 1450 presbyteris,
491 1367 524 1420 et
549 1360 738 1422 diaconibus
764 1360 964 1424 observanda
990 1375 1047 1431 est.
1089 1367 1128 1426 In
1155 1369 1283 1432 clericis

167 1472 246 1514 vero
269 1469 334 1509 non
362 1442 555 1505 habentibus
578 1441 753 1520 honorem,
781 1443 871 1504 iuxta
894 1445 1095 1510 subtiliorem
1119 1449 1159 1512 de
1191 1449 1283 1514 laicis

169 1533 317 1596 ordinem
349 1524 574 1601 constitutum,
597 1525 701 1588 omnis
724 1527 885 1588 sententia
909 1528 1112 1612 adimplenda
1137 1541 1196 1598 est.
1233 1535 1283 1596 Ex

168 1615 259 1678 laicis
283 1633 373 1690 vero,
394 1607 463 1670 sive
487 1609 529 1668 sit
553 1606 683 1687 nobilis,
706 1609 774 1672 siae
803 1608 997 1673 mediocrior
1021 1613 1184 1695 viliorque
1212 1637 1284 1698 per·

167 1719 268 1774 sona,
296 1694 353 1776 qui
380 1689 659 1772 taliagesserint,
685 1692 847 1774 praesenti
876 1692 949 1776 lege
973 1696 1222 1776 constituimus,
1248 1707 1284 1760 ut

96 1801 99 1816 ¹
169 1779 284 1844 amisso
301 1772 485 1838 testimonio
508 1772 683 1854 dignitatis,
705 1773 870 1856 redigatur
893 1777 1041 1859 protinus
1063 1779 1102 1840 ad
1123 1780 1284 1842 conditio·

166 1883 242 1926 nem
271 1859 402 1922 ultimae
427 1855 607 1918 servitutis:
632 1865 666 1917 et
684 1857 724 1918 de
746 1855 816 1918 eius
840 1878 978 1952 persona
997 1860 1159 1943 quidquid
1187 1862 1285 1924 Priu-

167 1967 243 2028 ceps
276 1942 442 2008 vindicare
469 1935 635 2018 voluerit,
666 1948 804 2020 potestas
838 1941 889 2001 illi
919 1941 1099 2004 indubitata
1127 1946 1282 2007 manebit.

165 2029 247 2092 Nam
273 2027 391 2088 iustum
416 2029 482 2098 est,
509 2029 546 2082 ut
573 2023 631 2102 qui
657 2019 859 2082 nobilitatem
883 2026 1010 2105 generis
1032 2025 1139 2088 sui·et
1161 2035 1284 2090 statum

164 2111 302 2196 patriae,
319 2106 407 2190 quod
424 2103 547 2187 priscae
567 2103 670 2186 gentis
687 2103 861 2184 adquisivit
881 2107 1013 2186 utilitas,
1036 2110 1197 2170 constanti
1210 2110 1282 2170 ani·

166 2215 221 2256 mc
245 2191 412 2257 vindicare
434 2185 600 2267 nequivit,
625 2185 707 2267 legis
730 2185 826 2248 huius
848 2190 1011 2251 sententia
1035 2191 1194 2270 feriatur,
1220 2193 1282 2275 qui

164 2274 354 2357 ignobiliter
372 2267 591 2353 superioribus
617 2269 722 2350 culpis
745 2269 912 2333 adstrictus
936 2272 1079 2356 degener
1114 2284 1211 2357 atque
1230 2280 1281 2336 in·

165 2356 255 2417 utilis
272 2354 466 2437 repperitur.
509 2353 558 2412 De
582 2351 676 2411 bonis
697 2361 803 2412 autem
823 2362 1101 2436 nansgressorum,
1119 2356 1280 2418 laicorum

165 2437 291 2499 scilicet
319 2445 416 2517 atque
446 2431 543 2493 ctiam
567 2434 761 2494 clericorum
791 2435 849 2516 qui
875 2435 944 2500 sine
971 2437 1095 2499 honore
1120 2448 1213 2518 sunt,
1242 2441 1280 2502 id

166 2517 371 2582 decernimus
391 2513 645 2576 observandum:
664 2525 700 2576 ut
719 2515 776 2599 qui
797 2517 950 2601 deinceps
967 2518 1027 2582 boc
1044 2521 1177 2583 fortasse
1192 2543 1281 2583 com·

84 2649 86 2656 .
166 2600 335 2675 miserint,
364 2597 441 2660 inde
465 2606 582 2658 cuncta
603 2598 739 2681 dampna
767 2608 870 2660 terrae
894 2612 1040 2681 nostrae,
1061 2605 1116 2665 vel
1146 2603 1197 2666 his
1218 2605 1279 2687 qui

164 2685 247 2745 mala
270 2679 477 2764 pertulerint,
502 2680 694 2763 sarciantur,
720 2689 755 2740 ut
778 2690 866 2742 recte
890 2682 1008 2763 dolent,
1032 2693 1065 2746 et
1086 2686 1280 2769 dignitatem

164 2789 200 2829 se
227 2764 368 2826 amisisse
390 2761 560 2841 nobilium,
587 2772 618 2824 et
640 2763 769 2846 praedia
789 2764 990 2843 facultatum,
1015 2767 1107 2830 cuius
1134 2769 1279 2852 maligna

164 2850 220 2914 vel
245 2848 357 2912 timida
382 2843 497 2921 factio,
532 2865 594 2907 nec
620 2845 802 2906 laedentem
827 2848 948 2929 repulit
975 2847 1118 2929 bostem,
1149 2873 1210 2913 nec
1240 2874 1276 2914 se

164 2931 307 2995 ostendit
328 2929 363 2990 iu
391 2927 647 2990 adversariorum
669 2928 882 2991 conversione
906 2930 1045 2996 virilem.
1085 2935 1164 2996 Nam
1189 2943 1222 2996 et
1246 2935 1277 2997 si

164 3013 304 3098 quilibet
333 3011 418 3072 infra
444 3009 523 3072 fines
552 3009 741 3094 Hispaniae,
771 3012 916 3091 Galliae,
950 3014 1127 3094 Galliciae,
1153 3017 1202 3078 vel
1237 3017 1274 3084 in

151 3097 292 3178 ,cunctis
315 3093 511 3179 prouinciis,
539 3115 621 3175 quae
642 3094 683 3154 ad
709 3093 865 3155 ditionem
884 3096 986 3157 nostri
1012 3097 1179 3180 regiminis
1200 3120 1274 3183 per·

161 3181 288 3257 tinent,
313 3175 501 3240 scandalum
523 3175 556 3236 in
583 3196 779 3259 quacunque
803 3187 893 3258 parte
917 3189 1029 3241 contra
1059 3191 1188 3264 gentem
1218 3181 1274 3245 vel

163 3263 319 3345 patriam,
348 3267 558 3340 nostrumque
589 3279 746 3342 regnum,
769 3258 823 3320 vel
846 3259 942 3322 etiam
964 3283 1184 3326 successorum
1202 3285 1276 3326 nos·

161 3354 287 3407 trorum
308 3341 470 3419 moverit,
494 3351 551 3403 aut
569 3361 700 3405 movere
724 3341 885 3418 voluerit,
915 3345 993 3406 dum
1014 3344 1077 3408 hoc
1100 3345 1134 3406 in
1157 3345 1274 3410 vicinia

161 3428 243 3490 locis
265 3426 365 3510 ipsius
386 3423 502 3507 partis,
522 3424 613 3485 iuxta
630 3444 799 3484 numerum
823 3424 1000 3488 milliorum
1022 3428 1275 3513 suprascriptum

163 3511 347 3572 nuntiatum
369 3505 486 3568 fueritz
518 3506 691 3569 autetiam
717 3505 903 3589 specialiter
921 3510 1069 3592 quisquis
1094 3511 1152 3572 ille
1181 3534 1199 3571 a
1227 3533 1275 3572 sa·

164 3592 372 3669 cerdotibus,
397 3588 545 3669 clericis,
573 3589 720 3666 dacibus,
743 3590 931 3669 comitibus,
958 3591 1160 3676 tbiuphadis,
1184 3593 1272 3654 vica·

158 3676 230 3754 riis,
253 3676 305 3739 vel
325 3671 524 3756 quibuslibet
550 3672 710 3756 personis,
733 3671 824 3734 iuxta
853 3675 1000 3736 ordinem
1022 3674 1274 3759 suprascriptum

161 3759 344 3823 admonitus
369 3754 492 3833 fuerit,
520 3756 572 3819 vel
598 3754 639 3816 ad
661 3776 750 3816 suam
776 3755 995 3840 cognitionem
1018 3779 1149 3841 quoquo
1176 3759 1273 3820 modo

159 3841 367 3925 pervenerit:
393 3847 426 3900 et
449 3837 555 3899 statim
582 3838 619 3898 ad
644 3836 897 3900 vindicationem
919 3849 975 3900 aut
998 3841 1106 3924 Regis,
1121 3850 1180 3902 aut
1198 3863 1274 3924 gen·

159 3924 201 3986 tis
224 3933 257 3986 et
279 3924 419 4006 patriae,
446 3922 500 3982 vel
520 3920 665 3981 fidelium
685 3921 863 4002 praesentis
887 3923 1004 4006 Regis,
1030 3935 1144 3999 contra
1174 3945 1274 4006 quem

162 4006 267 4088 ipsum
287 4004 476 4069 scandalum
499 4004 673 4066 excitatum
695 4003 858 4083 extiterit,
889 4027 954 4066 non
978 4005 1074 4067 citata
1096 4007 1273 4069 devotione

160 4089 361 4165 occurrerit,
393 4094 426 4148 et
454 4096 616 4171 praestum
643 4106 676 4146 se
709 4085 744 4145 iu
773 4107 884 4148 eorum
906 4087 1069 4150 adiutorio
1089 4089 1129 4150 ad
1150 4089 1275 4150 destru-

158 4172 281 4236 endum
302 4177 451 4236 exortum
471 4168 656 4232 scandalum
677 4189 744 4232 nou
761 4167 961 4236 exhibuerit:
976 4169 1002 4234 si
1023 4171 1199 4256 Episcopus
1217 4169 1271 4232 vel
