2648 4874
279 285 383 342 scen
401 285 691 343 ursrsoruoanu
710 285 775 339 tn.
795 285 847 344 111.
864 285 937 342 rrr.
957 287 994 341 u.
1118 271 1188 346 471

85 447 208 490 suarum
231 423 292 486 lilii
310 425 360 487 sui
382 445 422 487 ex
448 423 551 506 priori
576 423 730 506 coniugio
753 424 913 508 procreati
930 424 1103 508 recipiant;
1135 443 1191 495 aut

83 512 108 574 si
126 509 183 568 lilii
204 508 342 580 desunt,
363 508 419 567 alii
439 506 689 588 propinquiores
710 505 847 572 herodes
870 508 1016 569 defuncti
1044 515 1106 574 viri
1130 538 1191 598 per

80 591 195 653 iudicis
217 590 420 665 instantiam,
442 590 582 670 ipsarum
597 609 706 648 rerum
722 599 963 671 consequantur
975 595 1189 666 medictatem,

79 677 184 752 Quam
203 673 239 734 id
261 671 348 733 circo
367 671 536 732 mulierem
555 671 728 754 praecipue
752 671 830 732 huic
852 672 999 734 volumus
1022 678 1189 742 subiacere

78 755 266 838 dispendio:
291 776 332 814 nc
355 751 432 815 haec
452 772 534 833 quae
554 775 572 812 a
589 754 703 813 marito
726 754 855 835 gravida
874 754 1090 837 relinquitur,
1112 759 1189 822 dum

77 837 289 902 immoderato
311 835 471 898 desiderio
495 835 536 895 ad
562 835 697 896 secundi
716 834 858 919 coniugii
877 847 950 898 vota
964 841 1113 918 festinat,
1134 844 1187 906 vel

77 919 276 982 adulterium
298 927 474 1000 perpetrat,
511 939 599 996 spem
621 927 731 1000 partus
757 918 807 980 sui
831 918 1017 1003 priusquam
1040 931 1189 988 nascatur

76 1004 255 1083 extinguat.
294 1000 372 1061 Illas
391 999 621 1060 tantumdema
644 999 724 1082 legia
745 997 842 1062 huius
863 1003 1021 1064 sententia
1040 1005 1187 1070 iubemus

74 1104 206 1145 manere
223 1083 425 1164 indempnes,
445 1103 524 1164 quas
543 1081 731 1164 principalis
748 1083 936 1162 auctoritas,
957 1084 1042 1147 infra
1061 1097 1186 1170 tempus

75 1190 112 1229 ac
133 1168 207 1249 lege
221 1165 447 1244 constitutum,
469 1163 605 1226 cuilibet
616 1163 649 1223 in
662 1164 813 1248 coniugio
826 1166 969 1229 decrevit
981 1170 1186 1254 copulandas.

527 1280 568 1342 ll.
589 1301 737 1354 anricus.

74 1397 115 1460 Si
132 1397 249 1458 mulier
265 1399 400 1478 ingenua
414 1415 507 1457 servo
533 1395 589 1455 vel
614 1396 728 1459 liberto
758 1398 891 1482 proprio
917 1418 983 1460 sese
1015 1405 1184 1486 coniungat

484 1477 540 1538 vel
561 1479 766 1540 commisceat.

157 1561 191 1623 Si
228 1559 348 1622 mulier
375 1559 516 1641 ingenua
547 1580 640 1621 servo
674 1583 734 1622 suo
764 1559 817 1622 vel
842 1561 975 1645 proprio
1004 1565 1119 1628 liberto
1147 1591 1181 1634 ae

73 1646 108 1707 in
142 1644 303 1706 adulterio
336 1642 593 1720 commiscuerit,
616 1651 671 1702 aot
702 1643 833 1704 fortisan
864 1666 937 1706 eum
959 1649 1108 1710 maritum
1123 1650 1182 1712 lia-

50 1729 153 1790 'bere
181 1725 341 1803 voluerit,
384 1734 416 1786 et
436 1746 476 1786 ex
497 1724 559 1785 hoc
592 1725 759 1788 manifesta
788 1727 976 1806 probatione
1010 1732 1181 1794 convinci-

72 1821 149 1883 tur,
188 1809 372 1869 occidatur:
407 1806 451 1868 ita
485 1815 522 1866 ut
553 1807 680 1868 adulter
707 1818 738 1870 et
762 1809 907 1869 adultera
934 1819 1008 1872 ante
1040 1813 1181 1876 iudicem

72 1892 204 1976 publice
224 1890 442 1972 fustigentur,
480 1897 513 1950 et
539 1889 669 1970 ignibus
697 1902 956 1957 concrementur.
1018 1896 1101 1955 Cum
1123 1919 1181 1958 au-

71 1987 139 2037 tem
159 1995 218 2056 per
245 1981 371 2033 reatum
397 1981 460 2034 tam
481 1974 584 2053 turpis
609 1971 756 2052 admissi,
787 1973 974 2054 quicunque
995 1975 1114 2056 iudex,
1145 1980 1180 2041 iu

72 2076 269 2140 quacunque
308 2055 399 2136 regni
428 2052 527 2114 nostri
559 2054 726 2135 provincia
763 2056 974 2133 constitutus,
1012 2062 1181 2142 agnoverit

73 2140 235 2201 dominam
259 2157 351 2198 servo
369 2157 445 2214 suo,
472 2137 539 2197 sive
557 2146 722 2215 patronam
748 2135 864 2198 liberto
895 2139 991 2198 fnisse
1021 2142 1179 2204 coniunc-

73 2232 155 2300 tam,
180 2242 235 2282 eos
261 2240 407 2300 separare
435 2239 501 2278 non
532 2218 674 2280 differat:
703 2219 746 2278 ita
771 2229 806 2279 ut
827 2220 910 2280 bona
932 2220 1083 2284 'eiusdem
1103 2247 1177 2286 mu·

72 2303 179 2381 lieris,
215 2311 269 2362 aut
297 2303 324 2361 si
346 2309 422 2362 sunt
454 2301 493 2361 de
517 2295 581 2360 alio
611 2300 682 2365 viro
708 2300 819 2362 idonei
845 2301 905 2360 filii
931 2303 1102 2366 evidenter
1124 2309 1178 2368 ob·

71 2387 214 2459 tineent,
251 2392 307 2443 aut
328 2382 520 2464 propinquis
553 2383 622 2444 eius
652 2383 748 2465 legali
774 2383 976 2446 successione
999 2389 1176 2469 proficiant.

72 2468 169 2546 Quod
189 2466 336 2548 eiusque
356 2468 395 2525 ad
415 2465 546 2525 tertium
567 2465 700 2546 gradum
724 2465 904 2527 defecerint
921 2466 1075 2548 heredes,
1098 2479 1176 2534 tunc

70 2550 180 2610 omnia
202 2548 296 2616 fiscus
320 2557 471 2630 usurpet:
494 2567 534 2607 ex
556 2547 613 2607 tali
634 2547 722 2608 enim
742 2548 905 2609 consortio
922 2548 1006 2612 filios
1024 2575 1176 2634 procrea·

69 2640 116 2692 tos
140 2631 292 2692 constitui
315 2651 380 2689 non
403 2638 528 2712 oportet
548 2628 694 2695 heredes.
737 2629 796 2690 llla
820 2651 916 2712 ergo,
947 2654 1005 2694 seu
1026 2637 1117 2719 virgo
1136 2639 1177 2698 ei-

69 2736 107 2774 ve
126 2714 224 2773 vidua
252 2711 369 2788 fuerit,
405 2732 543 2793 poenam
568 2711 708 2793 excipiat
734 2712 881 2794 superius
903 2716 1175 2798 comprehensam.

68 2796 166 2874 Quod
187 2796 213 2856 si
234 2797 274 2856 ad
296 2793 407 2854 altaria
429 2802 536 2854 sancta
555 2793 757 2875 confugerit,
786 2794 928 2858 donetur
954 2799 1097 2883 aRege,
1120 2805 1175 2863 cui

66 2878 190 2940 iussum
217 2877 337 2953 fuerit,
364 2875 554 2958 perenniter
575 2877 741 2937 servitura.

509 3005 570 3071 lll.
591 3029 739 3082 anricus.
789 3047 791 3054 ›

69 3121 103 3183 Si
129 3123 243 3184 mulier
270 3123 405 3203 ingenuo
432 3143 522 3185 servo
545 3117 672 3200 alieno,
695 3146 748 3184 seu
768 3126 919 3206 ingenuus
940 3128 1074 3190 ancillae
1094 3131 1173 3192 alie-

442 3226 501 3264 noe
532 3225 603 3268 sese,
622 3207 799 3287 coniungat.

146 3284 180 3345 si
200 3287 321 3348 mulier
344 3286 484 3368 ingenua
496 3309 587 3348 servo
616 3288 741 3366 alieno,
764 3290 832 3351 sive
853 3291 969 3372 Regis„
995 3314 1028 3354 ae
1050 3294 1083 3354 in
1105 3318 1173 3356 ma-

65 3367 215 3428 trimonio
255 3368 444 3444 sociaverit,
487 3368 555 3430 sive
593 3369 687 3430 etiam
722 3392 781 3453 per
814 3371 1008 3434 adulterium
1037 3377 1172 3459 iungere

62 3453 329 3533 praesumpserit,
374 3451 478 3512 statim
509 3449 564 3510 ubi
589 3452 728 3533 primum
755 3453 817 3512 hoe
853 3454 951 3517 iudex
984 3461 1171 3541 agnoverit,

63 3554 118 3594 eos
156 3530 197 3591 ad
232 3533 444 3613 separandum
479 3533 632 3594 festinare
667 3557 732 3594 non
772 3535 914 3615 differat,
965 3549 1001 3598 ut
1034 3563 1171 3622 poenam

62 3636 158 3696 quam
185 3625 352 3676 merentur
378 3614 554 3696 excipiant:
581 3614 643 3676 hoc
662 3625 726 3692 cst,
753 3617 872 3699 singuli
895 3639 1006 3680 eorum
1034 3633 1170 3687 centena

61 3695 188 3779 flagella
224 3697 408 3780 suscipiant.
470 3699 511 3756 Et
547 3695 572 3758 si
599 3707 671 3781 post
698 3699 782 3760 hanc
814 3702 1101 3767 contradictionem
1138 3732 1171 3772 se

61 3779 310 3856 coniunxerint,
359 3800 413 3840 eos
435 3780 533 3840 iudex
561 3781 791 3862 comprehendi
820 3783 949 3862 iubeat,
988 3797 1019 3847 et
1051 3789 1085 3847 in
1114 3816 1168 3852 sun

58 3862 241 3944 praesentia
263 3861 425 3922 exhiheri:
456 3869 491 3920 ut
516 3862 695 3943 unicuique
728 3885 839 3924 eorum
866 3866 1005 3927 iteratim
1033 3883 1168 3934 centena

59 3943 185 4025 flagella
216 3944 382 4025 imponere
406 3965 471 4003 non
503 3942 643 4004 desistat.
696 3946 793 4023 Quod
814 3948 839 4009 si
864 3951 956 4008 tertia
984 3951 1053 4012 vice
1074 3978 1187 4015 sese·¹

58 4047 170 4105 parare
194 4025 377 4103 noluerint,
407 4024 557 4086 similiter
588 4036 724 4086 centena
749 4027 875 4108 flagella
901 4031 946 4092 eis
974 4033 1168 4114 imponi-iu·

56 4109 187 4186 bemus,
230 4119 261 4168 et
302 4107 370 4188 ipsa
402 4107 522 4168 mulier
546 4109 731 4188 parentibus
757 4111 823 4172 suis
850 4112 882 4171 in
913 4123 1065 4194 potestate
1102 4129 1166 4178 tra-

57 4192 159 4260 datur.
215 4190 314 4270 Quod
346 4191 372 4251 si
400 4190 602 4274 postmodum
630 4212 700 4253 earn
730 4202 878 4276 parentes
911 4206 1086 4262 retrorsum
1116 4202 1165 4264 di-
