<?xml version="1.0" encoding="UTF-8"?>
<!DOCTYPE html PUBLIC "-//W3C//DTD XHTML 1.0 Transitional//EN"
    "http://www.w3.org/TR/xhtml1/DTD/xhtml1-transitional.dtd">
<html xmlns="http://www.w3.org/1999/xhtml" xml:lang="en" lang="en">
 <head>
  <title>
</title>
<meta http-equiv="Content-Type" content="text/html;charset=utf-8" />
  <meta name='ocr-system' content='tesseract 3.04.00' />
  <meta name='ocr-capabilities' content='ocr_page ocr_carea ocr_par ocr_line ocrx_word'/>
</head>
<body>
  <div class='ocr_page' id='page_1' title='image "./corpusiurisgerm00visigoog_0345.png"; bbox 0 0 2632 4822; ppageno 0'>
   <div class='ocr_carea' id='block_1_1' title="bbox 108 226 848 301">
    <p class='ocr_par' dir='ltr' id='par_1_1' title="bbox 108 226 848 301">
     <span class='ocr_line' id='line_1_1' title="bbox 108 226 848 301; baseline -0.008 -1"><span class='ocrx_word' id='word_1_1' title='bbox 108 226 182 301; x_wconf 80' lang='lat'><strong>752</strong></span> <span class='ocrx_word' id='word_1_2' title='bbox 470 238 637 295; x_wconf 78' lang='lat' dir='ltr'><strong>esseron</strong></span> <span class='ocrx_word' id='word_1_3' title='bbox 670 237 848 294; x_wconf 84' lang='lat' dir='ltr'><strong>norussrs</strong></span> 
     </span>
    </p>
   </div>
   <div class='ocr_carea' id='block_1_2' title="bbox 108 377 1231 1048">
    <p class='ocr_par' dir='ltr' id='par_1_2' title="bbox 109 377 1231 554">
     <span class='ocr_line' id='line_1_2' title="bbox 110 377 1228 468; baseline 0.001 -20"><span class='ocrx_word' id='word_1_4' title='bbox 110 385 218 448; x_wconf 90' lang='lat' dir='ltr'><strong>sliena</strong></span> <span class='ocrx_word' id='word_1_5' title='bbox 245 378 359 444; x_wconf 81' lang='lat' dir='ltr'><strong>tulerit</strong></span> <span class='ocrx_word' id='word_1_6' title='bbox 389 377 536 459; x_wconf 85' lang='lat' dir='ltr'><strong>occulte,</strong></span> <span class='ocrx_word' id='word_1_7' title='bbox 565 389 599 443; x_wconf 89' lang='lat' dir='ltr'><strong>et</strong></span> <span class='ocrx_word' id='word_1_8' title='bbox 620 401 686 443; x_wconf 90' lang='lat' dir='ltr'><strong>non</strong></span> <span class='ocrx_word' id='word_1_9' title='bbox 714 382 893 465; x_wconf 74' lang='lat' dir='ltr'>rogaverit,</span> <span class='ocrx_word' id='word_1_10' title='bbox 924 389 1103 468; x_wconf 87' lang='lat' dir='ltr'><strong>componat</strong></span> <span class='ocrx_word' id='word_1_11' title='bbox 1128 385 1228 449; x_wconf 85' lang='lat' dir='ltr'><strong>curtis</strong></span> 
     </span>
     <span class='ocr_line' id='line_1_3' title="bbox 109 462 1231 554; baseline 0 -23"><span class='ocrx_word' id='word_1_12' title='bbox 109 477 295 554; x_wconf 89' lang='lat' dir='ltr'><strong>rupturam,</strong></span> <span class='ocrx_word' id='word_1_13' title='bbox 328 463 361 524; x_wconf 89' lang='lat' dir='ltr'><strong>id</strong></span> <span class='ocrx_word' id='word_1_14' title='bbox 382 473 431 525; x_wconf 88' lang='lat' dir='ltr'><strong>est</strong></span> <span class='ocrx_word' id='word_1_15' title='bbox 450 462 583 543; x_wconf 90' lang='lat' dir='ltr'><strong>oberos,</strong></span> <span class='ocrx_word' id='word_1_16' title='bbox 601 464 722 528; x_wconf 89' lang='lat' dir='ltr'><strong>solidos</strong></span> <span class='ocrx_word' id='word_1_17' title='bbox 743 465 815 531; x_wconf 85' lang='lat' dir='ltr'><strong>XX.</strong></span> <span class='ocrx_word' id='word_1_18' title='bbox 857 467 882 528; x_wconf 83' lang='lat' dir='ltr'><strong>l.</strong></span> <span class='ocrx_word' id='word_1_19' title='bbox 903 469 954 545; x_wconf 55' lang='lat' dir='ltr'><strong>ab</strong></span> <span class='ocrx_word' id='word_1_20' title='bbox 973 468 1005 533; x_wconf 89' lang='lat'><strong>6.</strong></span> <span class='ocrx_word' id='word_1_21' title='bbox 1229 477 1231 485; x_wconf 91' lang='lat'>&#39;</span> 
     </span>
    </p>

    <p class='ocr_par' dir='ltr' id='par_1_3' title="bbox 108 545 1231 1048">
     <span class='ocr_line' id='line_1_4' title="bbox 194 545 1231 632; baseline 0.003 -21"><span class='ocrx_word' id='word_1_22' title='bbox 194 545 459 611; x_wconf 77' lang='lat' dir='ltr'><strong>ccctxxxtv.</strong></span> <span class='ocrx_word' id='word_1_23' title='bbox 501 547 535 607; x_wconf 91' lang='lat' dir='ltr'><strong>Si</strong></span> <span class='ocrx_word' id='word_1_24' title='bbox 561 548 634 630; x_wconf 86' lang='lat' dir='ltr'><strong>quis</strong></span> <span class='ocrx_word' id='word_1_25' title='bbox 653 548 753 609; x_wconf 85' lang='lat' dir='ltr'><strong>alium</strong></span> <span class='ocrx_word' id='word_1_26' title='bbox 781 546 907 632; x_wconf 61' lang='lat' dir='ltr'><strong>Argum}</strong></span> <span class='ocrx_word' id='word_1_27' title='bbox 919 571 979 632; x_wconf 88' lang='lat' dir='ltr'><strong>per</strong></span> <span class='ocrx_word' id='word_1_28' title='bbox 996 552 1147 614; x_wconf 89' lang='lat' dir='ltr'><strong>furorem</strong></span> <span class='ocrx_word' id='word_1_29' title='bbox 1168 554 1231 614; x_wconf 80' lang='lat' dir='ltr'><strong>cle·</strong></span> 
     </span>
     <span class='ocr_line' id='line_1_5' title="bbox 109 631 1230 717; baseline -0.002 -19"><span class='ocrx_word' id='word_1_30' title='bbox 109 633 266 709; x_wconf 80' lang='lat' dir='ltr'><strong>moverit,</strong></span> <span class='ocrx_word' id='word_1_31' title='bbox 294 639 328 692; x_wconf 91' lang='lat' dir='ltr'><strong>et</strong></span> <span class='ocrx_word' id='word_1_32' title='bbox 360 648 478 712; x_wconf 83' lang='lat' dir='ltr'><strong>negare</strong></span> <span class='ocrx_word' id='word_1_33' title='bbox 501 649 567 692; x_wconf 86' lang='lat' dir='ltr'><strong>uon</strong></span> <span class='ocrx_word' id='word_1_34' title='bbox 586 631 747 712; x_wconf 88' lang='lat' dir='ltr'><strong>potuerit,</strong></span> <span class='ocrx_word' id='word_1_35' title='bbox 770 640 804 694; x_wconf 90' lang='lat' dir='ltr'><strong>et</strong></span> <span class='ocrx_word' id='word_1_36' title='bbox 826 633 964 712; x_wconf 82' lang='lat' dir='ltr'><strong>dixerit,</strong></span> <span class='ocrx_word' id='word_1_37' title='bbox 986 635 1076 716; x_wconf 90' lang='lat' dir='ltr'><strong>quod</strong></span> <span class='ocrx_word' id='word_1_38' title='bbox 1098 657 1159 717; x_wconf 91' lang='lat' dir='ltr'><strong>per</strong></span> <span class='ocrx_word' id='word_1_39' title='bbox 1177 637 1230 696; x_wconf 83' lang='lat' dir='ltr'><strong>fu-</strong></span> 
     </span>
     <span class='ocr_line' id='line_1_6' title="bbox 109 712 1228 801; baseline -0.003 -20"><span class='ocrx_word' id='word_1_40' title='bbox 109 738 218 781; x_wconf 81' lang='lat' dir='ltr'><strong>rorem</strong></span> <span class='ocrx_word' id='word_1_41' title='bbox 238 712 388 778; x_wconf 87' lang='lat' dir='ltr'><strong>dixisset:</strong></span> <span class='ocrx_word' id='word_1_42' title='bbox 410 723 490 774; x_wconf 89' lang='lat' dir='ltr'><strong>tunc</strong></span> <span class='ocrx_word' id='word_1_43' title='bbox 519 713 642 775; x_wconf 88' lang='lat' dir='ltr'><strong>iuratus</strong></span> <span class='ocrx_word' id='word_1_44' title='bbox 666 714 772 792; x_wconf 82' lang='lat' dir='ltr'><strong>dicat,</strong></span> <span class='ocrx_word' id='word_1_45' title='bbox 805 717 892 798; x_wconf 87' lang='lat' dir='ltr'><strong>quod</strong></span> <span class='ocrx_word' id='word_1_46' title='bbox 916 738 992 778; x_wconf 88' lang='lat' dir='ltr'><strong>eum</strong></span> <span class='ocrx_word' id='word_1_47' title='bbox 1016 717 1137 801; x_wconf 80' lang='lat' dir='ltr'><strong>Argum</strong></span> <span class='ocrx_word' id='word_1_48' title='bbox 1164 739 1228 779; x_wconf 89' lang='grc' dir='ltr'>ιιοιι</span> 
     </span>
     <span class='ocr_line' id='line_1_7' title="bbox 109 797 1230 884; baseline -0.003 -20"><span class='ocrx_word' id='word_1_49' title='bbox 109 798 331 884; x_wconf 68' lang='lat' dir='ltr'>cognovisset,</span> <span class='ocrx_word' id='word_1_50' title='bbox 359 803 393 856; x_wconf 91' lang='lat' dir='ltr'><strong>et</strong></span> <span class='ocrx_word' id='word_1_51' title='bbox 419 804 529 878; x_wconf 85' lang='lat' dir='ltr'><strong>postea</strong></span> <span class='ocrx_word' id='word_1_52' title='bbox 556 806 728 879; x_wconf 86' lang='lat' dir='ltr'><strong>componat</strong></span> <span class='ocrx_word' id='word_1_53' title='bbox 752 819 812 879; x_wconf 87' lang='lat' dir='ltr'><strong>pro</strong></span> <span class='ocrx_word' id='word_1_54' title='bbox 843 797 912 881; x_wconf 91' lang='lat' dir='ltr'><strong>ipso</strong></span> <span class='ocrx_word' id='word_1_55' title='bbox 939 799 1102 862; x_wconf 87' lang='lat' dir='ltr'><strong>iniurioso</strong></span> <span class='ocrx_word' id='word_1_56' title='bbox 1130 801 1230 864; x_wconf 84' lang='lat' dir='ltr'><strong>verbo</strong></span> 
     </span>
     <span class='ocr_line' id='line_1_8' title="bbox 110 877 1229 968; baseline -0.004 -20"><span class='ocrx_word' id='word_1_57' title='bbox 110 883 231 948; x_wconf 87' lang='lat' dir='ltr'><strong>solidos</strong></span> <span class='ocrx_word' id='word_1_58' title='bbox 251 879 330 946; x_wconf 88' lang='lat' dir='ltr'><strong>Xll.</strong></span> <span class='ocrx_word' id='word_1_59' title='bbox 371 877 463 940; x_wconf 89' lang='lat' dir='ltr'><strong>Etsi</strong></span> <span class='ocrx_word' id='word_1_60' title='bbox 485 879 744 961; x_wconf 73' lang='lat' dir='ltr'><strong>perseveraverit</strong></span> <span class='ocrx_word' id='word_1_61' title='bbox 764 888 796 942; x_wconf 91' lang='lat' dir='ltr'><strong>et</strong></span> <span class='ocrx_word' id='word_1_62' title='bbox 818 880 959 961; x_wconf 87' lang='lat' dir='ltr'><strong>dixerit,</strong></span> <span class='ocrx_word' id='word_1_63' title='bbox 985 905 1020 946; x_wconf 90' lang='lat' dir='ltr'><strong>se</strong></span> <span class='ocrx_word' id='word_1_64' title='bbox 1041 904 1139 966; x_wconf 91' lang='lat' dir='ltr'><strong>posse</strong></span> <span class='ocrx_word' id='word_1_65' title='bbox 1160 905 1229 968; x_wconf 92' lang='lat' dir='ltr'><strong>pro-</strong></span> 
     </span>
     <span class='ocr_line' id='line_1_9' title="bbox 108 961 1228 1048; baseline 0 -20"><span class='ocrx_word' id='word_1_66' title='bbox 108 967 187 1029; x_wconf 86' lang='lat' dir='ltr'><strong>bare</strong></span> <span class='ocrx_word' id='word_1_67' title='bbox 215 983 277 1048; x_wconf 89' lang='lat' dir='ltr'><strong>per</strong></span> <span class='ocrx_word' id='word_1_68' title='bbox 301 981 464 1046; x_wconf 82' lang='lat' dir='ltr'><strong>pugnam,</strong></span> <span class='ocrx_word' id='word_1_69' title='bbox 494 961 669 1024; x_wconf 73' lang='lat' dir='ltr'><strong>convincat</strong></span> <span class='ocrx_word' id='word_1_70' title='bbox 700 983 775 1025; x_wconf 91' lang='lat' dir='ltr'><strong>eum</strong></span> <span class='ocrx_word' id='word_1_71' title='bbox 804 963 832 1026; x_wconf 89' lang='lat' dir='ltr'><strong>si</strong></span> <span class='ocrx_word' id='word_1_72' title='bbox 856 965 1018 1048; x_wconf 87' lang='lat' dir='ltr'><strong>potuerit,</strong></span> <span class='ocrx_word' id='word_1_73' title='bbox 1048 975 1108 1028; x_wconf 90' lang='lat' dir='ltr'><strong>aut</strong></span> <span class='ocrx_word' id='word_1_74' title='bbox 1144 975 1228 1030; x_wconf 87' lang='lat' dir='ltr'><strong>certe</strong></span> 
     </span>
    </p>
   </div>
   <div class='ocr_carea' id='block_1_3' title="bbox 112 1043 647 1131">
    <p class='ocr_par' dir='ltr' id='par_1_4' title="bbox 112 1043 647 1131">
     <span class='ocr_line' id='line_1_10' title="bbox 112 1043 647 1131; baseline -0.013 -21"><span class='ocrx_word' id='word_1_75' title='bbox 112 1055 285 1131; x_wconf 86' lang='lat' dir='ltr'><strong>componat</strong></span> <span class='ocrx_word' id='word_1_76' title='bbox 306 1053 344 1104; x_wconf 89' lang='lat' dir='ltr'><strong>ut</strong></span> <span class='ocrx_word' id='word_1_77' title='bbox 369 1059 476 1125; x_wconf 88' lang='lat' dir='ltr'><strong>supra.</strong></span> <span class='ocrx_word' id='word_1_78' title='bbox 523 1043 547 1105; x_wconf 91' lang='lat' dir='ltr'><strong>l.</strong></span> <span class='ocrx_word' id='word_1_79' title='bbox 569 1045 599 1111; x_wconf 84' lang='grc'><strong>5,</strong></span> <span class='ocrx_word' id='word_1_80' title='bbox 620 1065 647 1112; x_wconf 87' lang='grc' dir='ltr'>ι,</span> 
     </span>
    </p>
   </div>
   <div class='ocr_carea' id='block_1_4' title="bbox 180 1127 1228 1200">
    <p class='ocr_par' dir='ltr' id='par_1_5' title="bbox 180 1127 1228 1200">
     <span class='ocr_line' id='line_1_11' title="bbox 180 1127 1228 1200; baseline 0.001 -16"><span class='ocrx_word' id='word_1_81' title='bbox 180 1147 261 1184; x_wconf 79' lang='lat' dir='ltr'><strong>rosis.</strong></span> <span class='ocrx_word' id='word_1_82' title='bbox 296 1129 375 1182; x_wconf 81' lang='lat' dir='ltr'><strong>Petre</strong></span> <span class='ocrx_word' id='word_1_83' title='bbox 387 1133 418 1178; x_wconf 83' lang='lat' dir='ltr'><strong>te</strong></span> <span class='ocrx_word' id='word_1_84' title='bbox 434 1127 555 1196; x_wconf 79' lang='lat' dir='ltr'><strong>appellnt</strong></span> <span class='ocrx_word' id='word_1_85' title='bbox 572 1129 722 1192; x_wconf 83' lang='lat' dir='ltr'><strong>Martinus,</strong></span> <span class='ocrx_word' id='word_1_86' title='bbox 747 1129 823 1200; x_wconf 85' lang='lat' dir='ltr'><strong>quod</strong></span> <span class='ocrx_word' id='word_1_87' title='bbox 847 1137 879 1182; x_wconf 87' lang='lat' dir='ltr'><strong>tu</strong></span> <span class='ocrx_word' id='word_1_88' title='bbox 899 1129 1023 1184; x_wconf 82' lang='lat' dir='ltr'><strong>clamasti</strong></span> <span class='ocrx_word' id='word_1_89' title='bbox 1044 1147 1111 1186; x_wconf 89' lang='lat' dir='ltr'><strong>eum</strong></span> <span class='ocrx_word' id='word_1_90' title='bbox 1130 1132 1228 1200; x_wconf 76' lang='lat' dir='ltr'><strong>Argeos</strong></span> 
     </span>
    </p>
   </div>
   <div class='ocr_carea' id='block_1_5' title="bbox 111 1194 1230 1337">
    <p class='ocr_par' dir='ltr' id='par_1_6' title="bbox 111 1194 1230 1337">
     <span class='ocr_line' id='line_1_12' title="bbox 111 1194 1230 1273; baseline 0.003 -19"><span class='ocrx_word' id='word_1_91' title='bbox 111 1203 156 1262; x_wconf 90' lang='lat' dir='ltr'><strong>De</strong></span> <span class='ocrx_word' id='word_1_92' title='bbox 172 1208 247 1256; x_wconf 87' lang='lat' dir='ltr'><strong>torto</strong></span> <span class='ocrx_word' id='word_1_93' title='bbox 265 1215 309 1252; x_wconf 87' lang='lat' dir='ltr'><strong>ms</strong></span> <span class='ocrx_word' id='word_1_94' title='bbox 327 1194 451 1268; x_wconf 85' lang='lat' dir='ltr'><strong>appellis.</strong></span> <span class='ocrx_word' id='word_1_95' title='bbox 489 1197 519 1250; x_wconf 89' lang='lat' dir='ltr'><strong>Si</strong></span> <span class='ocrx_word' id='word_1_96' title='bbox 544 1197 658 1252; x_wconf 79' lang='lat' dir='ltr'><strong>dixerit:</strong></span> <span class='ocrx_word' id='word_1_97' title='bbox 682 1201 779 1268; x_wconf 63' lang='lat' dir='ltr'><strong>Argum</strong></span> <span class='ocrx_word' id='word_1_98' title='bbox 804 1201 934 1266; x_wconf 78' lang='lat' dir='ltr'><strong>clamavi,</strong></span> <span class='ocrx_word' id='word_1_99' title='bbox 957 1201 1007 1254; x_wconf 90' lang='lat' dir='ltr'><strong>sed</strong></span> <span class='ocrx_word' id='word_1_100' title='bbox 1026 1219 1078 1273; x_wconf 84' lang='lat' dir='ltr'><strong>per</strong></span> <span class='ocrx_word' id='word_1_101' title='bbox 1096 1201 1230 1270; x_wconf 67' lang='lat' dir='ltr'><strong>furareris</strong></span> 
     </span>
     <span class='ocr_line' id='line_1_13' title="bbox 113 1270 399 1337; baseline -0.031 -10"><span class='ocrx_word' id='word_1_102' title='bbox 113 1273 205 1337; x_wconf 87' lang='lat' dir='ltr'><strong>iuret,</strong></span> <span class='ocrx_word' id='word_1_103' title='bbox 233 1280 264 1322; x_wconf 92' lang='lat' dir='ltr'><strong>ut</strong></span> <span class='ocrx_word' id='word_1_104' title='bbox 285 1270 332 1322; x_wconf 82' lang='lat' dir='ltr'><strong>lex</strong></span> <span class='ocrx_word' id='word_1_105' title='bbox 350 1274 399 1320; x_wconf 88' lang='lat' dir='ltr'><strong>est.</strong></span> 
     </span>
    </p>
   </div>
   <div class='ocr_carea' id='block_1_6' title="bbox 114 1333 1261 2252">
    <p class='ocr_par' dir='ltr' id='par_1_7' title="bbox 114 1333 1235 1822">
     <span class='ocr_line' id='line_1_14' title="bbox 201 1333 1231 1426; baseline 0 -22"><span class='ocrx_word' id='word_1_106' title='bbox 201 1333 445 1404; x_wconf 80' lang='lat' dir='ltr'>CCCLXXXV.</span> <span class='ocrx_word' id='word_1_107' title='bbox 488 1337 523 1400; x_wconf 88' lang='lat' dir='ltr'><strong>Si</strong></span> <span class='ocrx_word' id='word_1_108' title='bbox 555 1337 628 1421; x_wconf 86' lang='lat' dir='ltr'><strong>quis</strong></span> <span class='ocrx_word' id='word_1_109' title='bbox 659 1337 824 1402; x_wconf 86' lang='lat' dir='ltr'><strong>homiuem</strong></span> <span class='ocrx_word' id='word_1_110' title='bbox 852 1340 993 1404; x_wconf 87' lang='lat' dir='ltr'><strong>liberum</strong></span> <span class='ocrx_word' id='word_1_111' title='bbox 1021 1341 1231 1426; x_wconf 83' lang='lat' dir='ltr'><strong>impingerit,</strong></span> 
     </span>
     <span class='ocr_line' id='line_1_15' title="bbox 114 1420 1232 1506; baseline -0.002 -18"><span class='ocrx_word' id='word_1_112' title='bbox 114 1433 152 1488; x_wconf 85' lang='lat' dir='ltr'><strong>ut</strong></span> <span class='ocrx_word' id='word_1_113' title='bbox 172 1423 281 1499; x_wconf 84' lang='lat' dir='ltr'><strong>cadat,</strong></span> <span class='ocrx_word' id='word_1_114' title='bbox 308 1427 481 1506; x_wconf 89' lang='lat' dir='ltr'><strong>componat</strong></span> <span class='ocrx_word' id='word_1_115' title='bbox 504 1420 535 1484; x_wconf 94' lang='lat' dir='ltr'><strong>ei</strong></span> <span class='ocrx_word' id='word_1_116' title='bbox 572 1421 691 1484; x_wconf 89' lang='lat' dir='ltr'><strong>solidos</strong></span> <span class='ocrx_word' id='word_1_117' title='bbox 714 1423 793 1488; x_wconf 85' lang='lat' dir='ltr'><strong>Vl.:</strong></span> <span class='ocrx_word' id='word_1_118' title='bbox 824 1424 871 1486; x_wconf 90' lang='lat' dir='ltr'><strong>sic</strong></span> <span class='ocrx_word' id='word_1_119' title='bbox 898 1435 1005 1487; x_wconf 86' lang='lat' dir='ltr'><strong>tamen</strong></span> <span class='ocrx_word' id='word_1_120' title='bbox 1042 1427 1070 1488; x_wconf 89' lang='lat' dir='ltr'><strong>si</strong></span> <span class='ocrx_word' id='word_1_121' title='bbox 1100 1427 1232 1488; x_wconf 80' lang='lat' dir='ltr'><strong>alteram</strong></span> 
     </span>
     <span class='ocr_line' id='line_1_16' title="bbox 114 1504 1232 1588; baseline -0.001 -17"><span class='ocrx_word' id='word_1_122' title='bbox 114 1507 294 1571; x_wconf 73' lang='lat' dir='ltr'><strong>laesionem</strong></span> <span class='ocrx_word' id='word_1_123' title='bbox 317 1506 351 1566; x_wconf 90' lang='lat' dir='ltr'><strong>in</strong></span> <span class='ocrx_word' id='word_1_124' title='bbox 377 1525 513 1587; x_wconf 86' lang='lat' dir='ltr'><strong>corpore</strong></span> <span class='ocrx_word' id='word_1_125' title='bbox 541 1504 641 1588; x_wconf 87' lang='lat' dir='ltr'><strong>ipsius</strong></span> <span class='ocrx_word' id='word_1_126' title='bbox 663 1526 728 1568; x_wconf 89' lang='lat' dir='ltr'><strong>nou</strong></span> <span class='ocrx_word' id='word_1_127' title='bbox 755 1507 881 1570; x_wconf 85' lang='lat' dir='ltr'><strong>fecerit.</strong></span> <span class='ocrx_word' id='word_1_128' title='bbox 934 1509 1015 1570; x_wconf 82' lang='lat' dir='ltr'><strong>Nam</strong></span> <span class='ocrx_word' id='word_1_129' title='bbox 1045 1510 1073 1570; x_wconf 83' lang='lat' dir='ltr'><strong>si</strong></span> <span class='ocrx_word' id='word_1_130' title='bbox 1102 1511 1232 1570; x_wconf 82' lang='lat' dir='ltr'><strong>alteram</strong></span> 
     </span>
     <span class='ocr_line' id='line_1_17' title="bbox 114 1586 1233 1671; baseline -0.001 -18"><span class='ocrx_word' id='word_1_131' title='bbox 114 1591 292 1654; x_wconf 74' lang='lat' dir='ltr'><strong>laesionem</strong></span> <span class='ocrx_word' id='word_1_132' title='bbox 320 1586 453 1664; x_wconf 86' lang='lat' dir='ltr'><strong>fecerit,</strong></span> <span class='ocrx_word' id='word_1_133' title='bbox 484 1597 672 1671; x_wconf 85' lang='lat' dir='ltr'><strong>componat,</strong></span> <span class='ocrx_word' id='word_1_134' title='bbox 710 1587 795 1650; x_wconf 87' lang='lat' dir='ltr'><strong>sicut</strong></span> <span class='ocrx_word' id='word_1_135' title='bbox 823 1590 933 1652; x_wconf 87' lang='lat' dir='ltr'><strong>subter</strong></span> <span class='ocrx_word' id='word_1_136' title='bbox 968 1589 1003 1651; x_wconf 90' lang='lat' dir='ltr'><strong>iu</strong></span> <span class='ocrx_word' id='word_1_137' title='bbox 1036 1587 1103 1654; x_wconf 84' lang='lat' dir='ltr'><strong>hoc</strong></span> <span class='ocrx_word' id='word_1_138' title='bbox 1129 1592 1233 1654; x_wconf 90' lang='lat' dir='ltr'><strong>edicto</strong></span> 
     </span>
     <span class='ocr_line' id='line_1_18' title="bbox 114 1669 1235 1818; baseline 0 -82"><span class='ocrx_word' id='word_1_139' title='bbox 114 1671 320 1818; x_wconf 57' lang='lat' dir='ltr'><strong>legliplurisssi</strong></span> <span class='ocrx_word' id='word_1_140' title='bbox 339 1669 515 1814; x_wconf 61' lang='lat' dir='ltr'><strong>putpm5sic</strong></span> <span class='ocrx_word' id='word_1_141' title='bbox 541 1670 749 1755; x_wconf 85' lang='lat' dir='ltr'><strong>impinxerit,</strong></span> <span class='ocrx_word' id='word_1_142' title='bbox 772 1680 809 1733; x_wconf 86' lang='lat' dir='ltr'><strong>nt</strong></span> <span class='ocrx_word' id='word_1_143' title='bbox 834 1695 900 1736; x_wconf 88' lang='lat' dir='ltr'><strong>nou</strong></span> <span class='ocrx_word' id='word_1_144' title='bbox 915 1673 1036 1766; x_wconf 59' lang='lat' dir='ltr'><strong>pendet,</strong></span> <span class='ocrx_word' id='word_1_145' title='bbox 1064 1684 1235 1759; x_wconf 87' lang='lat' dir='ltr'><strong>componat</strong></span> 
     </span>
     <span class='ocr_line' id='line_1_19' title="bbox 119 1777 467 1822; baseline -0.017 0"><span class='ocrx_word' id='word_1_146' title='bbox 119 1777 214 1821; x_wconf 60' lang='lat'><strong>801·</strong></span> <span class='ocrx_word' id='word_1_147' title='bbox 290 1806 297 1822; x_wconf 83' lang='lat'><strong>.</strong></span> <span class='ocrx_word' id='word_1_148' title='bbox 356 1798 364 1815; x_wconf 72' lang='lat' dir='ltr'><strong>a</strong></span> <span class='ocrx_word' id='word_1_149' title='bbox 408 1803 415 1818; x_wconf 71' lang='grc' dir='ltr'>ι</span> <span class='ocrx_word' id='word_1_150' title='bbox 459 1796 467 1813; x_wconf 76' lang='grc' dir='ltr'><strong><em>ο</em></strong></span> 
     </span>
    </p>

    <p class='ocr_par' dir='ltr' id='par_1_8' title="bbox 116 1833 1261 2252">
     <span class='ocr_line' id='line_1_20' title="bbox 201 1833 1237 1918; baseline 0 -18"><span class='ocrx_word' id='word_1_151' title='bbox 201 1833 456 1900; x_wconf 83' lang='lat' dir='ltr'><strong>GCCLXXXVl.</strong></span> <span class='ocrx_word' id='word_1_152' title='bbox 499 1834 534 1895; x_wconf 91' lang='lat' dir='ltr'><strong>Si</strong></span> <span class='ocrx_word' id='word_1_153' title='bbox 564 1833 635 1918; x_wconf 89' lang='lat' dir='ltr'><strong>quis</strong></span> <span class='ocrx_word' id='word_1_154' title='bbox 663 1835 1001 1900; x_wconf 88' lang='lat' dir='ltr'><strong>hominem-liberum</strong></span> <span class='ocrx_word' id='word_1_155' title='bbox 1031 1839 1144 1902; x_wconf 84' lang='lat' dir='ltr'><strong>subito</strong></span> <span class='ocrx_word' id='word_1_156' title='bbox 1166 1855 1237 1901; x_wconf 83' lang='lat' dir='ltr'><strong>sm·-</strong></span> 
     </span>
     <span class='ocr_line' id='line_1_21' title="bbox 117 1916 1261 2008; baseline -0.002 -23"><span class='ocrx_word' id='word_1_157' title='bbox 117 1929 215 2008; x_wconf 81' lang='lat' dir='ltr'><strong>gente</strong></span> <span class='ocrx_word' id='word_1_158' title='bbox 242 1921 313 1982; x_wconf 88' lang='lat' dir='ltr'><strong>rixa</strong></span> <span class='ocrx_word' id='word_1_159' title='bbox 342 1940 402 2003; x_wconf 88' lang='lat' dir='ltr'><strong>per</strong></span> <span class='ocrx_word' id='word_1_160' title='bbox 428 1916 576 1996; x_wconf 84' lang='lat' dir='ltr'><strong>barbam,</strong></span> <span class='ocrx_word' id='word_1_161' title='bbox 599 1929 654 1980; x_wconf 87' lang='lat' dir='ltr'><strong>aut</strong></span> <span class='ocrx_word' id='word_1_162' title='bbox 671 1942 732 2003; x_wconf 91' lang='lat' dir='ltr'><strong>per</strong></span> <span class='ocrx_word' id='word_1_163' title='bbox 754 1921 887 2004; x_wconf 87' lang='lat' dir='ltr'><strong>ospillos</strong></span> <span class='ocrx_word' id='word_1_164' title='bbox 917 1921 1073 1999; x_wconf 82' lang='lat' dir='ltr'><strong>traxerit,</strong></span> <span class='ocrx_word' id='word_1_165' title='bbox 1105 1945 1261 2005; x_wconf 60' lang='lat' dir='ltr'><strong>compov</strong></span> 
     </span>
     <span class='ocr_line' id='line_1_22' title="bbox 117 2001 1240 2084; baseline 0.001 -16"><span class='ocrx_word' id='word_1_166' title='bbox 117 2013 175 2068; x_wconf 89' lang='lat' dir='ltr'><strong>nat</strong></span> <span class='ocrx_word' id='word_1_167' title='bbox 204 2003 325 2066; x_wconf 90' lang='lat' dir='ltr'><strong>solidos</strong></span> <span class='ocrx_word' id='word_1_168' title='bbox 352 2001 410 2066; x_wconf 84' lang='lat' dir='ltr'><strong>Vl.</strong></span> <span class='ocrx_word' id='word_1_169' title='bbox 464 2001 499 2064; x_wconf 89' lang='lat' dir='ltr'><strong>si</strong></span> <span class='ocrx_word' id='word_1_170' title='bbox 524 2022 653 2062; x_wconf 84' lang='lat' dir='ltr'><strong>servum</strong></span> <span class='ocrx_word' id='word_1_171' title='bbox 677 2003 940 2080; x_wconf 80' lang='lat' dir='ltr'><strong>ministerialem,</strong></span> <span class='ocrx_word' id='word_1_172' title='bbox 968 2012 1025 2066; x_wconf 86' lang='lat' dir='ltr'><strong>aut</strong></span> <span class='ocrx_word' id='word_1_173' title='bbox 1043 2006 1240 2084; x_wconf 86' lang='lat' dir='ltr'><strong>aldium,seu</strong></span> 
     </span>
     <span class='ocr_line' id='line_1_23' title="bbox 116 2082 1239 2171; baseline 0 -19"><span class='ocrx_word' id='word_1_174' title='bbox 116 2111 245 2152; x_wconf 84' lang='lat' dir='ltr'><strong>serrum</strong></span> <span class='ocrx_word' id='word_1_175' title='bbox 275 2086 418 2147; x_wconf 88' lang='lat' dir='ltr'><strong>alienum</strong></span> <span class='ocrx_word' id='word_1_176' title='bbox 451 2082 649 2146; x_wconf 87' lang='lat' dir='ltr'><strong>rusticanum</strong></span> <span class='ocrx_word' id='word_1_177' title='bbox 675 2107 735 2169; x_wconf 92' lang='lat' dir='ltr'><strong>per</strong></span> <span class='ocrx_word' id='word_1_178' title='bbox 758 2087 889 2147; x_wconf 86' lang='lat' dir='ltr'><strong>barbam</strong></span> <span class='ocrx_word' id='word_1_179' title='bbox 909 2094 965 2146; x_wconf 86' lang='lat' dir='ltr'><strong>aut</strong></span> <span class='ocrx_word' id='word_1_180' title='bbox 995 2087 1132 2171; x_wconf 78' lang='lat' dir='ltr'><strong>capillos</strong></span> <span class='ocrx_word' id='word_1_181' title='bbox 1158 2099 1239 2152; x_wconf 85' lang='lat' dir='ltr'><strong>trax·</strong></span> 
     </span>
     <span class='ocr_line' id='line_1_24' title="bbox 118 2165 1019 2252; baseline -0.003 -19"><span class='ocrx_word' id='word_1_182' title='bbox 118 2171 199 2252; x_wconf 89' lang='lat' dir='ltr'><strong>erit,</strong></span> <span class='ocrx_word' id='word_1_183' title='bbox 228 2173 400 2252; x_wconf 76' lang='lat' dir='ltr'><strong>componit</strong></span> <span class='ocrx_word' id='word_1_184' title='bbox 419 2165 450 2230; x_wconf 90' lang='lat' dir='ltr'><strong>ei</strong></span> <span class='ocrx_word' id='word_1_185' title='bbox 470 2166 554 2229; x_wconf 89' lang='lat' dir='ltr'><strong>sicut</strong></span> <span class='ocrx_word' id='word_1_186' title='bbox 578 2189 637 2252; x_wconf 91' lang='lat' dir='ltr'><strong>pro</strong></span> <span class='ocrx_word' id='word_1_187' title='bbox 658 2189 724 2229; x_wconf 90' lang='lat' dir='ltr'><strong>uua</strong></span> <span class='ocrx_word' id='word_1_188' title='bbox 744 2171 848 2234; x_wconf 84' lang='lat' dir='ltr'><strong>ferite.</strong></span> <span class='ocrx_word' id='word_1_189' title='bbox 890 2169 917 2234; x_wconf 88' lang='lat' dir='ltr'><strong>l.</strong></span> <span class='ocrx_word' id='word_1_190' title='bbox 936 2169 966 2230; x_wconf 89' lang='grc'><strong>6.</strong></span> <span class='ocrx_word' id='word_1_191' title='bbox 987 2171 1019 2246; x_wconf 72' lang='lat' dir='ltr'><strong>d.</strong></span> 
     </span>
    </p>
   </div>
   <div class='ocr_carea' id='block_1_7' title="bbox 117 2247 1239 2482">
    <p class='ocr_par' dir='ltr' id='par_1_9' title="bbox 117 2247 1239 2482">
     <span class='ocr_line' id='line_1_25' title="bbox 202 2247 1239 2334; baseline -0.002 -18"><span class='ocrx_word' id='word_1_192' title='bbox 202 2247 486 2316; x_wconf 82' lang='lat' dir='ltr'>CCCLXXXVII.</span> <span class='ocrx_word' id='word_1_193' title='bbox 529 2250 563 2313; x_wconf 90' lang='lat' dir='ltr'><strong>si</strong></span> <span class='ocrx_word' id='word_1_194' title='bbox 595 2250 668 2334; x_wconf 90' lang='lat' dir='ltr'><strong>quis</strong></span> <span class='ocrx_word' id='word_1_195' title='bbox 697 2251 822 2314; x_wconf 89' lang='lat' dir='ltr'><strong>homini</strong></span> <span class='ocrx_word' id='word_1_196' title='bbox 848 2251 952 2314; x_wconf 88' lang='lat' dir='ltr'><strong>libero</strong></span> <span class='ocrx_word' id='word_1_197' title='bbox 976 2252 1150 2316; x_wconf 86' lang='lat' dir='ltr'><strong>brachium</strong></span> <span class='ocrx_word' id='word_1_198' title='bbox 1183 2275 1239 2316; x_wconf 88' lang='lat' dir='ltr'><strong>su-</strong></span> 
     </span>
     <span class='ocr_line' id='line_1_26' title="bbox 117 2334 1239 2482; baseline 0 -84"><span class='ocrx_word' id='word_1_199' title='bbox 117 2357 177 2482; x_wconf 90' lang='lat' dir='ltr'><strong>per</strong></span> <span class='ocrx_word' id='word_1_200' title='bbox 201 2336 364 2411; x_wconf 88' lang='lat' dir='ltr'><strong>cubitum,</strong></span> <span class='ocrx_word' id='word_1_201' title='bbox 395 2335 459 2400; x_wconf 83' lang='lat' dir='ltr'><strong>hoo</strong></span> <span class='ocrx_word' id='word_1_202' title='bbox 488 2343 537 2396; x_wconf 87' lang='lat' dir='ltr'><strong>est</strong></span> <span class='ocrx_word' id='word_1_203' title='bbox 566 2335 689 2396; x_wconf 89' lang='lat' dir='ltr'><strong>morioc</strong></span> <span class='ocrx_word' id='word_1_204' title='bbox 711 2343 780 2413; x_wconf 81' lang='lat' dir='ltr'><strong>w),</strong></span> <span class='ocrx_word' id='word_1_205' title='bbox 811 2334 953 2416; x_wconf 88' lang='lat' dir='ltr'><strong>ruperit,</strong></span> <span class='ocrx_word' id='word_1_206' title='bbox 983 2346 1158 2418; x_wconf 86' lang='lat' dir='ltr'><strong>componat</strong></span> <span class='ocrx_word' id='word_1_207' title='bbox 1185 2359 1239 2398; x_wconf 91' lang='lat' dir='ltr'><strong>so·</strong></span> 
     </span>
    </p>
   </div>
   <div class='ocr_carea' id='block_1_8' title="bbox 118 2415 1290 2832">
    <p class='ocr_par' dir='ltr' id='par_1_10' title="bbox 118 2415 1290 2832">
     <span class='ocr_line' id='line_1_27' title="bbox 132 2415 1239 2497; baseline 0.002 -18"><span class='ocrx_word' id='word_1_208' title='bbox 132 2418 202 2481; x_wconf 89' lang='lat' dir='ltr'><strong>idos</strong></span> <span class='ocrx_word' id='word_1_209' title='bbox 226 2417 299 2480; x_wconf 88' lang='lat' dir='ltr'><strong>XX.</strong></span> <span class='ocrx_word' id='word_1_210' title='bbox 341 2417 374 2478; x_wconf 92' lang='lat' dir='ltr'><strong>Si</strong></span> <span class='ocrx_word' id='word_1_211' title='bbox 398 2426 505 2478; x_wconf 84' lang='lat' dir='ltr'><strong>autem</strong></span> <span class='ocrx_word' id='word_1_212' title='bbox 526 2415 637 2480; x_wconf 81' lang='lat' dir='ltr'><strong>subtus</strong></span> <span class='ocrx_word' id='word_1_213' title='bbox 661 2417 825 2496; x_wconf 87' lang='lat' dir='ltr'><strong>cubitum,</strong></span> <span class='ocrx_word' id='word_1_214' title='bbox 855 2418 919 2479; x_wconf 87' lang='lat' dir='ltr'><strong>hoc</strong></span> <span class='ocrx_word' id='word_1_215' title='bbox 942 2427 990 2480; x_wconf 88' lang='lat' dir='ltr'><strong>est</strong></span> <span class='ocrx_word' id='word_1_216' title='bbox 1013 2429 1155 2481; x_wconf 86' lang='lat' dir='ltr'><strong>tremum</strong></span> <span class='ocrx_word' id='word_1_217' title='bbox 1179 2426 1239 2497; x_wconf 79' lang='lat' dir='ltr'><strong>or),</strong></span> 
     </span>
     <span class='ocr_line' id='line_1_28' title="bbox 118 2498 1241 2586; baseline -0.002 -21"><span class='ocrx_word' id='word_1_218' title='bbox 118 2510 292 2583; x_wconf 85' lang='lat' dir='ltr'><strong>componat</strong></span> <span class='ocrx_word' id='word_1_219' title='bbox 312 2499 432 2563; x_wconf 86' lang='lat' dir='ltr'><strong>solidos</strong></span> <span class='ocrx_word' id='word_1_220' title='bbox 454 2498 547 2568; x_wconf 84' lang='lat' dir='ltr'>XVI.</span> <span class='ocrx_word' id='word_1_221' title='bbox 590 2499 624 2560; x_wconf 90' lang='lat' dir='ltr'><strong>Si</strong></span> <span class='ocrx_word' id='word_1_222' title='bbox 645 2523 722 2564; x_wconf 85' lang='lat' dir='ltr'><strong>vero</strong></span> <span class='ocrx_word' id='word_1_223' title='bbox 744 2523 857 2563; x_wconf 84' lang='lat' dir='ltr'><strong>coxam</strong></span> <span class='ocrx_word' id='word_1_224' title='bbox 880 2502 1007 2582; x_wconf 87' lang='lat' dir='ltr'><strong>ruperit</strong></span> <span class='ocrx_word' id='word_1_225' title='bbox 1023 2524 1121 2580; x_wconf 86' lang='lat' dir='ltr'><strong>supro</strong></span> <span class='ocrx_word' id='word_1_226' title='bbox 1141 2524 1241 2586; x_wconf 82' lang='lat' dir='ltr'><strong>genu·</strong></span> 
     </span>
     <span class='ocr_line' id='line_1_29' title="bbox 119 2581 1290 2667; baseline -0.004 -20"><span class='ocrx_word' id='word_1_227' title='bbox 119 2585 249 2661; x_wconf 85' lang='lat' dir='ltr'><strong>culum,</strong></span> <span class='ocrx_word' id='word_1_228' title='bbox 278 2581 342 2644; x_wconf 89' lang='lat' dir='ltr'><strong>hoc</strong></span> <span class='ocrx_word' id='word_1_229' title='bbox 364 2582 643 2665; x_wconf 79' lang='lat' dir='ltr'><strong>estlargicnmy),</strong></span> <span class='ocrx_word' id='word_1_230' title='bbox 672 2593 843 2667; x_wconf 83' lang='lat' dir='ltr'><strong>componat</strong></span> <span class='ocrx_word' id='word_1_231' title='bbox 874 2583 994 2644; x_wconf 89' lang='lat' dir='ltr'><strong>solidos</strong></span> <span class='ocrx_word' id='word_1_232' title='bbox 1018 2585 1090 2650; x_wconf 79' lang='lat' dir='ltr'><strong>XX.</strong></span> <span class='ocrx_word' id='word_1_233' title='bbox 1134 2587 1241 2648; x_wconf 83' lang='lat' dir='ltr'><strong>Siau·</strong></span> <span class='ocrx_word' id='word_1_234' title='bbox 1289 2632 1290 2642; x_wconf 70' lang='grc'>,</span> 
     </span>
     <span class='ocr_line' id='line_1_30' title="bbox 118 2665 1241 2748; baseline -0.002 -19"><span class='ocrx_word' id='word_1_235' title='bbox 118 2677 185 2729; x_wconf 85' lang='lat' dir='ltr'><strong>tem</strong></span> <span class='ocrx_word' id='word_1_236' title='bbox 214 2667 325 2727; x_wconf 83' lang='lat' dir='ltr'><strong>subtus</strong></span> <span class='ocrx_word' id='word_1_237' title='bbox 348 2665 562 2748; x_wconf 79' lang='lat' dir='ltr'><strong>genuculum,</strong></span> <span class='ocrx_word' id='word_1_238' title='bbox 598 2667 687 2746; x_wconf 89' lang='lat' dir='ltr'><strong>quod</strong></span> <span class='ocrx_word' id='word_1_239' title='bbox 715 2675 762 2728; x_wconf 86' lang='lat' dir='ltr'><strong>est</strong></span> <span class='ocrx_word' id='word_1_240' title='bbox 791 2667 886 2742; x_wconf 85' lang='lat' dir='ltr'><strong>tibia,</strong></span> <span class='ocrx_word' id='word_1_241' title='bbox 918 2677 1090 2748; x_wconf 85' lang='lat' dir='ltr'><strong>componat</strong></span> <span class='ocrx_word' id='word_1_242' title='bbox 1119 2669 1241 2732; x_wconf 89' lang='lat' dir='ltr'><strong>solidos</strong></span> 
     </span>
     <span class='ocr_line' id='line_1_31' title="bbox 119 2747 1243 2832; baseline -0.002 -20"><span class='ocrx_word' id='word_1_243' title='bbox 119 2747 215 2812; x_wconf 87' lang='lat' dir='ltr'>XVI.</span> <span class='ocrx_word' id='word_1_244' title='bbox 257 2748 291 2808; x_wconf 88' lang='lat' dir='ltr'><strong>Si</strong></span> <span class='ocrx_word' id='word_1_245' title='bbox 313 2759 421 2809; x_wconf 88' lang='lat' dir='ltr'><strong>autem</strong></span> <span class='ocrx_word' id='word_1_246' title='bbox 446 2767 577 2810; x_wconf 88' lang='lat' dir='ltr'><strong>scaevus</strong></span> <span class='ocrx_word' id='word_1_247' title='bbox 599 2756 653 2827; x_wconf 82' lang='lat' dir='ltr'><strong>z),</strong></span> <span class='ocrx_word' id='word_1_248' title='bbox 685 2758 743 2810; x_wconf 89' lang='lat' dir='ltr'><strong>sut</strong></span> <span class='ocrx_word' id='word_1_249' title='bbox 762 2750 897 2812; x_wconf 86' lang='lat' dir='ltr'><strong>claudus</strong></span> <span class='ocrx_word' id='word_1_250' title='bbox 924 2749 1042 2828; x_wconf 82' lang='lat' dir='ltr'><strong>fuerit,</strong></span> <span class='ocrx_word' id='word_1_251' title='bbox 1064 2753 1243 2832; x_wconf 85' lang='lat' dir='ltr'><strong>componat</strong></span> 
     </span>
    </p>
   </div>
   <div class='ocr_carea' id='block_1_9' title="bbox 118 2828 1241 2982">
    <p class='ocr_par' dir='ltr' id='par_1_11' title="bbox 118 2828 1241 2982">
     <span class='ocr_line' id='line_1_32' title="bbox 119 2828 1241 2976; baseline -0.004 -80"><span class='ocrx_word' id='word_1_252' title='bbox 119 2832 203 2928; x_wconf 76' lang='lat' dir='ltr'><strong>sicut</strong></span> <span class='ocrx_word' id='word_1_253' title='bbox 217 2828 463 2976; x_wconf 61' lang='lat' dir='ltr'><strong>inlhchedicto</strong></span> <span class='ocrx_word' id='word_1_254' title='bbox 485 2829 605 2914; x_wconf 81' lang='lat' dir='ltr'><strong>legitur</strong></span> <span class='ocrx_word' id='word_1_255' title='bbox 612 2877 632 2928; x_wconf 26' lang='grc' dir='ltr'><strong>,ἱ</strong></span> <span class='ocrx_word' id='word_1_256' title='bbox 644 2831 678 2894; x_wconf 92' lang='lat' dir='ltr'><strong>id</strong></span> <span class='ocrx_word' id='word_1_257' title='bbox 700 2840 749 2895; x_wconf 91' lang='lat' dir='ltr'><strong>est</strong></span> <span class='ocrx_word' id='word_1_258' title='bbox 769 2843 915 2916; x_wconf 87' lang='lat' dir='ltr'><strong>quartam</strong></span> <span class='ocrx_word' id='word_1_259' title='bbox 934 2839 1055 2915; x_wconf 89' lang='lat' dir='ltr'><strong>partem</strong></span> <span class='ocrx_word' id='word_1_260' title='bbox 1071 2833 1171 2917; x_wconf 89' lang='lat' dir='ltr'><strong>pretii</strong></span> <span class='ocrx_word' id='word_1_261' title='bbox 1190 2829 1241 2917; x_wconf 89' lang='lat' dir='ltr'><strong>ip-</strong></span> 
     </span>
     <span class='ocr_line' id='line_1_33' title="bbox 118 2935 372 2982; baseline 0.004 -2"><span class='ocrx_word' id='word_1_262' title='bbox 118 2935 198 2982; x_wconf 80' lang='lat' dir='ltr'><strong>sius.</strong></span> <span class='ocrx_word' id='word_1_263' title='bbox 263 2962 271 2981; x_wconf 90' lang='lat'><strong>.</strong></span> <span class='ocrx_word' id='word_1_264' title='bbox 308 2957 317 2974; x_wconf 84' lang='lat'><strong>·</strong></span> <span class='ocrx_word' id='word_1_265' title='bbox 364 2962 372 2981; x_wconf 89' lang='lat'><strong>.</strong></span> 
     </span>
    </p>
   </div>
   <div class='ocr_carea' id='block_1_10' title="bbox 363 3025 1000 3113">
    <p class='ocr_par' dir='ltr' id='par_1_12' title="bbox 363 3025 1000 3113">
     <span class='ocr_line' id='line_1_34' title="bbox 363 3025 1000 3113; baseline 0.008 -22"><span class='ocrx_word' id='word_1_266' title='bbox 363 3029 413 3091; x_wconf 84' lang='lat' dir='ltr'><strong>De</strong></span> <span class='ocrx_word' id='word_1_267' title='bbox 440 3025 569 3090; x_wconf 84' lang='lat' dir='ltr'><strong>mundio</strong></span> <span class='ocrx_word' id='word_1_268' title='bbox 594 3029 740 3113; x_wconf 82' lang='lat' dir='ltr'><strong>puellae,</strong></span> <span class='ocrx_word' id='word_1_269' title='bbox 770 3029 861 3094; x_wconf 85' lang='lat' dir='ltr'><strong>etde</strong></span> <span class='ocrx_word' id='word_1_270' title='bbox 883 3030 1000 3096; x_wconf 84' lang='lat' dir='ltr'><strong>debito.</strong></span> 
     </span>
    </p>
   </div>
   <div class='ocr_carea' id='block_1_11' title="bbox 206 3135 1242 3224">
    <p class='ocr_par' dir='ltr' id='par_1_13' title="bbox 206 3135 1242 3224">
     <span class='ocr_line' id='line_1_35' title="bbox 206 3135 1242 3224; baseline -0.007 -21"><span class='ocrx_word' id='word_1_271' title='bbox 206 3135 507 3203; x_wconf 82' lang='lat' dir='ltr'><strong>cchxxxvtlt.</strong></span> <span class='ocrx_word' id='word_1_272' title='bbox 549 3136 583 3196; x_wconf 91' lang='lat' dir='ltr'><strong>Si</strong></span> <span class='ocrx_word' id='word_1_273' title='bbox 619 3138 790 3200; x_wconf 89' lang='lat' dir='ltr'><strong>mundium</strong></span> <span class='ocrx_word' id='word_1_274' title='bbox 830 3140 870 3202; x_wconf 88' lang='lat' dir='ltr'><strong>de</strong></span> <span class='ocrx_word' id='word_1_275' title='bbox 904 3140 1016 3224; x_wconf 87' lang='lat' dir='ltr'><strong>puella</strong></span> <span class='ocrx_word' id='word_1_276' title='bbox 1047 3135 1153 3215; x_wconf 86' lang='lat' dir='ltr'><strong>libera</strong></span> <span class='ocrx_word' id='word_1_277' title='bbox 1179 3157 1242 3220; x_wconf 82' lang='lat' dir='ltr'><strong>pa·</strong></span> 
     </span>
    </p>
   </div>
   <div class='ocr_carea' id='block_1_12' title="bbox 121 3219 1245 3969">
    <p class='ocr_par' dir='ltr' id='par_1_14' title="bbox 121 3219 1241 3536">
     <span class='ocr_line' id='line_1_36' title="bbox 121 3219 1241 3317; baseline -0.005 -30"><span class='ocrx_word' id='word_1_278' title='bbox 121 3223 270 3287; x_wconf 85' lang='lat' dir='ltr'><strong>rentibus</strong></span> <span class='ocrx_word' id='word_1_279' title='bbox 296 3219 432 3282; x_wconf 86' lang='lat' dir='ltr'><strong>mortuis</strong></span> <span class='ocrx_word' id='word_1_280' title='bbox 453 3219 519 3282; x_wconf 88' lang='lat' dir='ltr'><strong>suis</strong></span> <span class='ocrx_word' id='word_1_281' title='bbox 551 3219 592 3282; x_wconf 78' lang='lat' dir='ltr'><strong>ad</strong></span> <span class='ocrx_word' id='word_1_282' title='bbox 621 3230 746 3283; x_wconf 88' lang='lat' dir='ltr'><strong>curtem</strong></span> <span class='ocrx_word' id='word_1_283' title='bbox 766 3223 861 3307; x_wconf 82' lang='lat' dir='ltr'><strong>Regis</strong></span> <span class='ocrx_word' id='word_1_284' title='bbox 887 3223 1060 3300; x_wconf 84' lang='lat' dir='ltr'><strong>ceciderit,</strong></span> <span class='ocrx_word' id='word_1_285' title='bbox 1088 3230 1122 3282; x_wconf 89' lang='lat' dir='ltr'><strong>et</strong></span> <span class='ocrx_word' id='word_1_286' title='bbox 1148 3229 1241 3317; x_wconf 83' lang='lat' dir='ltr'><strong>pater</strong></span> 
     </span>
     <span class='ocr_line' id='line_1_37' title="bbox 122 3302 1240 3389; baseline -0.005 -21"><span class='ocrx_word' id='word_1_287' title='bbox 122 3316 179 3368; x_wconf 87' lang='lat' dir='ltr'><strong>aut</strong></span> <span class='ocrx_word' id='word_1_288' title='bbox 199 3307 299 3368; x_wconf 87' lang='lat' dir='ltr'><strong>frater</strong></span> <span class='ocrx_word' id='word_1_289' title='bbox 319 3304 465 3367; x_wconf 89' lang='lat' dir='ltr'><strong>debitum</strong></span> <span class='ocrx_word' id='word_1_290' title='bbox 492 3302 665 3376; x_wconf 87' lang='lat' dir='ltr'><strong>dimiserit;</strong></span> <span class='ocrx_word' id='word_1_291' title='bbox 698 3304 732 3365; x_wconf 91' lang='lat' dir='ltr'><strong>in</strong></span> <span class='ocrx_word' id='word_1_292' title='bbox 756 3316 878 3387; x_wconf 87' lang='lat' dir='ltr'><strong>quanta</strong></span> <span class='ocrx_word' id='word_1_293' title='bbox 901 3305 1051 3389; x_wconf 88' lang='lat' dir='ltr'><strong>portione</strong></span> <span class='ocrx_word' id='word_1_294' title='bbox 1080 3312 1165 3385; x_wconf 76' lang='lat' dir='ltr'><strong>patri</strong></span> <span class='ocrx_word' id='word_1_295' title='bbox 1185 3302 1240 3364; x_wconf 83' lang='lat' dir='ltr'><strong>vel</strong></span> 
     </span>
     <span class='ocr_line' id='line_1_38' title="bbox 122 3385 1240 3471; baseline -0.005 -20"><span class='ocrx_word' id='word_1_296' title='bbox 122 3390 216 3452; x_wconf 83' lang='lat' dir='ltr'><strong>fratri</strong></span> <span class='ocrx_word' id='word_1_297' title='bbox 230 3389 326 3450; x_wconf 86' lang='lat' dir='ltr'><strong>heres</strong></span> <span class='ocrx_word' id='word_1_298' title='bbox 348 3386 556 3462; x_wconf 81' lang='lat' dir='ltr'><strong>successerit,</strong></span> <span class='ocrx_word' id='word_1_299' title='bbox 577 3387 624 3446; x_wconf 88' lang='lat' dir='ltr'><strong>ita</strong></span> <span class='ocrx_word' id='word_1_300' title='bbox 646 3387 790 3449; x_wconf 87' lang='lat' dir='ltr'><strong>debitum</strong></span> <span class='ocrx_word' id='word_1_301' title='bbox 809 3392 981 3471; x_wconf 83' lang='lat' dir='ltr'><strong>persolvat.</strong></span> <span class='ocrx_word' id='word_1_302' title='bbox 1020 3386 1125 3450; x_wconf 84' lang='lat' dir='ltr'><strong>Simili</strong></span> <span class='ocrx_word' id='word_1_303' title='bbox 1142 3385 1240 3447; x_wconf 87' lang='lat' dir='ltr'><strong>modo</strong></span> 
     </span>
     <span class='ocr_line' id='line_1_39' title="bbox 124 3469 858 3536; baseline -0.007 0"><span class='ocrx_word' id='word_1_304' title='bbox 124 3482 158 3536; x_wconf 87' lang='lat' dir='ltr'><strong>et</strong></span> <span class='ocrx_word' id='word_1_305' title='bbox 181 3473 209 3536; x_wconf 87' lang='lat' dir='ltr'><strong>si</strong></span> <span class='ocrx_word' id='word_1_306' title='bbox 228 3470 383 3532; x_wconf 84' lang='lat' dir='ltr'><strong>naturalis</strong></span> <span class='ocrx_word' id='word_1_307' title='bbox 415 3469 499 3531; x_wconf 83' lang='lat' dir='ltr'><strong>fitius</strong></span> <span class='ocrx_word' id='word_1_308' title='bbox 520 3469 630 3531; x_wconf 82' lang='lat' dir='ltr'><strong>fuerit.</strong></span> <span class='ocrx_word' id='word_1_309' title='bbox 672 3470 713 3530; x_wconf 87' lang='lat'><strong>11.</strong></span> <span class='ocrx_word' id='word_1_310' title='bbox 735 3491 785 3536; x_wconf 78' lang='grc' dir='ltr'>ιι.</span> <span class='ocrx_word' id='word_1_311' title='bbox 813 3492 858 3532; x_wconf 87' lang='grc' dir='ltr'><strong>ιι.</strong></span> 
     </span>
    </p>

    <p class='ocr_par' dir='ltr' id='par_1_15' title="bbox 124 3548 1242 3802">
     <span class='ocr_line' id='line_1_40' title="bbox 212 3548 1241 3636; baseline -0.006 -21"><span class='ocrx_word' id='word_1_312' title='bbox 212 3553 466 3617; x_wconf 75' lang='lat' dir='ltr'><strong>ccctxxxlx.</strong></span> <span class='ocrx_word' id='word_1_313' title='bbox 508 3551 544 3612; x_wconf 90' lang='lat' dir='ltr'><strong>si</strong></span> <span class='ocrx_word' id='word_1_314' title='bbox 571 3551 644 3636; x_wconf 85' lang='lat' dir='ltr'><strong>quis</strong></span> <span class='ocrx_word' id='word_1_315' title='bbox 668 3550 832 3614; x_wconf 86' lang='lat' dir='ltr'><strong>homiuem</strong></span> <span class='ocrx_word' id='word_1_316' title='bbox 855 3553 995 3616; x_wconf 87' lang='lat' dir='ltr'><strong>liberum</strong></span> <span class='ocrx_word' id='word_1_317' title='bbox 1016 3573 1092 3614; x_wconf 86' lang='lat' dir='ltr'><strong>casu</strong></span> <span class='ocrx_word' id='word_1_318' title='bbox 1112 3548 1241 3614; x_wconf 88' lang='lat' dir='ltr'><strong>facien·</strong></span> 
     </span>
     <span class='ocr_line' id='line_1_41' title="bbox 125 3633 1242 3720; baseline -0.005 -22"><span class='ocrx_word' id='word_1_319' title='bbox 125 3645 157 3699; x_wconf 88' lang='lat' dir='ltr'><strong>te</strong></span> <span class='ocrx_word' id='word_1_320' title='bbox 178 3636 324 3699; x_wconf 88' lang='lat' dir='ltr'><strong>nolendo</strong></span> <span class='ocrx_word' id='word_1_321' title='bbox 346 3633 520 3712; x_wconf 89' lang='lat' dir='ltr'><strong>occiderit,</strong></span> <span class='ocrx_word' id='word_1_322' title='bbox 550 3645 720 3716; x_wconf 88' lang='lat' dir='ltr'><strong>componat</strong></span> <span class='ocrx_word' id='word_1_323' title='bbox 740 3636 824 3698; x_wconf 91' lang='lat' dir='ltr'><strong>sicut</strong></span> <span class='ocrx_word' id='word_1_324' title='bbox 844 3637 1039 3720; x_wconf 87' lang='lat' dir='ltr'><strong>appretiatus</strong></span> <span class='ocrx_word' id='word_1_325' title='bbox 1059 3633 1178 3710; x_wconf 81' lang='lat' dir='ltr'><strong>fuerit,</strong></span> <span class='ocrx_word' id='word_1_326' title='bbox 1208 3639 1242 3693; x_wconf 88' lang='lat' dir='ltr'><strong>et</strong></span> 
     </span>
     <span class='ocr_line' id='line_1_42' title="bbox 124 3717 1241 3802; baseline -0.007 -18"><span class='ocrx_word' id='word_1_327' title='bbox 124 3720 212 3785; x_wconf 86' lang='lat' dir='ltr'><strong>faida</strong></span> <span class='ocrx_word' id='word_1_328' title='bbox 234 3740 300 3779; x_wconf 88' lang='lat' dir='ltr'><strong>non</strong></span> <span class='ocrx_word' id='word_1_329' title='bbox 321 3719 526 3802; x_wconf 88' lang='lat' dir='ltr'><strong>requiratur,</strong></span> <span class='ocrx_word' id='word_1_330' title='bbox 557 3737 595 3778; x_wconf 90' lang='lat' dir='ltr'><strong>eo</strong></span> <span class='ocrx_word' id='word_1_331' title='bbox 617 3717 706 3798; x_wconf 88' lang='lat' dir='ltr'><strong>quod</strong></span> <span class='ocrx_word' id='word_1_332' title='bbox 726 3717 868 3780; x_wconf 87' lang='lat' dir='ltr'><strong>nolendo</strong></span> <span class='ocrx_word' id='word_1_333' title='bbox 893 3717 1058 3782; x_wconf 87' lang='lat' dir='ltr'><strong>occiderit.</strong></span> <span class='ocrx_word' id='word_1_334' title='bbox 1100 3717 1127 3781; x_wconf 88' lang='lat' dir='ltr'><strong>l.</strong></span> <span class='ocrx_word' id='word_1_335' title='bbox 1146 3726 1241 3797; x_wconf 77' lang='lat'>9.&#39;17.</span> 
     </span>
    </p>

    <p class='ocr_par' dir='ltr' id='par_1_16' title="bbox 126 3797 1245 3969">
     <span class='ocr_line' id='line_1_43' title="bbox 211 3797 1241 3884; baseline -0.004 -21"><span class='ocrx_word' id='word_1_336' title='bbox 211 3800 366 3863; x_wconf 86' lang='lat' dir='ltr'>CCCXC.</span> <span class='ocrx_word' id='word_1_337' title='bbox 408 3801 529 3861; x_wconf 89' lang='lat' dir='ltr'><strong>Omnes</strong></span> <span class='ocrx_word' id='word_1_338' title='bbox 555 3799 707 3884; x_wconf 79' lang='lat' dir='ltr'><strong>gargangi</strong></span> <span class='ocrx_word' id='word_1_339' title='bbox 732 3808 790 3879; x_wconf 81' lang='lat' dir='ltr'><strong>a),</strong></span> <span class='ocrx_word' id='word_1_340' title='bbox 814 3798 871 3882; x_wconf 90' lang='lat' dir='ltr'><strong>qui</strong></span> <span class='ocrx_word' id='word_1_341' title='bbox 904 3801 943 3862; x_wconf 87' lang='lat' dir='ltr'><strong>de</strong></span> <span class='ocrx_word' id='word_1_342' title='bbox 971 3798 1089 3862; x_wconf 87' lang='lat' dir='ltr'><strong>exteris</strong></span> <span class='ocrx_word' id='word_1_343' title='bbox 1120 3797 1241 3859; x_wconf 87' lang='lat' dir='ltr'><strong>finibus</strong></span> 
     </span>
     <span class='ocr_line' id='line_1_44' title="bbox 126 3882 1245 3969; baseline -0.006 -20"><span class='ocrx_word' id='word_1_344' title='bbox 126 3887 162 3950; x_wconf 88' lang='lat' dir='ltr'><strong>in</strong></span> <span class='ocrx_word' id='word_1_345' title='bbox 192 3885 292 3969; x_wconf 81' lang='lat' dir='ltr'><strong>regni¹</strong></span> <span class='ocrx_word' id='word_1_346' title='bbox 311 3883 413 3946; x_wconf 86' lang='lat' dir='ltr'><strong>nostri</strong></span> <span class='ocrx_word' id='word_1_347' title='bbox 441 3882 559 3944; x_wconf 88' lang='lat' dir='ltr'><strong>finibus</strong></span> <span class='ocrx_word' id='word_1_348' title='bbox 587 3882 797 3962; x_wconf 84' lang='lat' dir='ltr'><strong>advenerint,</strong></span> <span class='ocrx_word' id='word_1_349' title='bbox 832 3903 932 3966; x_wconf 87' lang='lat' dir='ltr'><strong>seque</strong></span> <span class='ocrx_word' id='word_1_350' title='bbox 960 3884 1018 3946; x_wconf 91' lang='lat' dir='ltr'><strong>snb</strong></span> <span class='ocrx_word' id='word_1_351' title='bbox 1038 3891 1130 3944; x_wconf 90' lang='lat' dir='ltr'><strong>scuto</strong></span> <span class='ocrx_word' id='word_1_352' title='bbox 1151 3888 1245 3965; x_wconf 92' lang='lat' dir='ltr'><strong>pote-</strong></span> 
     </span>
    </p>
   </div>
   <div class='ocr_carea' id='block_1_13' title="bbox 198 4002 1245 4130">
    <p class='ocr_par' dir='ltr' id='par_1_17' title="bbox 198 4002 1245 4130">
     <span class='ocr_line' id='line_1_45' title="bbox 198 4002 1245 4130; baseline -0.005 -17"><span class='ocrx_word' id='word_1_353' title='bbox 198 4060 241 4130; x_wconf 83' lang='lat' dir='ltr'><strong>w)</strong></span> <span class='ocrx_word' id='word_1_354' title='bbox 263 4059 304 4111; x_wconf 77' lang='lat' dir='ltr'><strong>dl.</strong></span> <span class='ocrx_word' id='word_1_355' title='bbox 325 4002 412 4118; x_wconf 46' lang='lat' dir='ltr'><strong>Rodd.</strong></span> <span class='ocrx_word' id='word_1_356' title='bbox 429 4055 573 4123; x_wconf 63' lang='lat' dir='ltr'><strong>muriotlsf</strong></span> <span class='ocrx_word' id='word_1_357' title='bbox 590 4053 717 4107; x_wconf 75' lang='lat' dir='ltr'><strong>marioth.</strong></span> <span class='ocrx_word' id='word_1_358' title='bbox 795 4055 831 4120; x_wconf 82' lang='lat' dir='ltr'><strong>sc)</strong></span> <span class='ocrx_word' id='word_1_359' title='bbox 846 4055 885 4108; x_wconf 81' lang='lat' dir='ltr'><strong>Al.</strong></span> <span class='ocrx_word' id='word_1_360' title='bbox 905 4057 991 4110; x_wconf 89' lang='lat' dir='ltr'><strong>Codd.</strong></span> <span class='ocrx_word' id='word_1_361' title='bbox 1011 4073 1106 4122; x_wconf 78' lang='lat' dir='ltr'><strong>reno,·⁴</strong></span> <span class='ocrx_word' id='word_1_362' title='bbox 1120 4053 1245 4122; x_wconf 62' lang='lat' dir='ltr'><strong>threnos</strong></span> 
     </span>
    </p>
   </div>
   <div class='ocr_carea' id='block_1_14' title="bbox 128 4125 1245 4270">
    <p class='ocr_par' dir='ltr' id='par_1_18' title="bbox 128 4125 1245 4270">
     <span class='ocr_line' id='line_1_46' title="bbox 128 4125 1245 4200; baseline -0.005 -14"><span class='ocrx_word' id='word_1_363' title='bbox 128 4143 209 4186; x_wconf 79' lang='lat' dir='ltr'><strong>trsno</strong></span> <span class='ocrx_word' id='word_1_364' title='bbox 219 4135 232 4200; x_wconf 64' lang='grc' dir='ltr'><strong>ρ’</strong></span> <span class='ocrx_word' id='word_1_365' title='bbox 249 4139 396 4183; x_wconf 71' lang='lat' dir='ltr'><strong>tremitum.</strong></span> <span class='ocrx_word' id='word_1_366' title='bbox 468 4126 498 4196; x_wconf 82' lang='grc' dir='ltr'><strong>γ)</strong></span> <span class='ocrx_word' id='word_1_367' title='bbox 512 4125 557 4180; x_wconf 86' lang='grc' dir='ltr'><strong>ΑΙ.</strong></span> <span class='ocrx_word' id='word_1_368' title='bbox 577 4125 662 4180; x_wconf 88' lang='lat' dir='ltr'><strong>Codd.</strong></span> <span class='ocrx_word' id='word_1_369' title='bbox 680 4125 748 4194; x_wconf 79' lang='lat' dir='ltr'><strong>lagi.</strong></span> <span class='ocrx_word' id='word_1_370' title='bbox 801 4127 830 4196; x_wconf 79' lang='lat' dir='ltr'><strong>z)</strong></span> <span class='ocrx_word' id='word_1_371' title='bbox 847 4126 889 4178; x_wconf 81' lang='lat' dir='ltr'><strong>nl.</strong></span> <span class='ocrx_word' id='word_1_372' title='bbox 906 4127 1097 4182; x_wconf 75' lang='lat' dir='ltr'><strong>Coddseemus</strong></span> <span class='ocrx_word' id='word_1_373' title='bbox 1105 4145 1117 4196; x_wconf 93' lang='lat'><strong>,·</strong></span> <span class='ocrx_word' id='word_1_374' title='bbox 1134 4127 1223 4180; x_wconf 70' lang='lat' dir='ltr'><strong>straus</strong></span> <span class='ocrx_word' id='word_1_375' title='bbox 1231 4144 1245 4195; x_wconf 87' lang='lat'><strong>,·</strong></span> 
     </span>
     <span class='ocr_line' id='line_1_47' title="bbox 128 4195 901 4270; baseline -0.009 -15"><span class='ocrx_word' id='word_1_376' title='bbox 128 4217 225 4257; x_wconf 78' lang='lat' dir='ltr'><strong>remus.</strong></span> <span class='ocrx_word' id='word_1_377' title='bbox 295 4205 330 4266; x_wconf 85' lang='lat' dir='ltr'><strong>o)</strong></span> <span class='ocrx_word' id='word_1_378' title='bbox 350 4197 394 4252; x_wconf 80' lang='lat' dir='ltr'><strong>dl.</strong></span> <span class='ocrx_word' id='word_1_379' title='bbox 414 4195 503 4252; x_wconf 88' lang='lat' dir='ltr'><strong>Codd.</strong></span> <span class='ocrx_word' id='word_1_380' title='bbox 520 4196 687 4270; x_wconf 75' lang='lat' dir='ltr'><strong>wargungi3</strong></span> <span class='ocrx_word' id='word_1_381' title='bbox 709 4196 901 4268; x_wconf 75' lang='lat' dir='ltr'><strong>warengangi.</strong></span> 
     </span>
    </p>
   </div>
   <div class='ocr_carea' id='block_1_15' title="bbox 0 0 1342 4822">
    <p class='ocr_par' dir='ltr' id='par_1_19' title="bbox 0 0 1342 4822">
     <span class='ocr_line' id='line_1_48' title="bbox 0 0 1342 4822; baseline 0 0"><span class='ocrx_word' id='word_1_382' title='bbox 0 0 1342 4822; x_wconf 95' lang='lat' dir='ltr'><strong> </strong></span> 
     </span>
    </p>
   </div>
  </div>
 </body>
</html>
