2684 4868
262 279 371 342 sanis
386 281 677 342 wrsrooruonuu
692 283 807 368 crau
832 275 902 348 trr-
923 287 972 348 ir.
1132 275 1211 361 dett

88 440 195 497 mem,
216 441 277 502 pro
295 419 397 503 precii
414 429 512 504 ,purte
527 442 628 503 quam
648 419 763 501 debet,
784 424 886 488 solvat
905 445 1034 493 usuras:
1067 429 1129 494 uisi
1146 431 1210 503 hec

96 505 185 569 forte
215 504 425 582 coercuerit,
455 513 493 566 ut
509 525 563 568 res
584 513 688 588 empta
710 507 873 570 venditori
895 508 1011 574 debeat
1031 503 1210 583 reformari.

448 617 508 687 VI.
569 642 630 683 rus.
671 643 759 688 acus.
797 645 866 690 arr.

323 734 361 796 Si
372 733 469 815 fraus
490 736 524 794 in
542 735 655 822 precio
675 737 723 796 rei
743 736 884 799 venditae
895 737 974 822 fiat.
1198 809 1202 817 ,

181 817 217 878 Si
243 816 278 877 in
304 826 472 879 contractu
496 811 693 881 veu'ditionis
714 818 821 882 minus
842 822 987 902 precium
1009 823 1117 886 datum
1138 825 1210 889 fue·

41 942 45 959 1
96 900 163 978 rit,
195 910 230 962 et
246 920 305 982 per
324 901 471 964 fraudem
491 909 546 963 aut
566 900 661 986 etiam
682 911 794 962 contra
819 903 1018 966 voluntatem
1039 908 1209 971 vendentis

98 983 238 1064 amplius
260 982 370 1044 datum
386 983 532 1065 precium
550 983 743 1044 nunciatum
765 995 922 1066 quantum
942 987 981 1048 de
1000 988 1084 1052 iusto
1098 991 1209 1072 precio

96 1066 283 1132 fraudatum
306 1073 372 1142 est,
394 1073 520 1125 tautum
541 1064 677 1146 duplum
695 1075 820 1148 emptor
839 1067 986 1130 restituat
1003 1071 1177 1142 venditori,

175 1179 252 1244 Vll.
294 1178 332 1242 Si
349 1179 436 1239 diem
455 1179 524 1260 quis
545 1199 612 1238 rem
630 1199 717 1240 suum
739 1181 801 1240 mli
816 1184 926 1264 precio
942 1184 1139 1256 vendidisse.

183 1261 390 1323 venditionis
403 1260 482 1321 haec
499 1262 601 1324 forma
615 1268 778 1323 serveturs
800 1271 834 1322 ut
845 1283 901 1323 seu
916 1285 966 1326 res
983 1267 1131 1349 aliquae,
1154 1268 1208 1332 vel

97 1357 228 1422 tetrae,
245 1344 313 1408 sire
336 1342 513 1425 mancipia,
537 1343 588 1406 rel
607 1343 776 1424 quodlibet
792 1344 980 1409 animalium
1003 1369 1103 1430 geum
1125 1370 1209 1412 ven.

97 1430 203 1507 ditur,
235 1448 330 1490 uerno
355 1435 523 1510 propterea
549 1425 731 1488 firmitatem
748 1426 947 1490 venditionis
969 1429 1144 1516 irrumpat,
1167 1455 1208 1495 eu

95 1511 186 1594 quod
207 1510 293 1573 dicat
312 1530 382 1571 rem
400 1529 490 1570 suam
513 1507 570 1569 vili
591 1507 702 1591 precio
723 1508 918 1573 vendidisse.

395 1669 398 1680 ·
492 1624 583 1690 VIII.
622 1645 710 1690 acus.
741 1646 811 1692 aar.

94 1751 97 1758 '
161 1741 211 1802 De
235 1740 284 1801 tis
304 1738 361 1822 qui
377 1736 637 1800 oliena'cendere
657 1738 705 1800 vel
721 1738 844 1801 donare
861 1743 1138 1825 praesumpserint.

96 1838 101 1848 ·
179 1824 339 1899 Quotiens
358 1822 399 1882 de
419 1821 548 1882 vendita
567 1818 621 1882 vel
639 1819 808 1882 donatore
833 1823 1004 1885 eontentio.
1021 1842 1209 1889 commove-2

96 1916 168 1983 tur,
204 1905 238 1966 id
269 1914 337 1981 est,
363 1902 390 1965 si
414 1902 704 1964 alienamfortasse
730 1923 799 1964 rem
818 1904 978 1981 vendere,
1010 1905 1205 1970 reldonare

97 2008 326 2072 quemcunque
344 1985 540 2062 constiterit,
569 1985 699 2062 nullum¹
724 1987 862 2069 emptori
881 1987 1114 2070 praeiudicium
1136 1990 1207 2049 fieri

95 2071 235 2156 poterit:v
256 2068 405 2146 sedilis,
433 2069 488 2151 qui
507 2068 645 2130 alienam
664 2067 796 2128 tortasse
818 2089 889 2134 rem
907 2067 1045 2136 rendere
1069 2080 1125 2132 ant
1147 2071 1207 2131 do..

97 2175 175 2214 nare
196 2149 466 2234 praesumpserit,
495 2150 629 2232 duplum
649 2149 698 2213 rei
718 2149 847 2215 domino
871 2159 1003 2231 cogatur
1027 2154 1208 2218 exsolvere.

96 2235 244 2318 Emptori
259 2244 365 2294 tamen
384 2233 529 2315 precium
548 2233 636 2313 quod
653 2231 777 2313 accepit
794 2230 999 2310 redditurus,
1022 2242 1053 2294 et
1067 2251 1206 2316 poenam

98 2341 194 2400 quam
211 2319 369 2400 esriptura
384 2322 531 2377 eontinet
548 2316 763 2397 impleturuss
780 2324 812 2378 et
829 2314 989 2396 quidquid
1008 2314 1040 2374 in
1057 2318 1206 2398 profectu

98 2409 297 2483 comparatae
328 2398 378 2460 rei
403 2407 545 2479 emptor,
574 2398 624 2460 vel
654 2396 714 2478 qui·
741 2396 894 2458 donatum
918 2398 1062 2480 aceepit,
1097 2400 1205 2460 studio

96 2505 173 2552 suae
196 2483 344 2548 utilitatis
363 2489 551 2563 acceperat,
583 2502 600 2544 u
632 2479 780 2544 locorum
805 2478 965 2542 iudicibus
998 2479 1203 2545 aestimetur:

98 2576 194 2645 atquc
215 2586 244 2626 er
261 2565 320 2646 qui
339 2564 495 2624 laborasse
515 2562 738 2645 cognoscitur,
760 2583 777 2622 a
795 2562 962 2638 venditore
979 2562 1030 2624 vel
1046 2558 1204 2632 donatore

99 2647 179 2710 iuris
197 2647 316 2722 alieni,
339 2645 511 2708 satisfactio
530 2645 611 2706 iusta
626 2644 786 2712 reddatur.
829 2644 950 2706 Similis
967 2643 1091 2706 scilicet
1111 2652 1142 2706 et
1163 2643 1203 2709 de

86 2729 285 2873 *mplncipiim
315 2728 414 2792 etde
440 2727 588 2792 omnihus
614 2725 730 2807 rebus,
760 2737 857 2811 atque
885 2726 987 2794 brutis
1011 2725 1206 2795 animalibus

99 2833 137 2873 or
161 2833 179 2872 o
199 2819 356 2878 servetur.
1058 2813 1064 2818 '

524 2925 585 2993 lx.
625 2946 775 3002 auricus.

140 3043 238 3130 Quod
252 3045 371 3106 remdn
388 3043 585 3112 contentione
589 3041 741 3184 dpositam
758 3061 820 3104 non
842 3038 935 3106 liceat
955 3039 1093 3102 uendere
1109 3043 1165 3103 oet

202 3159 207 3166 2
632 3145 718 3189 aare.

177 3209 259 3272 Rem
282 3208 316 3268 iu
335 3205 543 3270 contentione
558 3206 713 3289 positam,
735 3206 768 3268 id
782 3213 846 3285 est,
869 3225 964 3287 quam
979 3205 1061 3266 alter
1078 3216 1132 3270 aut
1149 3228 1204 3290 pc·

96 3299 164 3363 tere
180 3291 307 3371 coepit,
330 3299 386 3352 aut
399 3290 544 3374 recipere
562 3288 797 3352 rationabiliter
809 3299 951 3370 poterat,
973 3287 1119 3350 obtinere
1137 3311 1201 3348 nou

98 3373 215 3454 liceat,
236 3395 297 3437 nec
311 3373 449 3452 donare,
470 3393 531 3434 uec
542 3370 702 3450 rendere,
725 3393 786 3432 uec
803 3371 1003 3454 aliquolocc
1019 3373 1204 3441 transferre,
1308 3371 1313 3380 “

538 3487 580 3550 Χ.
621 3505 769 3561 urricus.

257 3673 260 3686 ,
322 3605 360 3668 Si
376 3627 408 3665 se
424 3605 605 3686 permiserit
619 3605 769 3684 ingennus
785 3599 987 3665 venumdari.

179 3681 376 3770 Quicunque
398 3687 558 3768 ingenuus
589 3689 623 3747 se
647 3683 745 3746 vendi
770 3683 965 3765 permiserit,
999 3691 1031 3744 et
1055 3679 1204 3765 precium

95 3795 169 3838 curn
198 3773 366 3836 venditore
394 3770 530 3851 partitus·
561 3776 628 3844 est,
666 3775 703 3826 ut
733 3765 980 3827 circumveniret
1014 3775 1203 3847 emptorem,

83 3857 295 3942 ,proclamans
311 3863 425 3935 postea
444 3852 629 3912 nullatenus
649 3847 817 3919 aedictum
847 3847 902 3909 sed
923 3847 957 3905 in
976 3867 1013 3907 ea
1033 3847 1202 3925 servitute,

94 3961 190 4022 quam
208 3938 330 4012 voluit,
351 3941 544 4016 permanent.
588 3931 748 4011 Quoniam
771 3952 834 3991 non
856 3939 904 3994 est
924 3929 1041 4011 dignus
1057 3939 1093 3989 ul
1116 3930 1200 3994 liber

95 4023 156 4097 sit,
178 4021 234 4102 qui
260 4041 292 4080 se
318 4020 429 4078 rolens
446 4015 590 4078 subdidit
605 4012 762 4078 servi-tuti.
805 4015 847 4076 Et
863 4021 967 4076 tumen
991 4017 1017 4072 si
1038 4013 1120 4096 ipse,
1143 4011 1200 4092 qui

88 4127 127 4166 se
155 4102 340 4162 vendiderit
363 4101 414 4161 vel
445 4097 626 4160 venundari
650 4095 847 4178 permiserit,
875 4094 1027 4172 precium
1058 4093 1145 4156 unde
1165 4113 1199 4153 se
1225 4130 1227 4136 ·

94 4187 233 4255 redimet
251 4185 369 4250 hahere
385 4182 528 4268 poteritt
553 4189 608 4246 aut
631 4180 657 4242 si
685 4177 924 4263 parenteseius
943 4176 1199 4262 redemptionem
