2632 4822
378 263 596 332 nrrrrtannr
632 271 756 336 sesua
794 271 862 328 mn.
882 271 918 330 11.
1127 247 1201 330 761

89 420 125 482 in
142 418 251 482 charta
267 417 296 482 ei
313 409 426 480 affixit.
466 415 509 476 Et
520 414 577 495 qui
594 423 704 497 postea
720 435 760 476 ex
778 413 846 496 ipsa
861 411 999 475 muliere
1013 409 1202 482 liberarati

88 503 231 582 fuerint,
259 502 329 564 sive
356 497 490 560 masculi
522 496 770 572 susisaniana,
806 517 872 556 non
896 495 1038 557 habeant
1064 495 1202 582 amplius

89 583 271 662 mundium,
293 582 356 644 nisi
378 587 535 664 qnantum¹
556 587 589 642 et
608 587 711 640 mater
731 599 853 642 eorum.
935 579 979 644 ll.
1001 579 1051 654 54.
1072 581 1104 655 4.
1196 641 1199 648 ,

170 669 229 730 XI.
271 667 359 741 (V.)
400 663 435 722 Si
453 685 577 740 servus,
599 664 675 724 dum
698 659 731 722 iu
751 662 827 742 fuga
851 671 909 736 est,
930 661 1054 723 furtum
1072 657 1203 733 fecerit,

91 761 124 812 et
148 750 180 810 in
205 751 273 829 ipsa
293 749 369 829 fuga
391 746 471 806 foris
494 745 693 828 provinciam
718 743 854 820 exierit,
876 743 923 812 sic
946 744 1065 815 exinde
1085 763 1202 826 proce-s

27 846 33 854 '
89 834 144 894 dat
172 831 350 903 iudi-cium,
387 828 471 890 sicut
498 825 742 910 gloriosissimus
770 828 839 888 Rex
870 826 1020 894 Rotharis
1052 824 1203 896 instituit.

88 917 132 978 Et
155 915 182 984 si
208 915 276 996 ipse
302 931 415 983 servus
440 911 525 974 intra
550 909 750 992 provinciam
770 930 802 970 se
822 906 1013 985 dilataverit,
1033 917 1114 970 tnnc
1133 911 1205 970 Do·

89 998 197 1058 minus
220 996 290 1057 eins
309 993 426 1073 habeat
442 994 578 1074 spatium
602 991 791 1073 requirendi
810 1012 868 1072 per
888 1013 1014 1052 menses
1040 1000 1116 1060 tres.
1158 991 1202 1052 Et

89 1080 116 1142 si
143 1099 218 1140 eum
242 1077 406 1140 invenerit
430 1086 484 1136 ant
506 1097 573 1135 non.
595 1073 769 1151 invenerit,
797 1082 830 1133 et
859 1095 968 1152 caussa
997 1072 1076 1136 furti
1097 1071 1204 1144 mania¹

88 1160 309 1236 tentassent,
337 1159 426 1242 quod
445 1180 556 1220 servus
583 1158 641 1218 iiie
664 1157 788 1216 furtum
814 1153 917 1240 ipsum
944 1155 1094 1233 fecisset,
1123 1163 1204 1216 tunc

88 1244 247 1305 Dominus
275 1242 345 1304 eius
372 1251 542 1324 componat
565 1242 687 1312 furtum
709 1239 830 1322 ipsum,
863 1238 948 1300 sicut
976 1238 1031 1300 lex
1061 1247 1119 1305 est.
1160 1238 1207 1298 Et

90 1327 117 1389 si
138 1327 273 1388 forsitan
293 1323 576 1386 manifestumnen
598 1321 707 1397 fuerit,
721 1331 753 1381 et
772 1322 931 1382 Dominus
952 1320 1097 1383 eiusdem
1114 1318 1205 1383 servi

90 1409 267 1492 negaverit,
282 1408 371 1489 quod
389 1408 493 1491 ipsum
509 1408 632 1467 furtum
651 1423 716 1463 uon
734 1402 863 1466 fecisset
881 1425 993 1465 servus
1019 1405 1100 1483 eius,
1123 1413 1205 1465 tnnc

89 1503 145 1552 aut
165 1511 224 1572 per
244 1511 386 1575 pugnam
410 1498 464 1550 aut
491 1511 551 1574 per
578 1495 812 1552 sacramentnm
842 1507 876 1549 se
900 1486 1072 1568 delendas,
1094 1485 1122 1551 si
1143 1481 1205 1574 'po-
1231 1499 1232 1502 ’

89 1575 197 1636 tuerit.
279 1579 306 1636 I.
329 1575 378 1636 25.
399 1573 452 1650 do.

157 1673 237 1709 nonu.
272 1658 352 1709 Petre
367 1663 396 1708 te
412 1641 533 1724 a'ppellat
547 1650 697 1714 Martinus,
726 1651 801 1721 quod
827 1649 892 1722 ipse
907 1650 994 1706 habet
1019 1661 1122 1708 certam
1146 1669 1206 1706 sus·

89 1726 261 1798 pcrtioncm,
292 1726 367 1796 quod
384 1727 507 1780 Donatus
524 1730 588 1776 tuus
605 1740 706 1786 servm,
728 1723 793 1774 dam
821 1731 878 1774 arnt
902 1722 931 1774 in
955 1723 1035 1790 faga,
1059 1725 1127 1778 tulit
1152 1723 1208 1776 sibi

91 1799 125 1848 ad
143 1797 245 1848 furtum
263 1804 341 1849 tanta
359 1795 490 1858 mobilia,
516 1811 588 1864 quae
605 1792 736 1846 valebant
752 1793 803 1846 sol.
829 1793 860 1852 ,C.
896 1792 952 1858 Ego
978 1794 1043 1847 volo
1059 1794 1208 1862 emendare

89 1867 283 1928 medictatcm,
310 1865 376 1936 quia
393 1866 462 1932 sugit
479 1865 548 1916 foras
565 1863 741 1934 provinciam.
777 1861 877 1916 Probet
893 1864 942 1933 qui
960 1865 1099 1934 appellet,
1129 1865 1206 1934 quod
1275 1887 1279 1896 ¹

12 1981 21 1996 ,
89 1937 232 2005 prolonget
251 1952 279 1986 se
297 1936 368 1986 intra
387 1935 562 2006 prouinciam.
598 1932 671 1983 Etsi
690 1951 743 1984 non
763 1932 902 2002 potuerit3
932 1933 990 2002 ipse
1010 1934 1060 2004 qui
1081 1937 1206 2016 appelia-

1 2010 2 2017 ’
89 2015 134 2057 tus
153 2015 194 2058 est
218 2005 290 2057 iuret
308 2021 370 2057 cum
389 2005 443 2058 suis
461 2001 712 2062 sacramentalibus,
732 2003 808 2072 quod
824 2002 883 2080 ipse
908 2003 977 2068 fugit
1003 2003 1073 2056 foras
1096 2022 1206 2074 provin·
1271 2053 1279 2068 ,

91 2072 168 2128 cinmss
204 2074 240 2126 Et
260 2076 283 2126 si
301 2074 413 2131 dixerit:
438 2074 531 2127 nescio
550 2075 572 2126 si
590 2071 675 2126 habet
692 2071 808 2126 factum:
826 2072 909 2125 vadat
926 2089 987 2140 eum
1013 2091 1151 2146 quaerere.
1173 2128 1175 2131 ,

173 2145 247 2211 ΧΗ.
288 2143 400 2219 (Vl.)
441 2145 475 2206 si
501 2145 574 2226 qnis
597 2143 740 2225 puellam
759 2151 833 2203 ante
854 2160 955 2204 annos
975 2142 1050 2206 X11.
1072 2165 1207 2229 sponsa-

91 2225 185 2301 verit,
208 2238 265 2288 aut
285 2226 408 2305 tulerit,
429 2237 508 2290 tunc
530 2226 586 2287 ilie
607 2225 664 2306 qui
686 2247 757 2285 eam
778 2223 892 2288 tulerit
913 2223 1208 2310 ant'sponsarerit,

91 2321 263 2392 componat
287 2311 371 2372 sicat
395 2309 547 2373 Edictum
569 2308 609 2368 de
633 2315 727 2388 raptu
745 2307 903 2386 continet,
926 2307 960 2373 id
987 2318 1036 2372 est
1051 2310 1203 2372 DCCCC.

90 2393 229 2470 solidos,
250 2393 393 2454 medium
418 2395 497 2476 Regi
516 2401 548 2454 et
570 2388 712 2451 medium
733 2389 839 2452 eidem
861 2391 1060 2478 infantulae,
1083 2401 1116 2454 et
1135 2391 1205 2474 ipsa

89 2485 271 2538 revertatur
291 2476 325 2536 in
351 2497 453 2536 casam
475 2485 507 2537 et
526 2475 561 2535 in
582 2473 754 2556 pecuniam
773 2495 873 2552 suam,
898 2481 930 2536 et
955 2475 996 2537 sit
1020 2475 1131 2556 quieta
1146 2497 1205 2536 us·
1280 2538 1284 2545 ,

87 2579 153 2640 que
175 2559 215 2620 ad
242 2558 494 2642 suprascriptum
514 2565 650 2640 tempus.
692 2557 807 2627 Postea
832 2565 939 2616 autem
959 2557 1058 2640 eligat
1073 2559 1134 2620 sibi
1151 2557 1203 2618 ri·

87 2661 179 2718 rum,
208 2648 240 2703 et
265 2642 387 2719 nubat,
417 2640 471 2704 cui
499 2638 647 2703 voluerit
695 2638 730 2698 Si
750 2649 863 2700 autem
889 2640 1107 2704 mundualdus
1132 2641 1204 2704 eins
1287 2714 1292 2726 ¹

88 2723 295 2786 consentiens
322 2723 440 2803 fuerit,
473 2732 530 2784 ant
559 2720 729 2784 tradiderit
763 2732 838 2784 ante
872 2722 1045 2785 duodecim
1076 2745 1203 2802 annos,

88 2816 260 2886 componat
283 2806 316 2866 in
340 2809 430 2868 sacro
462 2805 586 2868 Palatio
613 2804 732 2867 solidos
759 2805 851 2866 CCC.
879 2806 1109 2867 etmundium
1131 2807 1224 2868 eius

88 2891 221 2967 anatur,
243 2899 275 2953 et
298 2889 339 2952 sit
361 2889 429 2972 ipsa
455 2911 530 2951 cum
553 2887 650 2950 rebus
677 2888 742 2948 suis
768 2887 808 2947 iu'
828 2886 963 2951 mundio
982 2889 1109 2956 Palatii.
1136 2891 1206 2950 Pas

88 2983 256 3049 terreto,
279 2982 334 3032 aut
362 2974 463 3033 frater
487 2979 677 3052 potestatem
705 2969 861 3049 habeant,
885 2972 940 3033 cni
970 2973 1082 3034 autin
1109 2971 1206 3053 quali*

88 3062 190 3114 aetate
218 3053 383 3116 voluerint
410 3055 451 3116 ad
477 3053 620 3116 dandum
647 3062 701 3112 aut
725 3054 950 3134 sponsandum
966 3054 1065 3114 filiam
1091 3076 1207 3130 suam,

88 3145 143 3194 aut
167 3155 309 3196 sororem
330 3159 429 3204 snam.
470 3135 632 3214 Quoniam
645 3134 736 3196 istam
752 3136 924 3196 dicentium
949 3137 1023 3197 ideo
1040 3136 1201 3213 dedimus,

88 3238 126 3276 eo
154 3217 244 3298 quod
268 3218 445 3296 credimus,
470 3219 560 3301 quod
580 3226 670 3299 pater
694 3218 794 3277 filiam
813 3238 921 3296 snam,
944 3228 1000 3278 aut
1027 3220 1128 3282 frater
1147 3239 1201 3278 so-

86 3320 316 3377 remensum,
345 3299 456 3362 doloso
484 3302 609 3377 animo,
641 3309 696 3360 aut
723 3311 837 3362 contra
862 3302 1022 3362 rationem
1049 3301 1202 3384 cuiquam

85 3380 212 3442 lumini
234 3402 300 3446 non
324 3379 455 3445 dabunt.
543 3387 587 3446 ΙΙ.
609 3382 639 3444 8.
660 3403 689 3443 2.
1197 3421 1198 3426 κ

157 3464 243 3516 roan?
285 3466 364 3516 Patre
387 3473 416 3518 tc
448 3465 569 3535 appellat
589 3465 741 3529 Martinus,
778 3463 852 3534 quod
882 3471 913 3516 tu
944 3463 1078 3534 sponsasti
1103 3463 1203 3518 Aldam

86 3550 163 3586 suam
178 3533 376 3588 mundoaldam
394 3542 459 3592 ante
477 3536 540 3591 ΧΠ.
558 3551 661 3598 annos,
695 3543 744 3588 eut
768 3534 858 3588 tulisti
881 3535 917 3587 ad
942 3535 1106 3602 coniugium.
1160 3537 1204 3588 De

58 3617 62 3632 ·
86 3613 166 3656 torto.
1019 3636 1026 3649 ·

155 3674 232 3726 Pctre
254 3681 283 3726 te
304 3673 426 3743 appellat
442 3673 593 3736 Martinus,
621 3675 668 3745 qui
692 3684 734 3728 est
752 3675 908 3727 advocatus
926 3675 961 3728 de
978 3683 1055 3744 parte
1075 3675 1208 3740 Publica,

86 3742 161 3815 qaod
179 3752 210 3795 tu
229 3743 388 3800 consensisti
405 3745 490 3798 Paulo
508 3746 620 3798 Mariam
636 3753 713 3798 tuam
731 3746 924 3798 mundoaidam
941 3748 1039 3800 tollere
1058 3747 1092 3798 ad
1109 3749 1205 3801 coniu-

86 3831 158 3878 gium
177 3823 241 3866 ante
261 3815 320 3866 xil.
341 3833 432 3869 annos.

169 3884 258 3944 XilI.
302 3883 427 3966 (Vll.)
470 3884 504 3946 Si
527 3884 599 3967 quis
617 3886 844 3968 Langobardos
865 3887 904 3947 ab
926 3885 1036 3967 aliquo
1057 3885 1203 3963 homine,

86 3965 174 4042 quod
201 3969 287 4028 Deus
312 3977 451 4043 avertat,
479 3970 665 4030 interemtus
694 3970 810 4038 t'raerit,
834 3981 865 4030 ct
887 3992 996 4030 caussa
1021 3971 1203 4032 secundum

87 4047 192 4121 legem
220 4051 258 4108 ad
290 4050 552 4132 compositionem
580 4052 723 4131 venerit,
752 4062 786 4112 et
810 4052 878 4134 ipse
905 4053 961 4134 qui
987 4052 1200 4130 occisus'est,

88 4128 189 4188 titiam
215 4136 390 4193 masculum
418 4155 482 4194 non
510 4133 704 4212 reliquerit,
733 4157 924 4216 qrrarnqnarn
943 4135 1023 4194 tilius
1046 4134 1200 4196 instituis·

86 4234 190 4276 scarus
217 4213 372 4296 heredes,
402 4217 483 4284 sicut
509 4217 677 4295 masculos,
708 4220 740 4278 iu
763 4239 891 4284 omnem
914 4219 1123 4282 substantiam
1142 4242 1204 4303 pa-
