2632 4822
35 251 112 327 830
279 239 282 247 ‘
463 262 575 322 seces
601 263 754 324 ascens‘

39 412 247 489 discendnm,
276 414 314 470 ut
340 425 400 490 per
428 404 621 485 deliciosos,
651 413 707 466 aut
735 425 797 489 per
821 405 999 482 ostiarios,
1028 408 1099 472 'vel
1126 431 1180 494 per

34 499 116 560 alios
149 493 299 557 homines
336 487 477 571 captiose
515 498 573 550 sut
608 487 762 552 absconse
788 489 990 573 investigare
1026 493 1177 574 possint,¹

35 578 194 664 quicquid
215 597 274 638 nos
295 571 428 658 agimus.
469 571 511 631 Et
533 570 607 654 ipsi,
630 572 687 654 qni
705 579 877 654 rogantur,
900 574 1080 656 quidquid
1103 597 1177 672 cog-

35 683 172 726 noscere
193 666 339 744 possunt,
361 655 408 716 eis
429 654 595 731 mandant,
617 662 673 715 aut
694 654 851 716 nuntiant
871 665 1060 736 secretum,
1084 669 1122 720 ut
1141 682 1173 720 sn

36 757 205 810 extraneas
234 747 344 838 partes
372 745 419 820 p)
452 737 638 798 mandatnm
666 736 729 803 list.
789 738 856 799 Sed
886 741 1052 822 apparuit
1084 742 1173 804 nobis

34 838 72 890 ut
93 829 164 906 ille,
185 846 245 908 qur
266 821 365 882 telem
386 840 513 882 cansam
534 827 721 902 perpetrare
742 821 1000 902 praesumserit,
1037 845 1108 886 nou
1129 835 1173 888 est

37 913 73 972 in
96 910 160 972 fide
182 913 380 979 surrectus,
401 901 460 964 sed
486 903 521 962 in
553 902 636 962 mala
657 901 843 985 suspicione
863 923 1004 967 manere
1030 907 1171 976 videtur.

34 993 130 1054 Unde
161 985 385 1061 decernimus,
412 993 449 1046 ut
480 983 538 1067 qui
567 985 602 1045 iu
633 984 691 1046 tali
719 1005 831 1046 caussa
862 986 983 1047 amodo
1016 990 1170 1054 detentus

33 1075 146 1152 fuerit,
167 1081 232 1134 tam
252 1068 311 1152 qui
326 1066 498 1146 submittit,
513 1087 610 1148 quam
631 1067 689 1148 qui
710 1065 921 1146 submittitur,
934 1071 1073 1134 animae
1096 1093 1169 1135 snae

34 1158 184 1218 incurrat
203 1151 398 1238 perIculum,
420 1158 454 1211 et
473 1169 526 1211 res
547 1149 617 1210 eius
639 1150 851 1227 infiscentur,
873 1151 953 1234 quia
974 1155 1070 1217 sieut
1090 1156 1168 1217 dicit

35 1239 225 1322 Scriptura:
252 1234 421 1296 Secretnm
449 1231 547 1314 Regis
574 1231 769 1295 abscondere
799 1233 926 1294 bonum
948 1249 1011 1302 est,v
1059 1239 1167 1323 Opera

34 1333 143 1386 autem
164 1318 226 1382 Dei
248 1314 467 1377 honorificum
486 1313 632 1376 revelare
654 1324 713 1380 est.

103 1421 183 1456 roais.
220 1400 302 1454 Petre
321 1406 351 1450 te
369 1398 492 1469 appellat
512 1396 665 1477 Martinus,
693 1396 742 1467 qui
766 1404 808 1450 est
834 1397 998 1454 Advocatns
1028 1401 1067 1455 de
1091 1410 1166 1473 parte

32 1471 164 1536 Publica,
193 1469 268 1543 qnod
284 1478 317 1522 tu
336 1468 413 1521 suisti
430 1467 577 1526 submissus
602 1467 632 1520 in
654 1466 761 1520 Palatio
779 1467 855 1534 llegis
874 1469 911 1522 sd
935 1471 1110 1526 discendum
1126 1490 1166 1526 se-

33 1553 140 1598 cretum
159 1541 246 1610 Regis,
267 1547 295 1592 et
312 1537 403 1592 fecisti
420 1537 581 1590 mandatum
598 1536 628 1588 in
647 1545 804 1590 extraneam
821 1538 1006 1608 provinciam.

118 1613 178 1676 lx„
220 1610 254 1672 si
275 1609 349 1691 quis
369 1630 427 1669 sua
441 1605 634 1670 authoritate
656 1616 775 1668 terram
795 1605 937 1670 alienam
958 1613 1037 1674 sine
1060 1613 1165 1695 publi·

32 1715 73 1759 co
96 1690 336 1768 Geinfahrerit,
359 1689 515 1767 dicendo,
538 1689 627 1771 quod
647 1711 704 1752 sua
725 1689 842 1751 debeat
869 1711 963 1771 esse,
994 1703 1032 1756 et
1054 1707 1164 1777 postea

32 1799 101 1839 non
123 1774 268 1862 potuerit
280 1773 417 1857 probare
438 1771 527 1854 quod
548 1793 605 1832 sna
620 1771 672 1850 sit,
686 1781 856 1856 componat
877 1774 975 1838 solid.
1001 1776 1065 1838 Vl.
1086 1785 1163 1862 qno·

31 1859 129 1922 modo
151 1859 209 1943 qui
231 1857 340 1941 palum
361 1854 395 1916 in
417 1863 505 1917 terra
532 1853 640 1914 aliena
661 1854 738 1938 figit.
789 1854 824 1916 Si
846 1855 920 1937 (puis
944 1857 1107 1922 fossatum
1127 1863 1161 1922 in

30 1943 86 2006 via
112 1941 248 2018 iecerit,
278 1948 311 2000 et
338 1937 444 2020 ipsum
473 1937 579 1998 locum
609 1959 704 1998 snum
729 1937 865 2020 probare
896 1960 964 2000 non
994 1945 1158 2024 potuerit,

31 2033 208 2109 componat
228 2022 322 2087 solid.
344 2019 404 2087 VI.
426 2028 459 2081 et
480 2019 587 2101 ipsum
607 2021 760 2081 fossatum
783 2026 955 2089 restauret.
998 2027 1047 2086 Et
1067 2027 1094 2088 si
1115 2026 1161 2110 ip·

30 2129 103 2173 sum
124 2109 279 2170 fossatum
300 2102 444 2166 cavando
466 2101 619 2163 damnum
646 2102 681 2162 in
703 2103 769 2165 vite
793 2102 902 2163 autin
925 2105 1047 2170 arbore
1070 2109 1159 2172 iece-

28 2190 85 2270 rit,
107 2197 278 2272 componat
299 2186 382 2249 sicut
402 2184 545 2246 anterius
565 2184 718 2247 Edictum
739 2184 887 2246 continet
906 2194 954 2268 q).

99 2305 194 2376 (llaec
214 2320 285 2375 quae
304 2307 466 2371 sequuntur,
490 2314 578 2369 nuper
594 2316 628 2352 ex
653 2298 761 2354 duobus
775 2297 935 2367 codicibus,
954 2302 1160 2361 unoVatieano

29 2375 116 2430 altero
138 2375 256 2434 Cavensi
279 2372 354 2428 edita
373 2369 467 2440 sunt.)

430 2508 753 2571 Pnouocus

113 2628 194 2704 Ista,
215 2645 294 2709 quoe
318 2625 463 2708 superius
489 2626 609 2708 scripta
638 2637 804 2697 tenentur,
835 2627 869 2685 in
899 2617 1058 2686 Edictum
1075 2627 1159 2686 scri-

29 2711 168 2776 bantur:
198 2721 229 2768 et
254 2709 316 2766 ista
343 2706 482 2789 capitula
507 2705 572 2768 dus
600 2706 640 2768 de
669 2708 777 2770 subtus
806 2708 841 2768 in
867 2707 958 2770 brevi
981 2707 1159 2788 praevidi·
1245 2700 1254 2757 ·'

28 2813 97 2856 mus
125 2801 262 2852 statuere
287 2792 337 2858 r).

112 2902 200 2990 (X.)
242 2903 311 2965 Hoc
339 2910 447 2962 autem
480 2910 621 2966 statuere
655 2903 871 2986 praevidimus
899 2907 936 2983 s)
968 2911 1005 2964 ut
1032 2925 1156 2965 marcas

28 3002 153 3056 nostras
174 2986 303 3050 Christo
325 2983 545 3046 custodientes
566 2985 612 3046 sio
634 2985 807 3047 deveniant
834 2985 904 3046 fieri
926 2985 1096 3048 ordinatas
1122 2995 1157 3050 et
1250 3042 1257 3065 ,

26 3075 185 3158 vigilatas,
207 3079 244 3130 ut
260 3067 384 3129 inimici
414 3066 516 3127 nostri
543 3074 576 3128 et
600 3076 711 3148 gentes
734 3078 843 3129 nostre
868 3088 934 3128 non
963 3069 1068 3149 possit
1094 3089 1156 3151 per

27 3179 81 3220 eas
102 3155 226 3219 sculcas
247 3150 388 3229 mittere,
406 3157 462 3209 aut
483 3148 605 3232 fugacis
627 3149 772 3212 exientes
793 3149 966 3232 suscipere.
995 3151 1064 3212 Sed
1081 3150 1155 3211 nul·
1253 3180 1258 3189 ·

28 3241 80 3302 lus
101 3239 199 3302 homo
221 3255 280 3318 per
300 3254 336 3294 ea
358 3230 513 3293 introiere
536 3229 635 3313 possit
653 3231 723 3292 sine
737 3231 829 3316 signo
847 3241 901 3293 aut
920 3231 1062 3313 epistola
1073 3231 1155 3314 regi.
1252 3274 1257 3285 .

26 3324 205 3405 Propterea
233 3315 456 3398 unnsquisque
478 3314 576 3376 iudex
596 3334 656 3395 per
676 3334 796 3376 marcas
818 3315 878 3377 sibi
900 3315 1087 3378 commissas
1107 3325 1155 3374 ta·
1260 3328 1261 3334 ’

28 3405 61 3467 le
83 3403 190 3466 studio
213 3408 245 3462 et
269 3398 438 3482 vigilantia
459 3406 576 3479 ponat,
605 3405 638 3457 et
660 3416 720 3478 per
747 3408 835 3459 sect
859 3417 917 3480 per
947 3397 1022 3458 loco
1045 3397 1154 3482 posito
1252 3386 1258 3435 ἶ

28 3489 83 3551 vel
106 3482 262 3549 clusarios
283 3503 377 3560 snos,
397 3490 434 3542 ut
453 3479 564 3540 nnllns
584 3478 681 3540 homo
702 3477 773 3541 sine
794 3478 886 3562 signo
905 3486 962 3540 aut
985 3500 1048 3564 per
1069 3480 1155 3563 epis·

97 3657 177 3711 VIII.
213 3655 244 3710 st
268 3654 330 3723 quis
355 3653 477 3722 inquirit
494 3663 626 3703 secretum
643 3649 735 3719 Regis,
760 3663 791 3702 ut
808 3647 848 3701 ud
869 3647 999 3703 damnum
1019 3650 1084 3703 eius
1101 3668 1157 3721 pa·
1250 3640 1256 3663 ¹

28 3729 84 3782 lam
104 3728 198 3799 faciut
215 3719 248 3777 id
272 3726 304 3776 in
325 3724 467 3775 extraneis
490 3721 662 3791 provinciis,
688 3721 817 3772 volutatus
841 3733 873 3771 ut
890 3732 946 3770 tam
969 3722 1154 3790 inquisitor,
1250 3712 1255 3721 ¹

27 3816 112 3869 quam
129 3795 296 3868 propalator
312 3795 424 3846 animae
441 3809 508 3844 suae
526 3793 656 3844 incurrat
669 3791 835 3861 periculum,
854 3802 881 3841 et
896 3807 942 3842 res
959 3807 1057 3842 eorum
1069 3791 1155 3844 Fisco
1247 3782 1258 3837 i

29 3881 188 4019 ὀωιεῶωἷίι
206 3934 291 3988 eald,
308 3932 480 4014 provincias.
530 3887 535 3896 ¹
557 3928 596 4001 q)
613 3928 673 3982 lloc
691 3936 775 3999 caput
791 3928 821 3980 in
838 3928 896 3981 sola
914 3928 1027 3982 Heroldi
1049 3930 1156 3985 editio*

28 4026 65 4063 ne
81 4008 184 4062 inveni.
229 4008 262 4056 ln
281 4002 341 4054 aliis
358 4001 458 4069 legitur
475 4016 553 4069 supra
570 3999 725 4064 interleges
741 4000 898 4068 liutprandi
913 4015 972 4070 cap.
993 4000 1155 4059 cxtvlll.

30 4089 59 4134 et
77 4080 134 4132 CL.
187 4077 218 4146 r)
234 4075 305 4131 Cod.
321 4073 383 4126 vat.
401 4073 500 4143 Itaque
519 4071 644 4139 superius
662 4082 774 4122 tenetur
791 4071 928 4138 scriptum.
964 4070 1001 4120 In
1014 4069 1156 4124 Edictum

30 4150 192 4203 scribantur
213 4159 241 4198 et
263 4147 318 4196 ista
337 4144 464 4211 capituto
482 4137 540 4194 dus
557 4137 590 4192 de
607 4137 710 4192 subtus.
779 4139 804 4208 s)
821 4138 886 4194 Cod
912 4141 974 4195 Vst.
1001 4140 1037 4192 In
1063 4141 1154 4198 breve
1248 4170 1253 4183 .

24 4217 216 4292 praevidimus
232 4226 362 4270 statuere.
