2648 4874
293 303 402 360 neers
422 303 712 360 w1s1eoruonun
730 301 795 358 ιιι.
803 303 850 359 ιι.
869 303 941 360 ιιι,
958 305 1013 366 ιιι.
1131 292 1202 366 501

197 447 285 518 Tru.
312 447 378 517 111.
429 447 488 517 De
510 445 658 538 pupillis
683 457 721 516 et
754 469 882 517 eorum
913 449 1105 523 tutoribus.

461 608 488 672 l.
550 631 612 671 ras.
655 631 739 677 onos.
781 633 850 674 aar.

198 741 296 828 Quod
313 756 444 825 utroque
467 742 597 804 relictus
614 755 769 826 parente,
796 745 937 828 pupillus
956 761 1097 812 vocetur.

174 825 336 888 Discretio
362 824 490 908 pietatis
515 835 581 904 est,
610 823 657 886 sic
681 846 782 888 consu
797 836 865 888 tum
897 829 983 892 ferre
1006 831 1205 913 minoribns,

13 963 18 971 ,
96 919 135 988 pt
157 907 261 972 iustae
308 907 493 970 osscssionis
512 907 680 970 dominum
701 908 861 972 sustinere
884 911 999 973 damna
1020 935 1086 976 non
1106 917 1204 999 patia-

94 1013 178 1053 mur.
221 991 272 1054 Ob
318 1012 356 1052 oc
374 991 454 1052 licet
474 988 640 1068 hactenus,
663 1012 681 1050 a
704 1000 794 1073 patre
817 1000 944 1055 tantum
959 995 1066 1058 relicti
1089 1020 1206 1081 parvu-

95 1075 122 1136 li
146 1071 226 1152 filii,
255 1072 375 1156 pupilli
409 1083 656 1154 nuncupentur:
693 1081 799 1134 tamen
833 1075 910 1157 quia
945 1099 1012 1139 non
1047 1079 1206 1143 minorem
1244 1085 1254 1106 ⁵

95 1178 207 1219 curam
235 1177 309 1239 erga
334 1155 475 1218 filiorum
495 1155 687 1233 utilitatem,
708 1165 842 1220 matrem
864 1168 989 1222 constat
1013 1161 1205 1245 frequenter

95 1238 305 1322 impendere,
336 1237 411 1300 ideo
441 1237 480 1298 ab
501 1247 639 1320 utroque
661 1248 818 1322 parente,
848 1240 912 1304 hoo
937 1252 1003 1321 est,
1033 1256 1123 1328 patre
1151 1245 1205 1308 vel

94 1331 196 1383 matre
222 1321 309 1381 infra
329 1319 517 1403 quindecim
539 1341 639 1382 annos
665 1329 711 1404 q)
746 1321 829 1386 filios
851 1333 925 1405 post
949 1335 1086 1388 mortem
1110 1326 1205 1392 relio-

94 1413 166 1483 tos,
195 1403 337 1488 pupillos
361 1424 422 1487 per
445 1403 531 1465 hano
553 1403 659 1486 legem
685 1404 890 1469 decernimus
915 1409 1162 1494 nuncupandos.

455 1517 497 1584 ΙΙ.
559 1538 622 1585 ras.
664 1541 750 1586 cans.
791 1543 859 1584 anx.

95 1635 155 1697 Ex
175 1653 238 1716 quo
264 1631 615 1716 incipientcomputari
636 1634 713 1694 anni
736 1635 770 1694 in
797 1634 971 1700 actionibus
997 1638 1203 1722 pupillorum.

179 1715 338 1794 Quotiens
366 1714 406 1775 de
431 1714 598 1777 amissione
627 1736 736 1778 rerum
765 1716 904 1780 intentio
933 1719 1098 1799 vertitur,
1129 1720 1205 1782 illos

93 1819 195 1858 annos
222 1799 256 1857 in
277 1797 478 1883 pupillorum
496 1796 676 1864 actionibus
697 1800 929 1882 computandos
952 1823 1019 1864 esse
1037 1823 1206 1870 censemus

91 1880 211 1962 quibus
235 1889 387 1963 parentes
412 1879 554 1957 illorum,
573 1877 667 1963 pa‘ter
689 1880 841 1943 videlicet
862 1892 917 1945 aut
934 1893 1047 1963 mater,
1082 1906 1118 1946 re
1154 1906 1204 1946 ca-

91 1964 196 2025 ruisse
220 1971 417 2024 noscuntur:
445 1963 479 2023 id
507 1972 564 2041 est,
591 1972 628 2023 ut
648 1984 689 2025 ex
714 1985 753 2025 eo
774 1973 918 2048 tempore
942 1987 1016 2027 cum
1039 1966 1205 2050 pupillari·

91 2047 152 2108 bus
174 2045 269 2106 annis
292 2045 332 2106 ad
354 2045 623 2128 quinquagenarii
645 2067 800 2107 summam
822 2047 1038 2129 pertendant,
1067 2049 1107 2110 de
1138 2070 1205 2132 qno

93 2141 111 2187 a
145 2127 319 2214 praedictis
344 2147 464 2188 eornm
486 2127 673 2223 parentibus
698 2149 767 2190 esse
796 2150 865 2191 rem
897 2139 1022 2192 constat
1050 2131 1203 2201 amissam,

93 2209 127 2270 si
151 2231 231 2274 vero
251 2218 399 2294 parentes
424 2210 542 2293 pup1lli
570 2211 647 2272 dnm
667 2210 836 2286 viverent,
856 2232 927 2272 rem
945 2232 1005 2293 per
1027 2214 1126 2280 XXX.
1148 2235 1204 2276 au·

97 2314 155 2356 nos
177 2293 354 2371 amiserint,
371 2293 517 2378 pupillus
538 2303 672 2378 propter
688 2293 752 2355 hoc
774 2294 859 2356 ultra
879 2294 971 2377 loqui
991 2315 1059 2356 non
1081 2296 1203 2380 poterit

526 2408 586 2470 ΙΙΙ.
626 2427 773 2484 annona·

98 2524 246 2614 pualiter
261 2524 457 2609 pupillorum
478 2525 576 2586 tutela
600 2526 807 2607 suscipiatur,
839 2525 888 2586 vel
911 2523 1068 2589 derebus
1094 2547 1203 2589 eorum

109 2647 112 2654 ·
418 2627 497 2690 qnae
514 2628 591 2692 pars
613 2608 768 2669 tutoribus
787 2607 889 2673 detur.

180 2687 214 2750 Si
235 2699 325 2772 patre
353 2699 504 2768 mortuo,
529 2689 564 2748 in
593 2689 711 2750 minori
737 2699 839 2752 aetate
857 2691 927 2760 ‚filii
954 2691 1203 2776 relinquantur,

95 2780 198 2830 mater
219 2793 330 2833 eorum
351 2772 504 2846 tutelam,
529 2773 556 2834 si
583 2772 741 2850 voluerit,
769 2773 946 2854 suscipiat:
977 2775 1004 2836 si
1032 2785 1140 2837 tamen
1170 2777 1204 2836 in

94 2853 250 2916 viduitate
279 2855 506 2937 permanserit;
529 2855 572 2915 ita
594 2855 693 2916 atde
721 2855 817 2917 rebus
844 2856 918 2918 liliis
941 2857 1057 2919 debitis
1084 2857 1204 2930 inven-

92 2937 211 2996 tarium
236 2937 351 3015 fnciat,
381 2957 441 3020 per
467 2939 557 3019 quod
584 2937 786 3018 postmodnm
813 2939 874 2999 filii
906 2938 1118 3001 hereditatem
1142 2939 1204 3002 sihi

93 3019 232 3080 debitam
257 3031 424 3100 quaerant.
468 3020 564 3098 Quod
593 3021 620 3081 si
643 3030 743 3082 mater
766 3022 867 3081 alium
889 3023 1039 3082 maritum
1068 3044 1205 3105 accepe-
1234 3042 1240 3050 ’

92 3102 156 3180 rit,
188 3112 220 3162 et
247 3101 363 3184 aliquis
392 3103 433 3163 de
461 3103 535 3164 filiis
561 3103 627 3164 iam
656 3103 696 3163 ad
719 3104 914 3186 perfectam,
942 3104 976 3165 id
1001 3114 1069 3182 est,
1100 3125 1202 3186 nsque

95 3184 134 3244 ad
159 3183 236 3246 XX.
259 3193 418 3245 annorum
442 3185 611 3266 perveniat
639 3194 787 3259 aetatem
829 3187 897 3269 ipse
919 3187 1063 3248 iuniores
1088 3186 1203 3246 fratres

94 3289 149 3326 sua
173 3267 313 3328 tuitione
337 3267 506 3346 defendat,
531 3278 562 3330 et
580 3291 631 3331 res
659 3289 771 3329 eorum
798 3291 859 3331 nec
881 3269 920 3330 ab
948 3269 1046 3351 ipsis,
1077 3290 1138 3330 nec
1164 3268 1203 3328 ab

94 3349 166 3412 aliis
199 3350 363 3432 permittat
397 3351 524 3429 everti,
560 3372 620 3414 nec
662 3351 771 3433 aliqua
810 3351 1007 3436 negligentia
1044 3349 1202 3433 deperire.

92 3431 191 3510 Quod
217 3433 244 3494 si
273 3454 325 3494 eas
353 3432 422 3516 ipse
453 3435 537 3495 forte
560 3433 815 3516 consumpserit,
844 3445 899 3495 aut
922 3433 1127 3511 vendiderit,
1150 3434 1202 3494 vel

92 3515 279 3593 donaverit,
315 3525 370 3577 ant
400 3535 461 3596 per
489 3517 718 3599 negligentiam
748 3538 837 3578 snam
865 3517 972 3598 perire
998 3516 1202 3599 permisertt:
1239 3543 1240 3548 ¹

91 3619 165 3657 oum
195 3597 308 3660 fratres
334 3597 558 3676 adoleverint,
590 3621 644 3678 ea,
673 3620 756 3682 qnae
780 3619 839 3680 per
862 3598 1092 3681 negligentiam
1115 3620 1203 3659 suam
1287 3655 1291 3662 .

92 3679 314 3759 deperierint,
343 3680 461 3742 de'sna
483 3681 548 3742 illis
570 3681 718 3763 portione
741 3681 896 3747 restituat.
940 3681 1001 3743 Cui
1031 3690 1137 3742 tamen
1163 3682 1202 3741 de
1231 3703 1232 3708 ¹

90 3761 251 3823 fructibus
278 3761 318 3822 ad
337 3763 460 3825 victum
482 3765 704 3845 praesumendi
729 3773 851 3846 partem
875 3764 1030 3824 decimam
1057 3785 1121 3824 non
1149 3785 1204 3822 ne·

91 3865 224 3925 gamus:
255 3855 291 3905 nt
318 3866 383 3906 uon
410 3845 509 3924 haec,
536 3867 618 3927 quae
640 3846 736 3908 dehet
761 3846 938 3908 minorihus
960 3867 1134 3924 reservare,
1152 3845 1204 3904 ni-

90 3928 165 3988 miis
194 3938 324 3988 evertat·
338 3927 497 4011 expensis.
539 3929 573 3991 Si
603 3950 681 4014 quas
699 3949 776 3990 vero
799 3930 839 3991 de
861 3951 919 3991 suo
944 3952 1004 4013 pro
1029 3929 1205 3992 communi·

158 4167 189 4236 q)
209 4167 255 4220 Sic
275 4168 377 4222 habent
398 4185 490 4222 omnes
509 4170 633 4252 Codices.
689 4170 837 4226 Lindenbr.
858 4169 950 4224 tamen
969 4167 1090 4240 scripsit:
1115 4167 1201 4219 XXV.

90 4257 196 4294 annos.
