2684 4868
133 294 208 370 580
305 306 411 363 neers
428 305 717 363 wrsmornonun
737 306 801 359 cnr.
820 285 898 367 vui.
916 305 990 362 rrr.
1009 308 1050 370 11.

132 475 223 520 rere.
264 449 334 530 Qui
353 469 431 513 vero
453 454 542 508 extra
556 445 721 508 civitatem
736 445 771 506 in
790 445 920 508 domum
933 447 1030 510 mittit
1047 447 1249 532 incendium,

133 534 243 602 omnia
264 538 445 615 quaesunt
472 528 506 587 in
532 529 627 590 domo
649 529 782 591 incensa
805 531 952 591 restituat
970 540 1002 592 et
1025 533 1171 614 precium
1194 537 1250 596 do·

132 621 222 692 mino
249 618 362 683 domus
383 610 519 674 reddere
545 632 610 672 non
634 621 797 676 moretur:
830 614 933 675 sedis
957 612 1048 674 cuius
1070 617 1181 679 domus
1199 618 1249 678 iu-

31 694 36 705 '
133 724 231 767 censa
253 709 318 775 est,
350 717 457 758 coram
480 694 617 756 testibus
634 694 848 756 iurisiurandi
866 695 1109 777 interpositione
1131 700 1247 759 confir-

79 778 82 784 ’
117 773 217 862 met,
241 775 711 859 senonampliuspostulare,
733 799 829 859 quam
847 779 1043 859 perdiderat.
1078 781 1157 842 Etsi
1175 793 1246 863 post
1283 805 1296 828 ·

133 872 255 945 datum,
265 869 499 929 sacramentum
514 859 651 942 amplius
666 881 762 940 quam
782 860 968 943 perdiderat
985 862 1127 943 exegisse
1142 864 1245 928 dinos-

133 954 235 1027 citur,
265 945 299 1006 iu
317 935 452 1026 duplum
469 941 519 1019 ei,
541 941 600 1023 qui
625 941 776 1002 damnum
792 941 961 1022 sustinuit,
993 953 1122 1006 coactus
1140 947 1247 1008 exsol-

132 1044 196 1097 vat.
238 1026 338 1110 Quod
360 1027 386 1088 si
407 1025 504 1088 etiam
521 1025 649 1086 vicinae
667 1025 779 1086 domus
801 1046 841 1086 ex
869 1047 924 1105 eo,
957 1027 1047 1108 quod
1073 1027 1250 1090 immissum

133 1127 182 1178 ost
202 1109 410 1185 incendium,
432 1108 516 1167 forte
538 1117 745 1190 consumptae
768 1116 860 1186 sunt,
882 1108 907 1169 si
931 1109 970 1170 de
992 1108 1087 1172 bonis
1110 1111 1179 1173 eius
1199 1132 1250 1173 su-

131 1195 308 1284 perfuerit,
340 1192 429 1252 unde
451 1189 497 1250 eis
520 1190 616 1250 etiam
646 1199 873 1274 componatur,
908 1190 943 1250 hi
973 1214 1106 1274 quoque
1137 1195 1251 1257 amissa

132 1279 301 1362 recipiant.
344 1273 440 1340 Prius
461 1281 568 1332 tamen
591 1292 664 1332 cum
685 1281 879 1343 sacramento
897 1295 1004 1335 coram
1023 1275 1159 1340 testibus
1178 1299 1251 1361 pro·

133 1365 306 1436 fiteantur,
337 1378 372 1420 se
400 1375 465 1416 nou
490 1354 626 1436 amplius
651 1377 747 1437 quam
768 1355 977 1437 perdiderant
996 1358 1182 1440 postulare:
1218 1368 1250 1422 et

131 1449 160 1510 si
177 1444 358 1530 periurasse
378 1445 568 1514 noscantur,
590 1447 646 1498 aut
663 1438 800 1521 amplius
819 1439 979 1522 exegisse,
1000 1439 1035 1500 in
1050 1439 1188 1524 duplum
1206 1443 1248 1521 ei,

129 1524 304 1613 quem-teli
323 1521 437 1584 fraude
458 1517 719 1602 dampnarerint,
741 1519 823 1580 male
848 1531 959 1583 exacta
977 1523 1158 1587 restituant.
1200 1527 1248 1586 Ita

133 1623 172 1674 ut
189 1631 249 1694 pro
270 1603 495 1687 correptione,
518 1601 575 1683 qui
598 1602 728 1664 domum
745 1603 950 1682 incenderat,
973 1607 1008 1668 C.
1029 1605 1154 1689 flageila
1177 1631 1248 1670 sus-

132 1694 249 1776 cipiam
279 1698 314 1752 et
336 1688 525 1770 quicunque
549 1686 614 1746 tale
635 1687 809 1768 dampnum
825 1685 995 1750 admittens
1015 1709 1080 1747 non
1097 1689 1248 1753 habuerit

133 1777 222 1838 undo
248 1779 438 1853 componat,
471 1767 617 1830 servituti
637 1769 808 1836 subiaceat.
856 1770 890 1830 si
914 1780 1001 1832 certe
1022 1770 1246 1856 cuiuscunque

133 1879 261 1934 servus,
295 1852 422 1919 sivein
451 1850 631 1929 civitatem,
666 1873 724 1914 seu
749 1860 839 1914 extra
869 1854 1033 1916 civitatem
1057 1853 1247 1918 incendium

134 1942 284 2004 intuiisso
317 1934 539 2018 cognoscitur,
575 1933 742 2010 dominus,
780 1934 807 1996 si
843 1955 970 1998 servum
1002 1946 1064 1998 tam
1098 1939 1246 2001 nocentis

131 2019 426 2098 admisu-voluerit
446 2016 584 2078 liberare
603 2039 622 2076 a
641 2015 819 2101 supplicio,
844 2040 903 2102 pro
925 2020 994 2082 eius
1016 2020 1152 2083 crimine
1180 2043 1245 2081 non

131 2117 277 2170 moretur
301 2121 514 2184 componere,
557 2099 603 2158 ita
626 2110 663 2160 ut
692 2101 759 2183 ipse
784 2121 893 2163 servus
914 2102 1045 2184 publice
1075 2104 1138 2169 CC.
1163 2103 1246 2165 ictus

133 2191 268 2272 accipiat
298 2185 511 2267 flagellorum.
559 2181 625 2242 Sed
650 2183 726 2257 ilie,
760 2183 852 2242 cuius
882 2184 994 2246 domus
1016 2185 1147 2246 incensa
1176 2193 1243 2264 est,

133 2275 240 2334 iurare
268 2277 419 2351 cogatur,
455 2287 487 2328 se
516 2263 651 2347 amplius
675 2281 740 2325 non
766 2274 935 2347 repetere,
970 2289 1066 2348 quam
1088 2267 1122 2327 in
1149 2268 1244 2329 domo

133 2356 203 2417 eius
227 2353 354 2414 flamma
382 2348 590 2429 consumpsit.
658 2349 701 2408 Et
727 2346 761 2408 siv
788 2369 982 2430 componere
1012 2350 1246 2434 dominus-pro

129 2431 406 2507 demonstrarit,
426 2429 572 2490 tradatur
589 2450 701 2496 servus
721 2428 761 2490 ad
774 2450 933 2513 poenam,
956 2441 992 2494 ut
1009 2433 1171 2518 supplicio
1195 2456 1247 2496 ca·

130 2518 227 2603 patuli
248 2514 383 2577 admissa
400 2511 573 2598 persolvat.

125 2609 173 2645 :⁸3⁴¹
203 2621 206 2632 ·
236 2604 326 2655 itam·
367 2631 370 2638 .

547 2752 549 2758 Ι
578 2660 620 2722 11.
659 2682 807 2736 anricus.

412 2808 452 2871 Si
473 2809 555 2889 ignis
575 2810 762 2871 immittatur
781 2811 816 2871 ἰη
838 2811 966 2890 sylvam.

179 2922 196 2962 ‘¹²
219 2926 253 2992 Si
266 2912 627 3010 'iidie'qualemcunque
651 2927 774 3010 sylvam
795 2927 981 2990 incenderit
999 2929 1156 3010 alienam,
1179 2932 1245 2996 sive

134 3013 242 3098 piceas
260 3014 411 3090 arbores,
433 3011 486 3073 vel
505 3009 640 3086 caricas,
661 3009 724 3070 hoc
743 3020 790 3070 est
813 3011 912 3088 ficus,
935 3020 989 3072 aut
1003 3015 1176 3076 cuiuslibet
1193 3037 1246 3098 ge·

135 3094 368 3158 nucu-arbores
390 3092 599 3169 cremaverit,
621 3101 823 3173 correptura
843 3093 950 3154 iudice
970 3107 1101 3158 centum
1121 3097 1247 3180 flagella
1268 3121 1274 3134 ‘

134 3179 305 3262 suscipiat,
328 3186 360 3240 et
378 3198 437 3259 pro
462 3176 576 3237 damno
591 3174 784 3254 satisfaciat,
806 3176 889 3237 sicut
902 3176 941 3236 ab
959 3177 1008 3240 his
1027 3181 1083 3262 qui
1103 3180 1247 3262 inspexe-

134 3263 220 3340 rint,
242 3260 342 3322 fuerit
363 3259 571 3321 aestimatum.
613 3257 713 3335 Quod
733 3257 759 3319 si
780 3280 889 3320 servus
906 3259 969 3322 hoc
991 3261 1122 3323 domino
1141 3262 1247 3325 nesci-

134 3354 212 3408 ente
235 3341 449 3418 commiserit,
472 3341 534 3401 CL.
557 3338 758 3421 flagellorum
778 3340 964 3404 verberibus
986 3344 1164 3410 addicetur.
1206 3345 1248 3406 Et

101 3491 104 3498 ,
130 3428 163 3492 si
196 3447 258 3507 pro
280 3447 320 3488 eo
340 3423 491 3485 domiuus
515 3442 710 3504 componere
746 3423 907 3500 uoluerit,
937 3448 1010 3486 cum
1036 3428 1172 3511 duplum
1194 3435 1247 3486 aut

133 3509 269 3592 triplum
289 3505 419 3588 dampni
440 3504 574 3582 fecerit,
601 3526 698 3586 quam
718 3505 806 3586 quod
829 3507 969 3568 eundem
989 3531 1116 3573 servum
1138 3512 1247 3572 valere

134 3589 332 3669 eonstiterit,
354 3590 459 3673 ipsum
480 3608 609 3650 servum
629 3609 687 3671 pro
708 3589 795 3648 facto
816 3590 943 3652 tradere
965 3612 1031 3653 non
1052 3603 1209 3658 moretur,

568 3702 631 3770 111.
672 3724 822 3780 annuus.

302 3820 341 3882 Si
359 3817 435 3880 dum
454 3819 517 3880 iter
534 3818 658 3898 agitur,
683 3819 764 3898 ignis
780 3819 903 3900 longius
924 3819 1094 3886 dilabatur.

219 3904 345 3985 Quiiu
368 3902 485 3967 itinere
511 3901 702 3963 constitutus
724 3903 948 3986 cuiuscunque
974 3905 1110 3965 forsitan
1135 3926 1247 3988 campo

135 3987 367 4072 applicaverit,
390 3994 422 4046 et
442 3984 483 4045 ad
503 3983 710 4066 coquendum
733 3986 857 4064 cibum,
881 3995 935 4047 aut
956 3984 1087 4069 ‘frigoris
1112 3987 1248 4052 necessi·
1309 4059 1311 4063 Ι

134 4081 199 4142 tate
216 4070 399 4152 compulsus
416 4067 524 4150 ignem
541 4066 672 4144 fecerit,
695 4077 807 4132 cautus
824 4071 864 4131 sit
881 4091 921 4130 ne
940 4067 1023 4152 ignis
1046 4071 1176 4153 longius
1198 4071 1246 4132 di·

122 4153 271 4225 tabatur·
298 4148 422 4232 ⁴Autsi
447 4149 481 4210 in
499 4148 617 4232 spinis,
648 4149 715 4213 sive
736 4150 770 4211 in
792 4153 916 4232 pabulis
937 4153 1047 4231 siccis,
1077 4153 1247 4236 inquibus

133 4237 329 4322 plerumque
350 4231 476 4296 flamma
497 4231 657 4314 nutritur,
687 4232 877 4298 incendium
896 4237 1118 4316 convalescat,
1140 4237 1247 4322 iguem
