2648 4874
266 299 370 356 nrcrs
388 298 678 358 mersorncnrn
709 300 776 358 nra.
796 298 841 356 rr.
861 298 934 352 r1r.
952 297 988 356 r.
1114 281 1187 356 505

83 466 151 509 rum
176 463 218 504 ex
246 439 395 522 omnibus
416 435 553 520 repellat
575 437 755 504 indiscreta
781 436 942 505 voluntas.
983 435 1091 520 Igitur
1107 452 1199 528 pater

83 537 134 590 aut
154 535 290 601 mater,
310 543 388 583 avus
415 529 472 580 aut
497 521 586 598 avia,
618 521 738 603 quibus
761 522 944 605 quempiam
970 521 1112 587 filiorum
1143 527 1196 590 vel

84 620 237 692 nepotum
258 603 450 667 meliorandi
463 604 687 684 relentescat,
708 603 794 664 hanc
810 613 939 664 servent
952 607 1086 669 omnino
1102 629 1197 670 men-

83 708 203 755 suram:
234 697 274 748 nt
295 707 392 768 super
415 685 542 749 tertiam
560 693 683 768 partem
702 707 811 748 rernm
832 707 962 748 suarum
985 690 1196 752 meliorandis

83 775 156 836 filiis
175 780 232 834 aut
251 769 395 848 filiabus,
417 768 470 832 rel
494 768 665 852 nepotibus
683 777 779 852 atque
795 765 966 850 neptibus,
988 793 1028 833 ex
1046 773 1197 835 omnibus

82 859 176 922 rebus
203 853 270 916 suis
287 851 423 936 amplius
446 847 753 934 nihiltimpendant,
775 870 881 934 neque
898 851 1085 915 fucultatem
1105 877 1197 917 suam

82 963 121 1003 ex
140 937 291 1002 omnibus
305 934 338 994 in
357 943 541 996 extraneam
558 954 727 1014 personam
738 933 963 1012 transducant,
987 935 1195 1000 nisifortasse

81 1019 271 1107 provenerit
287 1038 340 1079 eos
361 1016 520 1098 legitimos
538 1015 620 1077 filios
637 1017 691 1078 vel
712 1024 844 1097 nepotes
862 1037 927 1076 non
945 1015 1065 1081 habere
1081 1041 1197 1104 snper·

83 1107 182 1169 stites.
226 1105 296 1164 Hoc
315 1109 421 1161 tamen
437 1097 570 1160 rationis
594 1097 715 1159 intuitu
732 1098 942 1182 praelucente
960 1100 1198 1164 observandum

83 1186 272 1248 adiicimus:
295 1191 331 1243 ut
348 1175 440 1263 pater
457 1181 510 1244 rel
525 1189 646 1259 mater,
667 1202 745 1245 avos
766 1180 820 1243 rel
841 1181 931 1258 avia,
954 1182 994 1243 de
1013 1185 1197 1268 supradicta

81 1271 176 1332 tertia
189 1277 281 1351 parte
294 1285 404 1326 rerum
421 1283 569 1340 suarum,
591 1263 617 1324 si
638 1263 672 1323 in
692 1263 823 1325 nomine
845 1263 986 1325 filiorum
1002 1287 1136 1328 suorum
1153 1278 1198 1329 at·

82 1372 146 1434 que
174 1355 332 1431 nepotum
357 1345 482 1428 aliquid
507 1344 691 1428 specialiter
715 1345 841 1428 scriptis
871 1347 1020 1410 conferre
1046 1349 1198 1413 decreve-
1276 1379 1286 1392 ·

82 1435 168 1509 rint,
199 1432 288 1492 iuxta
309 1428 488 1490 testationis
511 1447 622 1490 eorum
643 1429 790 1494 ordinem
818 1439 937 1492 cuncta
963 1441 1061 1493 erunt
1083 1432 1196 1494 obser-

83 1517 189 1581 vanda
211 1510 421 1597 perenniter,
450 1509 591 1593 qualiter
613 1512 740 1574 testatio
767 1511 879 1575 talium
905 1510 945 1573 de
968 1513 1080 1576 eadem
1101 1513 1197 1576 tertia

83 1598 253 1683 portione,
288 1594 379 1654 iuxta
401 1593 489 1674 quod
509 1615 578 1655 eam
601 1593 634 1653 in
658 1594 802 1677 singulos
823 1593 966 1658 voluerit
988 1596 1198 1679 praelargiri,

83 1683 215 1764 plenam
231 1687 265 1739 et
291 1675 578 1739 inconvulsibilem
599 1676 744 1739 obtineat
766 1677 956 1738 firmitatem.
1005 1677 1073 1740 Nec
1099 1679 1198 1741 liceat

84 1763 161 1824 filiis
178 1761 255 1845 ipsis
271 1768 368 1841 atque
381 1758 570 1840 nepotibus,
591 1759 649 1840 qui
665 1759 704 1822 de
720 1758 781 1822 bac
795 1759 890 1822 tertia
902 1758 1053 1842 portione
1071 1760 1197 1842 aliquid

83 1845 265 1908 meruerint
282 1863 300 1902 a
318 1841 506 1925 parentibus
528 1839 593 1903 suis
609 1841 662 1903 rel
683 1841 748 1903 avis
763 1840 951 1924 percipere,
973 1841 1195 1924 quodcunque

84 1927 175 1991 aliud
194 1925 355 2004 iudicare,
382 1933 519 2006 excepto
537 1922 565 1985 si
586 1924 804 2005 aparentibus
827 1924 882 1986 vel
902 1922 969 1985 avis
992 1925 1082 1985 nulla
1102 1926 1197 1986 adfu-

83 2021 158 2074 tura
184 2009 334 2073 videatur
349 2027 409 2088 pro
428 2005 554 2069 collatis
572 2006 668 2069 rebus
689 2005 867 2068 testationis
886 2005 1030 2069 conditio
1046 2007 1198 2070 interces-

47 2143 51 2149 .
84 2096 171 2156 sisse.
222 2093 307 2154 Sane
337 2089 364 2152 si
394 2088 479 2151 filios
501 2088 570 2151 sive
603 2097 735 2170 nepotes
763 2088 938 2165 habentes,
973 2089 1117 2152 ecclesiis
1144 2088 1204 2151 vel¹

85 2174 209 2238 libertis
233 2182 289 2254 aut
308 2171 425 2255 quibus
445 2169 622 2254 elegerint,
644 2171 684 2232 de
704 2170 857 2232 facultate
880 2191 937 2232 sua
957 2170 1117 2254 largiendi
1139 2192 1197 2232 vo·

84 2261 243 2321 luntatem
257 2253 432 2318 habuerint
449 2263 539 2314 extra
560 2253 650 2313 illam
666 2253 792 2315 tertiam
816 2253 1020 2339 portionem,
1042 2274 1124 2335 quae
1142 2275 1198 2314 su-

84 2341 194 2425 perius
222 2338 310 2401 dieta
341 2346 407 2414 est,
439 2336 554 2417 quinta
578 2335 695 2397 iterum
721 2357 794 2418 pars
822 2335 1038 2418 separabitur:
1071 2337 1113 2398 de
1133 2357 1199 2418 qua

84 2424 200 2504 quinta
229 2430 340 2504 parte,
381 2417 547 2481 iudicandi
569 2426 707 2503 potestas
735 2417 801 2480 illis
834 2417 1013 2480 indubitata
1043 2417 1195 2482 manebit.

84 2506 151 2570 Sed
171 2504 238 2566 sive
254 2503 351 2566 tertia
374 2522 483 2564 rerum
497 2522 584 2584 pars,
617 2521 699 2581 quae
719 2500 927 2564 meliorandis
946 2499 1022 2562 filiis
1051 2501 1198 2586 impendi

85 2585 304 2672 praecipitur:
332 2585 400 2647 sive
428 2583 559 2664 quinta,
590 2603 672 2724 quae
693 2604 752 2668 pro
774 2584 949 2646 collatione
975 2585 1196 2664 ecclesiarum,

86 2671 143 2734 vel
161 2670 367 2744 libertorum,
388 2687 447 2728 seu
460 2687 599 2748 quorum
614 2665 680 2726 ibet
702 2666 924 2749 impensione,
946 2669 1086 2750 separari
1109 2669 1199 2730 iube·

86 2762 160 2828 tur,
195 2752 232 2813 de
252 2749 393 2836 propriis
412 2750 604 2811 tantundem
624 2748 720 2811 rebus
741 2749 949 2833 separabitur.
1001 2751 1081 2811 Nam
1108 2751 1198 2833 quod

85 2833 223 2920 quisque
243 2835 308 2896 ille.
322 2854 382 2916 per
406 2833 628 2894 auctoritatem
647 2831 814 2915 percipere
830 2832 984 2894 meruerit
997 2834 1198 2917 Principum,

86 2917 181 2979 nullo
201 2919 297 2978 modo
319 2919 353 2976 in
375 2915 616 2976 enumeratione
637 2913 734 2976 buius
755 2914 868 2976 tertiae
892 2915 944 2976 vel
967 2916 1101 2997 quintae
1123 2938 1196 3000 par-

84 3001 126 3066 tis
149 3000 298 3082 quolibet
317 2997 416 3060 titulo
438 2997 651 3059 admiscetur:
681 2997 738 3058 sed
758 2997 846 3056 iuxta
868 2997 974 3080 legem
995 2998 1110 3076 aliam,
1140 2997 1199 3079 qui

84 3083 149 3144 hoc
171 3105 188 3142 a
209 3081 296 3165 Rege
317 3080 539 3162 perceperint,
561 3077 726 3140 habebunt
746 3078 892 3157 licitum,
915 3079 1010 3161 quale
1032 3081 1199 3142 voluerint

84 3166 124 3228 de
150 3164 275 3226 collatis
295 3163 357 3224 ,qi
380 3163 476 3224 rebus
498 3185 516 3222 a
544 3162 697 3244 Principe
723 3163 810 3223 ferre
839 3162 1010 3224 indicium.
1050 3161 1199 3222 Exhere-

31 3281 38 3286 ·
83 3248 161 3310 dare
177 3257 282 3308 autem
300 3245 384 3307 filios
399 3253 453 3306 aut
466 3253 616 3328 nepotes,
638 3245 717 3306 licet
735 3264 795 3326 pro
814 3244 879 3306 levi
897 3245 1011 3326 culpa,
1034 3243 1198 3307 inlicitum

82 3329 255 3390 iamdictis
271 3327 458 3411 parentibus
476 3329 550 3394 erit.
592 3326 794 3410 Flagellandi
819 3336 925 3387 tamen
947 3335 979 3387 et
998 3326 1198 3409 corripiendi

82 3433 138 3474 eos
161 3412 314 3494 quamdiu
332 3419 409 3472 sunt
429 3411 463 3471 in
484 3409 608 3471 familia
623 3409 807 3487 constituti,
828 3420 892 3470 tam
906 3431 965 3471 avo
981 3430 1077 3488 quam
1095 3409 1198 3488 aviae,

80 3515 141 3556 sen
160 3495 243 3576 patri
258 3515 353 3575 quam
371 3492 480 3570 matri,
502 3491 806 3576 potestasmanebit.
842 3493 922 3553 Nam
933 3492 959 3554 si
976 3492 1062 3552 filius
1079 3491 1197 3570 filiave,

82 3597 186 3657 nepos
203 3577 255 3637 vel
266 3575 388 3660 neptis,
402 3585 465 3649 tam
476 3574 925 3658 praesumptuosi'extiterint‚
949 3584 1090 3635 uterum
1104 3595 1199 3635 suum

82 3666 139 3718 aut
152 3659 253 3720 aviam
271 3669 394 3740 patrem
412 3667 467 3718 aut
481 3667 626 3733 matrem,
646 3667 711 3718 tam
727 3656 878 3740 gravibus
891 3655 1019 3718 iniuriis
1037 3667 1200 3718 conentur

83 3741 229 3818 afficere,
251 3741 314 3801 hoc
335 3749 401 3817 est,
423 3741 449 3801 si
474 3741 582 3821 alapa,
605 3750 660 3800 aut
680 3759 810 3822 pugno,
832 3739 886 3800 vel
908 3740 1016 3816 calce,
1038 3741 1092 3799 rel
1115 3739 1199 3822 lapi-

83 3825 144 3903 de,
167 3832 223 3884 ant
243 3825 345 3902 fuste,
367 3823 420 3885 vel
440 3822 569 3906 flagello
597 3823 801 3905 percutiant,
824 3821 893 3884 sire
911 3841 970 3903 per
987 3822 1122 3904 pedem,
1144 3822 1198 3885 rel

81 3927 143 3996 per
173 3905 330 3988 capillos,
364 3927 401 3966 ac
423 3925 553 3966 manum
575 3905 691 3980 etiam,
728 3905 781 3965 vel
803 3923 1001 3984 quocunque
1024 3903 1198 3965 inhonesto

84 4011 160 4051 casu
181 3988 366 4050 abstrahere
394 3987 627 4051 contumeliose
657 3987 946 4082 praesumpserint,
986 3989 1045 4045 aut'
1068 3987 1198 4068 publice
1264 3985 1269 3995 ’

81 4073 305 4156 quodcunque
325 4070 448 4132 crimen
469 4090 527 4131 avo
543 4072 596 4132 vel
619 4088 708 4130 aviae
734 4089 792 4129 sen
809 4067 1009 4150 genitoribus
1029 4069 1093 4128 suis
1114 4069 1198 4129 obii-

81 4154 186 4234 ciant,
208 4154 289 4215 tales
310 4152 471 4235 siquidem
490 4151 658 4212 manifeste
676 4149 835 4225 convicti,
858 4162 891 4212 et
910 4150 1103 4212 verberandi
1120 4161 1196 4212 cunt

80 4245 153 4300 ante
176 4237 321 4301 iudicem
342 4235 581 4322 quinquagenis
595 4233 744 4319 flagellis3
768 4241 801 4296 et
821 4234 860 4295 ab
877 4231 1057 4298 hereditate
1084 4253 1198 4318 supra-
