2648 4874
146 242 224 330 us
341 258 447 327 susis
464 261 759 330 wrsreuruo'mu'
778 271 847 336 crs.
867 275 904 330 u.
921 271 996 334 ur.
1015 273 1055 329 u.

493 409 555 478 IX.
613 432 678 477 rus.
704 425 805 482 'cros
845 419 914 480 aar.
947 413 950 418 ’

174 515 221 584 ΙῙῑ
236 517 361 611 petenti
383 519 599 582 concoctione
624 520 816 606 respondere
839 523 991 603 ingenuus
1016 541 1081 585 non
1103 538 1236 590 recuset.

252 597 419 685 Superllue
445 609 652 664 excusantem
686 603 741 664 lex
774 603 848 688 ideo
884 603 1046 688 corripit,
1076 614 1114 666 ut
1150 608 1254 673 omnis

147 685 365 772 praesumptio
389 685 532 748 coerceri
555 685 710 748 facillime
733 686 842 768 possit.
882 687 1042 750 Nonnulli
1056 687 1146 751 enim
1161 691 1255 776 inge-

149 769 208 831 nui
227 790 334 830 servos
348 767 471 829 alienos
489 761 618 828 la'edere
638 769 776 852 prompti
794 777 880 848 sunt,
903 778 935 832 et
960 771 1001 832 ad
1016 772 1099 832 servi
1121 775 1255 858 petitio-

149 873 226 915 nem
241 883 243 888 *
256 849 376 912 iudicio
401 851 510 912 adesse
534 857 776 932 contempnunt,
795 859 972 914 asserentes
993 873 1027 914 se
1048 855 1163 938 utique
1182 879 1257 918 cum

148 957 189 998 eo
213 955 356 995 caussam
375 933 484 994 dicere
509 955 575 993 non
601 933 737 1014 debere,
761 935 912 1018 aquosi
937 937 1089 1032 componi
1111 959 1179 999 non
1200 961 1258 1023 po-

147 1017 241 1098 terit,
263 1017 290 1078 si
312 1015 449 1078 victores
466 1013 640 1077 extiterint.
682 1017 748 1078 Sed
764 1037 803 1078 ne
822 1019 881 1078 sub
906 1017 1156 1101 hacd1latione,
1181 1021 1257 1084 dum

147 1101 247 1164 ctiam
280 1098 363 1161 servi
399 1098 549 1160 dominus
577 1121 671 1184 supra
700 1099 935 1184 quinquaginta
963 1101 1115 1163 milliaria
1141 1105 1257 1166 absens

148 1191 215 1261 est,
234 1189 289 1242 aut
314 1179 448 1242 utilitati
475 1180 600 1242 domini
627 1180 677 1243 sui
701 1183 756 1242 fiat
782 1184 1066 1266 impedimentum,
1105 1195 1166 1247 aut·
1186 1188 1253 1271 ipse

147 1287 258 1330 servus
274 1264 419 1326 indebite
438 1263 578 1346 perferat
605 1264 739 1326 sortasse
759 1265 960 1350 periculum:
981 1267 1026 1328 ita
1048 1269 1255 1331 consultissi-

147 1370 199 1412 me
226 1347 468 1409 deccrnendum
487 1347 658 1430 eligimus,
687 1356 723 1406 ut
745 1347 830 1409 nulli
852 1350 981 1434 penitus
1008 1350 1176 1414 audientia
1196 1353 1255 1416 de-

148 1439 295 1513 negetur.
333 1427 406 1490 'sed
432 1429 459 1490 si
483 1429 705 1513 cuiuscunque
735 1453 846 1492 servus
870 1453 946 1492 cum
972 1432 1122 1515 quolibet
1145 1455 1180 1496 se
1204 1456 1255 1496 as-

114 1511 118 1524 *
148 1511 286 1586 seruerit
307 1533 365 1574 seu
389 1535 502 1590 suum,
540 1513 605 1574 sive
631 1511 846 1591 domini‘sui,
873 1515 926 1575 vel
954 1515 1104 1578 dominae
1133 1515 1254 1580 habere

148 1595 338 1680 negotium,
363 1595 474 1657 ‘statim
494 1595 550 1656 ille
574 1604 684 1656 contra
705 1617 803 1678 quem
825 1595 940 1675 habet,
961 1607 1104 1684 praestus
1124 1619 1194 1662 esse
1215 1599 1255 1661 ad

147 1678 307 1742 iudicium
348 1678 577 1762 compellatur,
616 1687 672 1742 aut
695 1678 819 1762 petenti
842 1679 957 1763 procul
988 1678 1086 1743 dubio
1118 1701 1256 1768 respun-

148 1783 271 1841 surus,
312 1769 367 1824 aut
395 1759 637 1846 compositionis
666 1783 821 1824 summam
858 1763 1006 1847 legaliter
1037 1764 1256 1848 impleturus,

148 1845 177 1908 si
206 1868 224 1905 a
259 1866 351 1907 servo
384 1843 482 1906 fuerit
515 1844 685 1906 iustissime
717 1851 892 1928 superatus.
943 1847 992 1908 Ita
1016 1855 1052 1908 ut
1085 1846 1112 1908 si
1145 1867 1256 1910 servus

148 1927 239 2014 quod
265 1927 439 2012 proponit,
470 1927 665 1988 convincere
695 1949 761 1988 non
789 1925 949 2011 potuerit,
976 1927 1139 2012 ingenuus
1169 1931 1256 1992 idem

149 2010 384 2074 conscientiam
409 2032 497 2072 suam
521 2031 560 2072 ex
584 2010 629 2072 iet
651 2011 876 2089 sacramentis,
898 2031 931 2072 se
950 2011 1034 2073 nihil
1056 2011 1174 2074 horum
1191 2033 1255 2074 uu-

149 2091 195 2157 de*
211 2093 403 2180 appellatur,
425 2093 508 2156 scire
527 2034 582 2154 vei
600 2093 730 2172 habere,
745 2115 851 2176 neque
872 2093 986 2155 fecisse
1008 2095 1061 2157 vel
1081 2096 1153 2156 fieri
1166 2117 1257 2180 prae-

150 2175 286 2274 cepisse.
326 2177 368 2238 Et
389 2185 460 2258 post
479 2175 541 2238 tale
563 2173 812 2254 sacramentum,
834 2197 943 2238 servus
969 2199 1028 2260 pro
1055 2177 1175 2240 iniusta
1195 2200 1255 2262 pe·

149 2260 283 2340 titione,
317 2259 401 2320 sicut
422 2268 455 2320 et
475 2258 658 2342 ingenuus,
696 2281 889 2342 componere
914 2281 981 2320 nou
1012 2269 1165 2323 moretur.
1205 2261 1254 2322 Ne

148 2351 257 2404 tamen
279 2363 338 2428 pro
360 2341 473 2402 eadem
495 2341 725 2424 compositione
740 2343 825 2403 ultra
843 2343 979 2404 resultet
993 2341 1145 2406 dominus
1164 2343 1253 2406 eius=

148 2433 274 2486 tantum
297 2432 333 2484 ut
356 2423 383 2485 si
415 2422 521 2486 minor
542 2419 590 2484 est
610 2423 713 2503 actio,
735 2447 831 2567 cluam
854 2425 968 2487 decem
997 2426 1094 2488 solidi
1110 2435 1254 2570 possunt

148 2507 269 2586 valere,
289 2528 399 2568 servus
421 2504 661 2589 compositionis
681 2508 886 2570 metietatem
898 2553 908 2588 ,
929 2507 993 2570 hoc
1015 2517 1086 2587 est,
1132 2529 1191 2570 uos
1221 2515 1254 2570 et

145 2589 246 2654 'semis
266 2588 387 2650 solidos
408 2597 540 2674 cogatur
557 2592 732 2652 exsolvere.
774 2591 871 2670 Quod
898 2591 925 2652 si
953 2591 1043 2652 infra.
1056 2593 1092 2652 L.
1113 2589 1253 2652 milliare

149 2669 233 2736 servi
252 2671 419 2734 dominum
439 2694 506 2734 esse
532 2671 723 2749 constiterit,
745 2694 812 2735 non
833 2673 927 2736 aliter
944 2695 1052 2736 servus
1075 2672 1254 2758 ingenuum

149 2765 261 2840 petere
291 2755 426 2837 poterit,
459 2753 522 2815 nisi
550 2755 633 2816 sorte
658 2775 770 2839 perse
793 2756 944 2818 domiuus
972 2755 1043 2820 eius
1065 2755 1101 2816 in
1130 2757 1254 2818 iudicio

150 2840 260 2902 adesse
284 2858 350 2899 non
380 2838 501 2922 possit,
530 2846 563 2898 et
586 2839 626 2899 ad
647 2841 895 2921 proponendum
920 2861 1048 2900 aservo
1076 2841 1253 2923 negotium,

149 2922 317 3006 epistolam
338 2943 436 2982 manu
459 2941 517 2982 sua
540 2919 751 3004 subscriptam
772 2943 831 3006 per
845 2923 985 2987 eundem
1001 2943 1131 2983 servum
1152 2923 1253 2984 iudici

149 3002 365 3070 destinaverit.
401 3004 499 3082 Quod
513 3001 539 3062 si
558 3025 667 3070 servus
681 3003 803 3065 domini
821 3005 870 3067 sui
880 3026 1065 3088 proponens
1077 3004 1254 3088 negotium,

149 3097 205 3150 aut
227 3087 351 3164 fraude,
374 3093 429 3148 aut
450 3085 655 3171 negligentia,
671 3085 793 3148 domini
814 3089 865 3150 sui
885 3086 1046 3149 vitiaverit
1065 3086 1118 3147 vel
1143 3088 1256 3170 perdi-

149 3170 235 3234 derit
255 3191 413 3247 caussam,
439 3170 539 3232 liceat
566 3168 698 3230 domino
730 3169 811 3249 eius,
833 3171 970 3236 eandem
992 3169 1136 3234 vitiatam
1162 3191 1256 3231 caus-

149 3277 217 3318 sam
244 3263 300 3314 aut
319 3275 377 3336 per
399 3275 444 3330 se,
475 3261 529 3314 aut
548 3274 608 3335 per
629 3250 808 3336 legitimum
830 3253 1065 3316 mandatarium
1092 3273 1186 3312 suum
1202 3274 1256 3312 re-

148 3337 297 3415 volvere,
325 3345 358 3399 et
380 3335 560 3400 iustissimis
581 3336 698 3398 iterum
717 3336 852 3399 vocibus
874 3337 973 3422 partis
991 3356 1067 3400 suae
1088 3334 1257 3419 negotium

148 3435 307 3504 reparare.

458 3525 500 3594 X.
541 3545 603 3587 scs.
638 3545 704 3587 css.
738 3541 848 3588 ucles.
878 3543 948 3591 nnn.

149 3641 206 3704 De
227 3638 277 3702 leis
298 3640 353 3724 qui
372 3640 497 3720 negotio
527 3661 584 3701 suo
610 3641 690 3700 iuris
715 3639 906 3737 principalis
934 3650 1084 3724 appetunt
1112 3637 1259 3699 examine

145 3721 312 3806 finienda,
342 3736 373 3786 et
390 3736 503 3806 postea
523 3734 687 3784 renuentes
708 3735 792 3795 anter
812 3743 846 3782 sc
872 3723 954 3782 citra
972 3721 1150 3806 principale
1172 3718 1261 3780 iudi-

171 3807 254 3868 cium
274 3803 320 3868 ad
337 3803 755 3882 convenientiamredeunt,
778 3818 808 3866 et
838 3802 996 3888 'acificare
1015 3815 1231 3888 praesumunt.

231 3885 266 3950 Si
292 3897 405 3972 coepta
423 3886 633 3950 caussaotium
658 3885 786 3970 negotia
809 3826 989 3948 dirimentis
1016 3906 1082 3947 non
1107 3884 1262 3946 terminet

147 3968 287 4032 discreta
305 3991 462 4047 censura,
493 3990 557 4032 non
579 3971 683 4040 solum
704 3967 836 4031 difficile
860 3969 1013 4030 sedantur
1034 3966 1260 4030 altercantium

150 4052 271 4136 iurgia,
301 4051 358 4116 sed
383 4074 401 4111 a
429 4049 565 4114 diversis
591 4061 760 4130 quassatur
785 4049 962 4114 obiectibus
985 4051 1105 4112 iustitia
1125 4049 1261 4132 perqui-

148 4136 218 4198 sita.
260 4135 376 4198 Solent
396 4135 481 4196 enim
501 4132 670 4216 plerique,
694 4142 862 4216 postquem
890 4155 1020 4196 suarum
1039 4131 1261 4194 intentionum

149 4218 253 4302 iurgia
273 4216 445 4304 principali
464 4225 620 4303 appetunt
640 4214 971 4297 examiue'sin'ienda,
992 4215 1190 4300 quaudoque
1212 4233 1261 4276 re·
