2640 4838
410 283 787 346 numennumen-
1113 264 1197 346 ete

79 431 147 493 tum
167 425 364 495 tium-est
380 426 586 508 indieiila,
617 425 749 510 quando
779 424 888 488 fabula
917 425 1042 490 firmata
1067 425 1187 506 furuit,

79 524 114 576 et'
133 511 269 596 amplius
287 510 488 588 fideiussori,
522 517 576 570 aut
601 508 720 593 raptori
748 508 787 570 ab
808 508 877 592 ipso
898 530 1023 604 sponso·
1045 530 1104 570 suo
1133 530 1189 570 ea„
1291 527 1297 594 ζ

80 595 205 658 lumniu
226 613 295 656 nou
316 603 503 677 generetur,
532 593 591 657 sed
610 593 651 656 sit
671 590 731 654 sibi
752 599 922 656 contentus
943 591 1068 674 ruripse
1085 590 1189 674 dupla

81 676 325 762 compositione.
379 675 485 738 dodo.
506 676 537 737 5.
934 749 936 754 s
1113 733 1117 752 ,

74 791 77 794 -
164 759 299 830 exon,
338 755 373 821 Si
387 766 494 840 putea,
515 764 572 816 ant
587 755 704 834 frater,
725 753 972 836 autaliquem
988 755 1189 837 parentibus,

78 843 225 928 pueliam
240 839 480 922 sponsaverint,
503 846 535 900 et
554 837 719 920 posthaec
737 858 811 898 cum
824 839 889 900 alio
906 848 1060 900 extraneo
1082 838 1190 902 collu-

80 926 170 988 dium
185 921 343 1001 fecerint,
365 930 420 982 aut
437 921 584 982 fraudem
601 919 909 1000 commiserintcnm
923 920 1006 998 illo,
1035 922 1092 1002 qui
1118 941 1200 984 eam¹

79 1009 256 1082 violenter,
277 1003 416 1087 antipae
432 1001 654 1066 consentiente
675 1001 770 1069 ducat
789 1025 942 1066 uxorema
962 1011 1045 1065 tune,
1055 1003 1116 1087 ipsi
1131 1024 1201 1086 pu-¹

78 1100 207 1166 rentes,
228 1085 287 1168 qui
304 1085 489 1162 huiusmodi
513 1085 651 1148 colludii
670 1085 816 1148 fraudem
835 1084 1077 1165 consenseriut,
1099 1107 1190 1148 oom-

78 1179 203 1258 ponant
230 1189 366 1252 sponso,
399 1169 456 1254 qui
483 1191 554 1231 eam
583 1176 763 1250 sponsatam
789 1167 921 1246 hahuit,
964 1167 1063 1229 simili
1091 1167 1189 1232 modo

78 1275 236 1339 poenam,
270 1259 306 1312 ut
337 1255 432 1334 snpra
461 1250 495 1312 in
526 1250 662 1335 duplum
692 1259 829 1328 motam,
864 1271 947 1332 quae
977 1249 1063 1312 diota
1089 1248 1198 1315 fuerit.

78 1345 224 1420 ternpore
245 1335 495 1417 sponsaliorum
525 1342 557 1396 et
584 1344 658 1417 post
686 1332 769 1395 haee
798 1350 934 1416 sponsus
960 1333 1098 1416 amplius
1129 1331 1189 1392 nd-

78 1437 284 1562 versusleo3s,
306 1417 585 1480 aut'fideiussores
606 1429 741 1497 eorum,
772 1414 967 1479 calumniam
987 1435 1054 1478 non
1076 1413 1208 1500 requi-a«

78 1513 136 1566 rut.
216 1549 224 1566 .
266 1519 295 1565 o.
337 1551 346 1568 .
859 1505 867 1518 ·”

161 1501 335 1649 (ΙΧΟΙΙΙ.4
351 1579 386 1652 Si
402 1581 514 1678 puella
535 1579 636 1654 libera
657 1603 783 1645 servum
802 1579 946 1643 alienum
959 1577 1039 1640 foris
1055 1573 1199 1666 provin·¹

1 1677 2 1680 ’
79 1667 163 1729 ciam
195 1672 305 1728 secuta
330 1665 445 1744 iuerat,
480 1665 649 1747 requirant
674 1685 730 1728 eos
756 1664 891 1747 pariter,
924 1661 1074 1725 dominus
1104 1659 1189 1724 servi

79 1759 113 1811 et
140 1756 289 1832 parentes
317 1747 457 1829 puellae.
509 1749 551 1810 Et
574 1747 601 1810 si
628 1746 1027 1827 eosinveuerint,1,umbo
1049 1765 1190 1828 poenam

79 1829 226 1892 intrariae
245 1829 335 1890 iuxta
351 1830 457 1912 legem
479 1831 671 1893 sustineant:
701 1851 776 1892 nam
792 1831 887 1914 culpa
911 1827 1063 1908 domino,
1093 1825 1189 1892 ouius

80 1910 325 1992 servassent,
348 1932 414 1974 non
434 1913 627 1998 requiratur.
688 1912 733 1978 ll.
753 1933 836 1997 9³¹·
1058 1937 1060 1942 ’
1162 1961 1164 1967 a
1191 1933 1219 1968 κ

117 2031 123 2041 -
163 1991 318 2061 ὓΧῦΝ..
348 1993 382 2054 si
406 1995 478 2078 quis
500 2018 576 2057 eum
598 1994 718 2058 ancilla
742 1993 856 2077 gentili
879 1992 1057 2056 fornicatus
1077 1989 1188 2072 fuerit,

79 2085 253 2223 uolrrrponut
270 2076 405 2223 iiomino
422 2078 491 2142 eius
507 2078 627 2142 solidos
640 2081 712 2148 XX.
750 2080 793 2142 Et
813 2077 840 2140 si
861 2098 935 2139 cum
947 2078 1091 2154 Romana
1105 2073 1201 2143 xus

78 2159 139 2224 soi
164 2181 209 2222 os.
288 2162 367 2223 ,δι
390 2181 419 2224 2.
591 2157 593 2168 '
1010 2181 1013 2187 ·
1194 2177 1199 2189 ‘

163 2239 291 2304 CXCV.
331 2243 366 2304 Si
387 2243 462 2328 quis
482 2244 523 2306 de
545 2244 656 2329 puella
681 2243 803 2322 libera,
833 2249 887 2304 aut
907 2240 1064 2321 muliere,
1090 2259 1191 2304 mun-

80 2324 169 2388 dium
190 2324 222 2383 in
244 2333 401 2410 potestate
422 2324 565 2407 habens,
588 2337 724 2412 excepto
744 2335 835 2410 patre
857 2335 912 2388 aut
931 2325 1048 2401 fratre,
1070 2323 1101 2386 ei
1123 2323 1194 2386 erio'

79 2431 154 2469 meu
177 2407 334 2488 iniecerit,
358 2411 447 2490 quod
463 2411 688 2487 adulterasset,
709 2421 788 2472 tune
810 2410 933 2470 amittat
953 2407 1123 2477 mundium
1143 2405 1191 2490 ip-
1233 2443 1235 2448 ·

77 2491 312 2575 ampullae,
335 2501 368 2554 et
389 2492 446 2553 illa
465 2501 656 2577 potestatem
677 2493 793 2555 habeat
814 2513 888 2554 cum
908 2491 1005 2552 rebus
1026 2490 1091 2552 suis
1111 2483 1192 2572 pro·-¹

79 2573 175 2656 priis,
199 2575 225 2634 si
247 2576 332 2654 vult,
354 2571 394 2636 ad
414 2586 563 2658 parentes
583 2575 718 2655 reverti,
747 2575 864 2644 velud
886 2574 1016 2636 Curtem
1036 2574 1189 2656 Regissse

79 2657 315 2734 commendare,
337 2657 394 2752 qui
414 2658 581 2720 mundium
602 2658 672 2722 eius
691 2658 726 2720 in
747 2666 903 2742 potestate
926 2655 1040 2718 debeat
1058 2656 1188 2718 habere.

61 2741 120 2802 'Et
139 2738 231 2802 si'rir
248 2741 305 2802 ille
326 2741 390 2802 hoc
412 2740 533 2803 crimen
556 2740 674 2806 dixisse
697 2740 880 2824 negaverit,
903 2738 999 2799 liceat
1019 2737 1050 2800 ei
1071 2761 1104 2802 se
1148 2760 1190 2800 u-
1274 2743 1276 2748 '

77 2822 270 2972 Rideam&
290 2824 450 2910 potuerit,
470 2833 505 2886 et
523 2825 691 2888 mundium
711 2811 833 2910 ipsius,
859 2820 944 2886 sient
963 2821 1098 2904 hahuit,
1125 2763 1191 2884 Eass

101 2925 165 2968 ere.
263 2951 272 2968 .
297 2927 394 2970 11.1.

161 2990 323 3098 cxcvls,
348 3021 383 3084 Si
400 3018 473 3168 pluis
490 3020 658 3086 mundium
672 3019 711 3084 de
729 3021 865 3086 muliere
883 3021 1004 3100 libem,
1025 3028 1081 3082 eut
1092 3018 1190 3105 puel-

81 3101 130 3172 lu,
163 3100 197 3161 in
219 3099 380 3185 potestate¹
429 3105 546 3184 abens,
576 3116 712 3187 excepto
742 3117 831 3188 patre
863 3115 917 3168 aut
948 3106 1065 3180 fratre,
1099 3112 1132 3166 et
1152 3103 1188 3162 iu

80 3181 219 3244 unimam
240 3184 338 3268 ipsius
358 3187 487 3271 puellae
522 3197 577 3250 aut
603 3187 747 3253 mulieris
776 3188 946 3250 insidiatus
975 3185 1093 3264 fuerit,
1134 3191 1190 3244 ant

81 3265 135 3324 alii
158 3265 289 3327 invitam
310 3268 351 3329 ad
371 3271 519 3332 maritum
538 3269 725 3346 tradiderit,
747 3282 802 3334 aut
821 3271 1023 3348 volentibus,
1057 3268 1098 3332 ad
1119 3265 1189 3328 eius

80 3346 268 3409 violentiam
295 3351 494 3430 faciendam,
529 3373 723 3415 eonsensum
743 3353 910 3434 praebuit,
942 3361 997 3412 aut
1018 3348 1191 3412 eonsilium

82 3429 224 3508 dederit,
256 3442 288 3495 et
317 3437 485 3516 probatum
512 3436 627 3511 fuerit,
658 3429 780 3496 amittat
808 3435 976 3496 mundium
996 3435 1114 3516 ipsius,
1156 3438 1192 3492 et

82 3513 138 3573 illa
159 3523 347 3595 potestatem
367 3517 484 3579 habeat
517 3519 555 3579 de
586 3518 706 3580 duabus
727 3517 786 3590 viis
807 3516 970 3598 eligendi,
1002 3526 1039 3576 ut
1057 3516 1128 3577 uult
1148 3513 1191 3577 ad

81 3605 230 3678 parentes
250 3598 385 3678 reverti,
407 3610 460 3663 aut
481 3600 522 3661 ad
542 3601 675 3662 Curtem
695 3599 801 3682 Regis,
823 3621 897 3660 cum
917 3601 1013 3662 rebus
1034 3599 1099 3662 suis
1117 3617 1191 3680 pro*

81 3678 187 3762 priis,
211 3701 291 3764 quae
320 3683 361 3742 ad
387 3691 539 3766 eam'per
558 3683 663 3766 legem
707 3683 867 3760 ertinent,
898 3704 930 3744 se
953 3681 1190 3757 commendare,

82 3763 138 3843 quii
160 3761 329 3826 mundium
351 3763 418 3828 eius
440 3764 473 3825 in
494 3774 650 3848 potestate
681 3705 799 3826 iiabere
831 3763 954 3826 debeat.
1002 3765 1046 3825 Et
1076 3764 1103 3826 si
1131 3764 1191 3824 ille

81 3843 130 3904 vir
151 3845 214 3906 hoe
236 3847 357 3907 crimen
379 3847 558 3932 negaverit,
592 3847 688 3910 liceat
708 3847 738 3908 ei
767 3869 800 3909 se
821 3847 1009 3932 purificare,
1039 3855 1072 3909 et
1092 3861 1191 3908 mun-

83 3925 171 3988 dium
192 3929 261 3990 eius
282 3929 399 3992 habere
422 3939 583 4016 utsupra.
644 3932 696 3992 ΙΙ.1
712 3952 758 3992 11.
780 3951 810 3994 2.

150 4058 229 4098 roan.
283 4041 381 4098 Donno
414 4043 530 4104 Comes,
575 4045 640 4099 (iate
675 4045 739 4098 hiric
775 4042 885 4098 Mrdieri
911 4050 1038 4102 tutorem.
1097 4045 1190 4110 Deio,

83 4107 137 4167 die.
175 4114 270 4166 Derane
289 4114 401 4178 Censes,
420 4114 459 4166 ito
478 4113 546 4170 dicit
562 4115 663 4168 Mulier
680 4132 742 4168 cartu
760 4115 838 4174 Petro
856 4132 905 4168 suo
923 4108 1030 4201 tutore,
1044 4113 1119 4188 quod
1135 4111 1191 4186 iam

81 4179 239 4252 perplures
267 4183 341 4242 uices
366 4193 408 4238 est
432 4185 489 4256 ipsa
513 4183 589 4236 ruitis
608 4187 754 4240 inuissitato
776 4186 810 4236 de
831 4184 972 4237 Paislo'de
994 4185 1044 4238 tait
1061 4187 1124 4239 loco
1141 4189 1191 4240 suo

81 4249 269 4319 mundoaldo,
290 4253 365 4327 quod
381 4255 454 4311 misit
472 4255 498 4310 ei
517 4253 637 4323 crimen,
663 4255 738 4328 quod
757 4255 955 4322 statianam,
981 4261 1030 4312 sut
1045 4253 1192 4313 inuidiaeue
