2640 4838
442 259 610 316 enrcrru
646 258 825 314 nornmrs
1130 247 1203 322 703

147 406 231 461 ‘Petne
254 409 285 458 te
305 402 430 473 appellat
446 400 602 462 ‘Martinam
624 399 701 470 quod
722 413 792 469 pers
806 398 941 464 Publice,
955 400 1043 456 'ande
1059 404 1137 458 tues
1152 407 1207 460 na..

80 487 213 541 vocatus,
238 481 317 528 tenet
342 472 394 524 sibi
415 482 514 525 terrani
536 472 609 522 malo
633 470 728 522 ordine
749 471 778 521 in
799 470 862 523 loco
876 472 935 524 tali.
972 475 1034 543 lpsa
1058 485 1208 548 terrapros

32 597 34 610 ,
101 551 140 602 ria
162 555 206 599 est
225 545 260 596 de
276 551 355 615 parte
379 543 513 603 Publica,
536 541 571 592 de
592 549 669 611 parte
693 540 812 604 Donati,
849 542 897 613 qui
921 542 975 596 fuit
998 553 1120 598 mortuus
1145 549 1207 602 sine

79 570 239 676 heredibus.
277 615 369 680 „Non
389 613 584 667 fuitmortuus
604 613 662 662 sine
685 610 862 670 heredibua‘⁴
896 613 962 686 quia
987 631 1036 680 ego
1058 635 1119 668 suni
1140 637 1207 672 suns

80 682 179 746 heres.
205 687 279 740 Avus
300 701 377 738 meus
403 693 431 736 et
452 701 517 737 avus
534 699 600 733 suus
618 684 731 736 luerunt
749 681 916 740 consobrini.
959 685 1037 740 luret
1060 703 1124 741 cnm
1150 691 1206 744 suis

79 755 341 818 sacramentalibus,
376 754 451 824 quod
475 753 515 806 ita
539 751 581 802 sit.
1174 788 1176 799 .
1205 784 1208 789 ι

152 828 311 884 Secundum
337 824 426 878 asinos
445 824 485 877 ita
506 822 541 876 sit
556 821 701 893 placitum.
738 822 793 876 Sed
814 823 857 877 ita
879 841 938 878 esse
955 823 1047 882 debet
1070 827 1209 898 (coniec-

79 910 144 957 tura
163 895 326 964 stultitiae)
711 898 715 903 ’
946 926 948 932 ’
1182 923 1194 950 .=
1205 927 1210 948 ’-

152 971 234 1026 Patre
257 975 287 1020 te
308 965 432 1036 appellet
456 962 607 1027 Martinus,
639 963 714 1034 quod
742 969 828 1026 terra,
855 981 940 1033 quam
965 974 1044 1022 tenes
1065 977 1097 1022 et
1118 970 1209 1039 possis-

74 1043 130 1096 .des
157 1039 251 1094 intell
267 1039 349 1098 loco,
372 1053 420 1086 sua
439 1034 548 1105 propria
567 1043 616 1087 est.
654 1035 730 1104 Quid
755 1033 806 1086 tibi
831 1034 974 1104 pertinet?
998 1039 1039 1091 Ex
1066 1041 1225 1094 hereditas.

2 1135 3 1138 ¹
80 1123 111 1167 te
134 1129 169 1165 ex
193 1119 273 1181 parte
296 1106 437 1158 lobannis.
501 1105 637 1156 Iohannes
663 1105 732 1176 quid
762 1103 813 1157 tibi
839 1105 995 1174 pertinuit?
1026 1109 1059 1162 H.
1089 1113 1120 1164 Ρ,
1147 1111 1209 1165 suis

13 1207 15 1212 ·
81 1199 147 1236 suut
171 1186 279 1235 censet
295 1195 381 1230 meus.
437 1175 543 1239 „Patm
568 1190 663 1235 meua,
692 1181 758 1232 et“,
774 1184 852 1243 pater
869 1195 935 1230 suus
958 1175 1197 1240 fueruntfratres

81 1256 139 1322 Ego
160 1259 189 1302 et
215 1251 274 1308 ille¹
294 1248 396 1303 fuimus
420 1246 516 1302 fratres
542 1246 690 1316 patrueles.
727 1245 831 1300 Praebe
846 1245 1066 1316 sacramentum,
1099 1261 1132 1308 ut
1154 1253 1205 1320 ita·
1228 1260 1234 1270 '
1285 1314 1287 1317 f

81 1319 284 1393 sitparentela
302 1328 362 1378 tua.
946 1373 948 1379 ,
1193 1377 1195 1384 ,

153 1395 233 1450 Pctre
255 1399 285 1441 te
308 1384 437 1459 'appellat
460 1385 615 1452 Martinus,
645 1383 720 1456 quod
748 1393 837 1452 terra,
870 1405 952 1471 quam
974 1397 1052 1442 tenes
1071 1393 1208 1464 etpossi·

82 1461 131 1515 eles
154 1461 185 1512 in
217 1459 379 1522 taliloco,
425 1474 474 1508 sua
508 1456 615 1527 propria
641 1466 689 1508 est.
733 1457 807 1526 Quid
831 1456 884 1510 tibi
903 1459 1047 1528 pertinet?
1085 1461 1125 1514 Ex
1156 1463 1208 1516 be·

51 1561 54 1565 ν
81 1531 201 1584 reditate
227 1549 262 1584 ex
286 1539 363 1600 parte
376 1526 512 1580 lobannis.
550 1529 687 1579 lohannes
709 1527 774 1596 quid
795 1527 846 1580 trbi
864 1530 1007 1600 pertinuit.
1060 1531 1206 1588 A'nselmus

82 1603 136 1656 fuit
155 1620 220 1656 suus
242 1607 410 1669 atavushet
426 1615 512 1650 mens.
547 1597 652 1650 Tamen
671 1615 727 1648 non
749 1597 832 1652 debes
855 1617 917 1652 curn
943 1599 1101 1662 succedere.
1137 1605 1207 1658 Nam

84 1673 181 1728 Simon
205 1690 269 1724 suus
289 1670 342 1724 fait
359 1686 425 1723 arus
452 1671 480 1722 et
499 1685 587 1720 meus.
633 1669 735 1721 Paulus
760 1669 814 1722 fuit
831 1687 896 1722 suus
915 1682 994 1741 pater
1014 1683 1041 1728 et
1055 1690 1153 1738 meus..
1170 1676 1217 1730 Et>

83 1743 143 1815 ipse
164 1742 220 1797 fuit
241 1755 318 1796 meus
341 1739 431 1794 frater.
469 1739 504 1790 Et
524 1738 565 1790 ita
588 1755 648 1794 sum
666 1740 814 1810 proximior
836 1748 873 1793 te.
916 1742 1022 1795 Praebe
1050 1761 1207 1806 sacramen·

81 1823 159 1880 tum,
185 1821 217 1866 ut
238 1812 278 1864 ita
296 1810 332 1863 sit
354 1809 497 1881 parentela
523 1817 582 1862 tua.
1246 1812 1248 1815 ’

154 1885 233 1938 Petne
256 1892 285 1935 te
310 1881 434 1952 appellat
458 1879 595 1931 lohannes
619 1878 776 1932 advocatus
800 1899 833 1932 ex
863 1889 942 1949 parte
968 1881 1101 1953 publica,
1129 1885 1207 1954 quod

82 1965 171 2019 terra,
203 1968 286 2023 quam
311 1961 389 2009 tenes
412 1951 441 2002 in
465 1950 514 2002 tali
540 1950 622 2014 loco,
656 1961 697 2002 cst
723 1950 911 2019 reipublicae,
941 1953 1019 2004 cuius
1045 1963 1087 2006 est
1115 1956 1207 2008 Adro-

83 2035 169 2080 cntas.
206 2023 282 2093 Quid
306 2021 428 2092 pertinet
452 2021 488 2073 ad
511 2030 618 2089 partem
641 2020 718 2082 illam
749 2021 915 2074 Publiceni?
954 2022 994 2074 Ex
1014 2035 1091 2092 parte
1109 2026 1206 2078 iacobi

32 2119 34 2126 ¹
83 2095 132 2167 qui
151 2093 420 2153 fuitmortuussine
446 2091 603 2144 heredibus.
659 2093 723 2146 Non
751 2093 805 2146 suit
829 2101 952 2144 mortuus
976 2095 1034 2146 sine
1057 2094 1207 2152 heredibus

82 2184 146 2220 nam
166 2182 231 2219 avus
249 2171 367 2216 incuset
389 2180 454 2214 avus
471 2181 535 2214 suus
552 2163 664 2216 fuerunt
683 2162 786 2216 fratres.
817 2165 897 2220 Pater
912 2181 988 2225 meris
1003 2173 1125 2236 etpater
1140 2185 1206 2224 suus

84 2238 197 2290 fuerunt
215 2233 310 2289 fratres
338 2233 484 2304 patrueles.
521 2231 576 2298 Ego
595 2232 698 2303 etipse
718 2233 819 2286 fuimus
842 2233 953 2286 sobrini.
991 2233 1099 2290 Praebe
1117 2253 1208 2290 sacra·

84 2316 229 2368 mentum,
251 2315 283 2358 ut
306 2304 347 2356 ita
371 2305 407 2357 sit
428 2305 570 2374 parentela
596 2312 651 2354 tua.
833 2348 834 2351 ,

155 2378 235 2428 Petre
261 2375 403 2428 Advocate
438 2373 609 2443 reipublicae
633 2384 663 2426 te
694 2371 990 2443 appellatrThomas,
1013 2377 1089 2446 quod
1114 2385 1204 2441 terra,
1255 2426 1258 2431 .

85 2463 168 2516 quam
192 2462 253 2514 pars
274 2444 390 2497 Publica
419 2453 498 2496 tenet
521 2443 550 2495 in
576 2443 626 2494 tali
644 2444 736 2506 loco,
757 2462 805 2495 sua
837 2453 885 2496 est.
923 2446 998 2517 Quid
1021 2447 1143 2517 pertinet
1158 2447 1207 2500 ei?

83 2517 125 2569 Ex
145 2526 223 2587 parte
243 2515 321 2568 Pauli
346 2517 389 2568 sui
413 2514 527 2572 sobrini.
570 2512 673 2566 Praebe
691 2523 908 2581 sacramentum,
936 2526 972 2570 ast
996 2517 1037 2570 ita
1055 2519 1095 2584 sit
1109 2532 1209 2590 paren-

82 2589 140 2642 tela
165 2596 222 2640 tua.

151 2659 204 2711 vel
217 2656 272 2710 ita:
297 2657 363 2728 quia
385 2672 466 2708 nemo
483 2653 680 2717 hereditatem,
702 2652 747 2710 vel
767 2651 901 2716 bonorum
922 2655 1119 2724 possessionem
1141 2657 1214 2738 olinp

81 2725 214 2780 habebat.
251 2728 287 2782 Et
307 2727 327 2778 si
343 2726 463 2781 intentio
487 2725 571 2776 fuerit
602 2735 697 2778 contra
725 2725 851 2789 Cortem,
877 2727 1209 2797 tuncpracbeat‘sacra-

83 2809 224 2860 mentum,
249 2799 323 2868 quod
341 2799 380 2849 ita
400 2797 436 2850 sit
460 2814 509 2847 sua
530 2798 679 2865 parentela.
733 2800 735 2806 '
1208 2839 1209 2846 ,

155 2885 246 2920 enoss.
285 2871 314 2922 Si
337 2868 398 2938 quis
418 2866 610 2934 Longobardus
636 2867 781 2919 intestatus
806 2863 924 2919 moriens
947 2868 1091 2940 reliquerit
1117 2869 1206 2922 filium

83 2939 220 2992 vel-filios
237 2939 383 3006 legitimos,
411 2939 468 3009 ipse
493 2940 538 2991 vel
561 2937 612 3006 ipsi
640 2938 669 2988 in
695 2954 803 2990 ornnem
825 2936 1017 2993 substantiam.
1042 2939 1205 2992 succedant.

85 3009 115 3060 Si
141 3009 171 3061 in
205 3012 287 3064 sacris
310 3010 427 3081 patris,
467 3017 495 3060 et
518 3008 568 3060 filii
597 3006 712 3060 familias
737 3009 805 3060 alter
823 3007 896 3061 filius
918 3009 1036 3062 familias
1064 3017 1148 3062 erant.
1170 3009 1208 3064 At

85 3079 108 3130 si
136 3097 207 3132 unus
235 3082 424 3152 emancipatus
450 3089 525 3142 erat,
564 3087 591 3130 et
622 3079 693 3130 lilius
719 3076 836 3128 familias
866 3079 953 3140 alter,
983 3082 1056 3141 filius
1088 3080 1206 3150 familias
1252 3144 1255 3149 ν

83 3157 193 3211 tantum
211 3152 360 3218 succedat,
381 3152 532 3203 secundum
557 3149 689 3218 quosdam
707 3147 817 3218 utrique
835 3151 994 3202 succedant.
1033 3151 1060 3202 Si
1075 3168 1140 3203 vero
1157 3167 1208 3202 ne-

86 3227 164 3289 potes
188 3228 307 3284 tanturn,
331 3221 377 3274 vel
402 3229 515 3290 neptes,
535 3220 581 3273 vel
599 3219 740 3288 deinceps
754 3215 861 3288 aliquid
879 3235 912 3272 ex
929 3229 1007 3291 parte
1024 3221 1143 3273 filiorum
1159 3220 1209 3273 de-

86 3291 244 3342 functorum
263 3291 420 3361 superstites
444 3291 564 3354 luerint,
594 3289 718 3341 similiter
740 3287 899 3342 succedant.
935 3293 972 3342 At
995 3290 1017 3344 sl
1043 3292 1141 3355 filiurn,
1160 3292 1207 3344 vel

88 3360 172 3422 filios,
203 3371 231 3413 et
248 3371 373 3431 nepotes,
394 3362 439 3413 vel
461 3369 573 3430 neptes,
594 3361 638 3411 vel
662 3361 792 3430 deinceps
810 3359 931 3428 aliquem
955 3371 1089 3430 exparte
1115 3361 1206 3425 alterii

87 3430 228 3485 fililolim
248 3432 381 3494 defuncti,
401 3449 449 3503 pro
468 3431 539 3483 virili
553 3431 688 3500 portione,
707 3431 752 3480 trel
767 3430 796 3480 in
805 3429 915 3498 stirpem
938 3449 1030 3484 omncs
1045 3433 1206 3486 succedant.
1278 3475 1280 3480 ,

87 3500 172 3570 Quod
194 3501 216 3553 si
236 3503 323 3554 filium
345 3503 390 3556 vel
418 3501 500 3563 filios,
521 3509 549 3554 et
573 3501 658 3552 filiam
679 3502 724 3553 vel
750 3499 819 3551 filias
840 3503 999 3572 reliquerit,
1020 3503 1070 3553 filii
1096 3511 1207 3555 tantum

86 3572 246 3625 succedant.
286 3571 313 3624 Si
329 3591 394 3626 vero
418 3573 514 3634 filiam,
542 3579 570 3623 et
587 3579 715 3642 nepotes,
733 3571 778 3624 vel
799 3581 913 3641 neptes,
932 3574 976 3625 vel
1003 3573 1131 3645 deinceps
1156 3574 1209 3625 ali-

85 3661 168 3712 quem
187 3660 221 3694 ex
246 3652 323 3712 parte
348 3644 398 3695 filii
421 3641 547 3694 defuncti
573 3641 732 3712 reliquerit,
763 3642 915 3710 aequaliter
938 3645 1099 3696 succedant.
1138 3645 1213 3708 Sed,

84 3721 116 3764 ut
135 3714 181 3764 alii
209 3713 318 3776 dicunt,
344 3723 478 3784 nepotes,
505 3713 550 3763 vel
569 3722 664 3783 neptes
691 3731 724 3763 ex
744 3720 821 3781 parte
839 3713 887 3765 filii
915 3723 1026 3768 tantum
1045 3715 1208 3780 succedant.¹

80 3783 208 3852 Quodsi
227 3785 329 3846 filiam,
371 3786 416 3838 vel
439 3781 585 3852 nepotem,
621 3784 666 3836 vel
686 3791 796 3854 neptem
819 3801 853 3836 ex
877 3794 955 3854 parte
978 3785 1052 3838 filiae
1071 3783 1135 3839 olim
1158 3787 1208 3838 de-

84 3851 198 3906 functae
213 3854 369 3925 reliquerit,
389 3856 446 3907 lilia
463 3861 571 3907 tanturn
590 3853 741 3918 succedat,
760 3854 808 3905 sed
826 3865 858 3908 ut
873 3856 920 3907 alii
938 3857 1037 3910 dicunt
1053 3853 1208 3928 aequaliter

84 3926 245 3977 succedant.
284 3927 337 3984 Sed
352 3925 374 3976 si
395 3936 528 3996 nepotes,
553 3925 597 3976 vel
614 3934 725 3994 neptes,
749 3925 794 3978 vel
810 3927 940 3996 deinceps
961 3927 1060 3998 aliquis
1076 3925 1109 3980 ex
1127 3936 1206 4000 parte

84 3995 135 4045 lilii
153 3996 206 4046 iam
225 3995 364 4058 defuncti,
385 4006 414 4048 et
430 4003 559 4065 nepotes,
580 3995 740 4064 velneptis,
759 3995 804 4050 vel
814 3997 944 4066 deinceps
963 3997 1062 4068 aliquis
1077 4017 1111 4051 ex
1127 4007 1206 4070 parte

84 4064 160 4116 filiae
177 4067 231 4117 iarn
249 4066 397 4120 defunctae
415 4066 572 4136 superstites
589 4067 706 4128 fuerint,
726 4079 857 4136 nepotes,
876 4070 921 4122 vel
937 4067 1032 4140 neptis
1043 4079 1151 4123 tantum
1170 4083 1206 4123 ex

84 4144 162 4204 parte
186 4137 235 4188 filii
253 4155 304 4189 aso
329 4156 378 4190 suo
394 4139 556 4191 succedant.
593 4137 620 4188 Si
641 4154 705 4189 vero
725 4149 856 4206 nepotes,
883 4141 928 4192 vel
951 4149 1065 4216 neptes,
1091 4149 1207 4212 nepotes
1228 4173 1230 4176 ·

84 4212 194 4258 tanturn
212 4209 373 4264 succedant.
409 4209 480 4270 At'si
497 4212 605 4258 tantum
622 4205 725 4270 filiam,
751 4211 796 4264 vel
817 4211 906 4275 filias,
934 4213 982 4276 rel
996 4205 1104 4264 tantuin
1120 4205 1208 4286 nr'p'o'·
1258 4219 1260 4232 '

84 4283 143 4338 tes,
161 4276 207 4331 rel
224 4275 374 4350 nepter‘ex
388 4289 466 4353 parte
484 4281 601 4332 filiarum
616 4277 764 4344 dimiserit,
794 4289 827 4335 ut
842 4281 892 4334 lilii
907 4283 1073 4358 masculini,
1091 4286 1137 4340 vel
1159 4280 1209 4338 de*-
