2684 4868
315 265 421 322 assis
439 267 728 324 wlsmoraonun
746 270 811 328 cn.
830 271 893 328 vn.
912 271 985 330 nr.
1003 274 1025 324 ι.
1145 259 1220 334 559

102 410 261 487 testibus,
283 409 403 492 quibus
421 409 538 472 merito
563 409 642 473 fides
663 410 763 493 possit
781 409 946 494 adhiberi,
968 414 1054 498 apud
1076 416 1219 484 iudicem

101 495 252 582 potuerit
266 492 459 638 approbare,
491 494 580 574 quod
597 494 822 576 parricidium,
845 496 922 557 dum
940 498 1101 581 propriam
1119 501 1220 567 vitam

101 585 239 655 tuetur,
261 597 279 634 a
303 573 446 654 miserit,
468 596 600 638 securus
627 575 796 656 abscedat,
818 601 879 640 nec
894 581 999 642 ullum
1022 582 1108 645 vitae
1130 587 1220 667 peri·

103 661 239 737 culum,
280 667 335 719 uut
360 657 528 740 dispendia
548 659 761 740 facultatum,
796 662 847 723 vel
873 672 1034 726 tormenta
1055 667 1218 748 formidet,

103 743 167 804 illa
184 741 377 804 discretione
395 751 535 822 servata,
557 763 639 827 quae
658 741 693 804 in
713 744 840 806 cunctis
855 747 980 810 casibus
1000 755 1048 812 est
1064 747 1103 811 de
1116 748 1220 812 homi-

102 824 202 889 cidiis
224 823 410 891 constituta.

411 937 487 1004 XX.
527 964 589 1007 ans.
619 965 682 1007 crs¹
713 966 799 1014 nens.
826 969 897 1014 nux.

243 1023 281 1085 Si
302 1045 412 1085 servus
432 1044 554 1084 servum
575 1029 699 1089 casibus
717 1031 923 1114 praescriptis
944 1030 1079 1100 occidat.

190 1106 225 1169 Si
242 1108 368 1170 cunctis
384 1109 607 1192 suprascriptis
624 1111 748 1172 casibus
758 1157 773 1196 ,A
789 1133 899 1175 servus
914 1137 1042 1177 servum
1060 1115 1215 1181 occidisse

103 1187 288 1272 detegitur,
310 1211 438 1252 omnem
458 1191 699 1275 compositionis
715 1215 888 1274 summam,
910 1220 993 1279 qnae
1012 1198 1051 1260 de
1067 1221 1143 1263 casu
1159 1199 1217 1263 tali

102 1283 156 1336 est
183 1273 346 1334 occisione
375 1280 499 1352 taxata,
533 1274 618 1338 servi
646 1275 795 1339 dominus
824 1300 863 1340 ex
889 1281 1060 1343 medietate
1083 1282 1217 1345 domino

103 1355 194 1421 servi
212 1355 383 1436 persolvat.
424 1354 523 1433 Quod
538 1357 565 1420 si
582 1379 642 1444 pro
661 1382 698 1422 ea
717 1360 901 1438 satisfacere
922 1370 1126 1444 contemnat,
1148 1387 1216 1428 ser-

102 1460 187 1506 vum
204 1438 274 1500 sine
295 1438 394 1501 dubio
413 1439 527 1502 medat.

263 1623 340 1688 ΠΒ.
362 1617 440 1687 Vll.
480 1621 539 1686 DE
561 1620 715 1686 FURTIS
736 1623 793 1684 ET
814 1625 1049 1694 FALLACIIS.

366 1765 457 1836 ΤΙΤ.
482 1765 513 1842 Ῑ.
564 1765 624 1837 De
649 1767 833 1838 Indicibus
856 1768 958 1840 furti.

244 1896 270 1962 1.
312 1895 362 1958 De
383 1895 508 1970 indice,
532 1897 633 1957 ethis
654 1917 734 1979 quae
755 1896 898 1962 indicare
920 1898 1079 1965 dicuntur.

189 1979 296 2044 Iudex
318 2001 411 2041 reum
431 1977 489 2062 qui
517 1988 685 2041 accusatur
712 1989 805 2041 antea
837 2002 901 2043 non
927 1989 1090 2065 torqueat,
1118 2008 1217 2070 quam

107 2064 165 2127 ille
189 2061 248 2146 qui
277 2071 421 2140 accusat,
455 2062 481 2125 si
511 2062 653 2123 indicem
682 2073 886 2158 praesentare
912 2066 1072 2146 noluerit,
1100 2091 1133 2130 se
1157 2093 1216 2154 per

105 2147 262 2233 placitum
282 2147 381 2207 trium
400 2145 531 2209 testium
550 2145 755 2208 roboratione
787 2145 946 2207 firmatum
968 2169 1005 2210 ea
1027 2151 1216 2216 conditione

107 2230 324 2311 constringat,
351 2237 388 2288 ut
414 2229 441 2290 si
463 2227 565 2311 isqui
586 2237 751 2292 accusatus
779 2237 843 2309 est,
884 2231 1061 2294 manifestis
1087 2232 1217 2299 indiciis

107 2315 268 2374 innocens
295 2311 540 2394 comprobatur,
578 2311 645 2395 ipse
672 2333 829 2395 poenam,
863 2334 959 2396 quam
985 2313 1041 2375 alii
1064 2315 1216 2397 intendit,

107 2395 262 2478 excipiat:
295 2404 329 2456 et
355 2403 460 2456 tamen
492 2403 660 2476 postquam
687 2393 874 2455 innocentia
901 2397 1043 2478 patuerit
1065 2402 1218 2479 accusati,

106 2486 274 2540 accusator
292 2477 434 2538 aiudiee
457 2477 683 2561 distringatur,
706 2486 742 2538 ut
763 2497 821 2560 pro
842 2481 1044 2561 agnoscenda
1063 2482 1113 2543 rei
1133 2485 1217 2547 veri·

105 2570 191 2635 tate,
213 2559 354 2622 indicem
378 2568 559 2643 praesentet
580 2561 710 2624 invitus.
764 2563 870 2636 Quem
895 2561 922 2622 si
938 2569 1143 2646 praesentare
1162 2589 1218 2634 ne·

105 2642 279 2728 quiverit,·
293 2645 405 2704 saltem
424 2643 497 2724 quis
514 2643 555 2703 sit
577 2665 616 2704 ex
637 2642 766 2704 nomine
783 2643 982 2723 manifestet,
1005 2655 1040 2706 nt
1053 2648 1218 2713 districtus

104 2749 126 2788 a
147 2725 256 2787 iudice
275 2746 352 2790 vera
375 2725 544 2787 convincat
567 2747 634 2786 esse
649 2746 731 2807 quae
751 2725 917 2793 indicavit.
966 2730 1063 2807 Quod
1089 2731 1116 2791 si
1142 2753 1217 2796 eum

105 2809 174 2894 ipse
190 2809 289 2870 index
304 2830 363 2891 per
376 2807 512 2870 alicuius
525 2808 665 2891 potentis
679 2808 902 2871 defensionem
917 2820 973 2872 aut
988 2814 1216 2895 patrocinium,

103 2914 163 2955 seu
190 2900 279 2952 metu
299 2892 407 2974 regiae
424 2891 587 2973 potestatis
612 2891 802 2953 discussioni
821 2913 896 2954 suae
922 2905 1127 2977 praesentare
1147 2919 1215 2958 non

104 2974 264 3058 potuerit,
296 2975 334 3036 ad
359 2974 480 3056 regiam
502 2973 536 3035 id
559 2974 800 3057 cognitionem,
825 2975 852 3037 si
871 2997 971 3058 prope
991 2987 1055 3054 est,
1087 2978 1215 3042 deferre

102 3067 274 3139 procuret:
308 3057 334 3119 si
360 3066 465 3118 autem
489 3057 585 3139 longe
612 3067 679 3134 est,
708 3057 867 3140 Episcopo
891 3062 942 3120 vei
965 3059 1067 3121 iudici
1087 3082 1214 3123 renun-

104 3140 179 3218 tiet,
200 3150 237 3201 ut
256 3161 368 3201 eorum
384 3140 487 3201 maior
501 3139 689 3215 auctoritas,
709 3139 798 3202 hunc
814 3140 936 3202 iudicio
951 3141 1048 3202 faeiat
1061 3164 1212 3224 praeseu-

103 3223 174 3284 tari.
216 3222 314 3300 Quod
335 3223 362 3284 si
382 3222 565 3306 neglexerit
584 3221 753 3300 nuntiare,
777 3224 815 3285 de
829 3223 957 3305 propria
973 3223 1090 3286 iudicis
1107 3227 1214 3288 facul·

102 3312 186 3385 tate,
216 3325 310 3367 omne
331 3306 419 3388 quod
440 3305 554 3388 periit,
584 3305 671 3367 iussu
691 3304 853 3389 Principis
873 3307 928 3367 vel
943 3306 1096 3392 Episcopi
1114 3317 1211 3391 atque

102 3386 239 3465 iudicis,
262 3388 445 3469 querelanti
464 3387 661 3450 restituatur.
702 3389 809 3451 index
829 3397 934 3450 autem
956 3390 1068 3452 sinon
1094 3400 1213 3473 potue-

101 3470 146 3530 rit
165 3471 301 3554 probare
316 3471 405 3552 quod
424 3470 597 3549 indicavit,
625 3492 684 3553 pro
710 3473 797 3533 omni
817 3472 1033 3534 satisfactione
1062 3483 1213 3534 teneatur

103 3553 273 3619 obnoxius.
316 3555 413 3632 Quod
439 3555 465 3616 si
492 3575 601 3616 rerum
629 3575 739 3616 caussa
763 3555 892 3637 grandis
921 3565 986 3632 est,
1017 3556 1043 3616 si
1066 3556 1093 3632 t)
1116 3556 1211 3639 inge·

102 3656 189 3712 uuus
211 3644 275 3714 est,
298 3658 371 3698 cnm
388 3636 519 3699 infamia
539 3637 771 3720 novecuplam,
801 3659 912 3701 servus
928 3659 1006 3698 vero
1025 3640 1212 3720 sexcuplum

101 3719 369 3802 compositionem
395 3721 559 3798 exsolvat,
595 3729 626 3781 et
655 3729 786 3782 centum
811 3720 946 3803 insuper
971 3718 1099 3804 flagella
1124 3722 1212 3784 idem

32 3797 38 3810 ’
101 3821 214 3864 servus
236 3801 381 3885 accipiat.
436 3802 533 3881 Quod
562 3801 589 3864 si
620 3801 706 3863 idem
732 3801 893 3886 ingenuus
921 3804 1009 3865 unde
1040 3813 1212 3889 componat

101 3903 166 3944 non
184 3884 353 3961 habuerit,
376 3893 408 3946 et
429 3887 460 3947 ei
481 3905 578 3967 quem
598 3884 752 3946 infamare
774 3885 926 3963 tentavit,
950 3895 982 3947 et
1004 3887 1033 3949 ei
1056 3888 1212 3950 enimen-

99 3965 177 4027 titns
199 3973 261 4045 est,
292 3968 413 4051 pariter
431 3967 610 4032 serviturus
629 3968 783 4032 tradatur.
831 3969 951 4032 Servus
973 3991 1052 4032 vero
1073 3970 1101 4033 si
1122 3991 1212 4032 com·

136 4210 142 4223 ⁸
169 4139 192 4210 t)
209 4140 255 4192 Al·
274 4157 321 4192 ms·
353 4140 434 4223 Quod
456 4149 482 4200 si
505 4154 707 4200 rerum‘causa
725 4155 781 4206 est,
812 4154 838 4200 et
862 4144 889 4197 si
906 4156 955 4198 etc.
977 4143 1057 4200 Lind.
1091 4141 1170 4214 Quod
1186 4146 1212 4199 si

100 4225 141 4263 rea
159 4227 246 4264 eausa
264 4224 318 4272 esa,
336 4229 361 4263 ss
379 4223 434 4266 esci
