2648 4874
126 253 222 356 ⁴th
323 265 453 330 ,naurs
464 256 843 334 urstsot‘notuit‘mt.
861 259 899 334 π’.
917 273 989 334 ur.
1005 281 1040 338 v.

92 419 94 430 '
129 414 247 480 <baur
258 409 692 500 &dedentgflfflorum'bod
711 424 824 480 tenore
847 416 1005 502 descripta
1025 407 1235 482 ordinabunt:

78 524 83 533 ·
129 495 423 580 uluillerquitpltls
443 500 579 562 nannete
596 493 656 584 'per
677 502 853 584 scripturae
879 501 1004 579 seriem,
1026 516 1124 583 quam
1141 525 1248 584 opor-.

128 576 588 665 tuit,·huu·aptam·aeetpiar
606 582 695 664 quod
721 584 891 644 auctoritas
915 583 996 666 legis
1019 583 1234 662 demonstrat,
1275 659 1277 666 Ι

130 663 389 745 etermiqwbi
414 667 539 750 quibas
560 665 704 749 legitime
729 666 915 746 debentur,
951 667 1060 750 rigore
1093 666 1254 746 iustitiae.

130 751 381 843 comqtutn'lur·
450 783 452 790 ·

423 892 479 962 Xl·
538 914 602 958 ras.
643 913 707 959 css.
748 915 835 961 aens.
875 902 944 959 aar.

133 1008 225 1103 Quae
254 1009 430 1094 scripturae
454 1009 563 1072 ualere
580 1023 754 1094 poterant,
784 1011 814 1070 si
837 1009 878 1073 ab
898 1013 947 1072 bis
968 1007 1080 1092 sactae
1096 1009 1235 1096 suerint,

330 1094 386 1172 qui
407 1103 479 1153 sunt
504 1094 538 1152 in
559 1095 650 1154 annis
672 1093 843 1154 minoribus
869 1095 1039 1157 constituti.
1225 1095 1227 1099 ’

215 1172 255 1236 ln
276 1170 455 1238 minoribus
477 1173 570 1236 annis
591 1175 769 1252 constituti,
791 1175 817 1236 si
846 1176 958 1238 testari
978 1175 1018 1237 de
1042 1175 1140 1239 rebus
1160 1177 1236 1254 suis,

131 1253 284 1320 rebellas
312 1276 522 1340 quascunque
546 1257 752 1320 definitiones
773 1258 900 1333 facere,
928 1280 985 1319 seu
1011 1279 1071 1342 per
1097 1259 1235 1342 scriptu-

131 1351 216 1417 ram,
232 1339 303 1401 ¹siue
326 1359 385 1422 per
413 1338 568 1402 idoneum
589 1347 726 1418 testem,
756 1339 792 1402 in
819 1341 1067 1424 quibuscunque
1088 1342 1236 1424 personis

132 1422 303 1504 elegerint,
328 1423 414 1483 infra
439 1431 589 1504 quartum
608 1423 771 1490 decimum
795 1416 915 1484 aurium
947 1445 1014 1484 non
1048 1423 1116 1486 illis
1143 1425 1237 1484 aliter

132 1504 268 1569 li'nenti‘a
289 1506 366 1581 erit,
396 1505 459 1570 nisi
480 1499 946 1590 gravis'languoroccurrerit,
973 1527 1033 1590 per
1059 1529 1158 1588 quem
1182 1526 1237 1568 eos

131 1590 265 1652 fortasse
295 1587 377 1670 rpori
401 1588 540 1671 suspicio
556 1589 620 1651 sit.
679 1586 775 1666 Quod
800 1588 827 1658 si
858 1610 913 1652 eos
941 1589 1113 1650 necessitas
1140 1589 1237 1650 huius

133 1674 263 1734 caussae
299 1671 547 1753 compresserit,
576 1671 721 1754 utrisque
752 1692 770 1729 a
800 1671 926 1744 decimo
953 1671 1064 1732 aetatis
1094 1673 1237 1756 ipserum

132 1765 225 1814 autre¹
241 1754 383 1817 metendi
414 1753 502 1836 quod
522 1753 684 1817 voluerint
704 1751 837 1816 libertas'
852 1753 950 1839 plena
967 1754 1117 1817 manebit.
1141 1753 1237 1833 Quod

132 1837 160 1898 si
177 1836 229 1902 ²21)
251 1836 450 1920 aegrltudine
479 1838 703 1899 convalescere
725 1837 900 1932 potuerint,
928 1835 1088 1922 quidquid
1108 1859 1163 1899 eos
1184 1857 1237 1896 or-

134 1919 273 1983 dilatae¹¹
286 1919 489 1996 constiterit,
520 1929 624 1982 totum
643 1919 821 1984 invalrdnm
845 1916 931 1980 erit:
960 1919 1064 1980 donec
1092 1928 1147 1980 aut
1166 1939 1238 1981 rur·

133 2009 195 2078 stre³
211 2010 413 2084 aegrotantes
435 2001 553 2073 iterum
576 2024 659 2085 quae
681 2003 907 2064 ordinaverant
933 2022 1015 2074 nora
1033 2002 1237 2080 ordinatione

132 2085 331 2164 reforment,
351 2092 407 2146 aut
426 2085 593 2151 venientes
622 2106 724 2166 usque
753 2085 793 2146 ad
816 2086 951 2168 plenum
972 2093 1122 2166 quartum
1148 2082 1238 2146 deci-

133 2177 225 2227 mutn‘
249 2173 369 2229 annum
393 2167 600 2232 in'omnihus
626 2167 795 2230 iudicandi
817 2169 856 2229 de
885 2168 981 2229 rebus
1015 2166 1084 2244 suis⁴
1102 2167 1238 2240 liberam

132 2249 273 2317 habeant
295 2252 544 2334 ‘absolutamque
574 2249 748 2316 licentiam.
790 2251 839 2312 Ab
862 2248 1008 2312 infantia.
1030 2255 1105 2310 vero
1125 2251 1177 2312 rel
1203 2247 1236 2314 in

133 2331 280 2416 qualibet
299 2337 406 2398 'aetate
430 2334 596 2396 dementes
621 2331 736 2408 effecti,
773 2339 805 2394 et
831 2333 864 2396 in
889 2353 928 2395 eo
946 2331 1023 2396 vitio
1046 2333 1165 2415 absque
1183 2331 1237 2390 inu

131 2415 335 2478 termissione
365 2416 526 2498 temporis.
545 2423 769 2498 permanentes
782 2418 808 2495 ,'
826 2436 887 2475 nec
915 2415 1138 2492 testimonium
1161 2413 1237 2474 red-

133 2498 230 2575 dant,
252 2514 315 2558 nec
334 2494 372 2558 si'
388 2517 485 2580 quam
504 2499 589 2562 forte
612 2498 812 2561 voluntatem
835 2497 1010 2573 ediderint,
1036 2497 1160 2558 nullam
1177 2518 1238 2580 por·

121 2581 210 2644 derit
228 2580 416 2640 tfirrnltate‘m
438 2579 566 2644 habere.
615 2581 696 2641 Nam
718 2580 745 2641 si
777 2601 836 2664 per
860 2579 1030 2646 intervalla
1048 2590 1237 2664 temporum

131 2662 357 2724 rel‘horarum
381 2663 516 2724 salutem
531 2659 685 2729 videntur
702 2663 860 2749 recipere,
881 2670 913 2723 et
930 2656 1055 2746 integra
1075 2663 1239 2744 interdurn

132 2751 242 2807 mente
263 2746 447 2832 persistere,
469 2747 509 2810 de
533 2746 599 2813 suis
624 2745 709 2811 ferre
727 2745 886 2811 iudicium
905 2743 1071 2830 prohiberi
1094 2767 1160 2813 nnn
1178 2766 1241 2834 pu·

131 2835 256 2895 terum

413 2941 491 3012 ΧΠ.
551 2965 616 3016 sus.
656 2967 723 3013 cns.
763 2966 851 3009 acus.
890 2965 973 3012 aas..

176 3059 468 3156 perlicereonfiet
488 3061 538 3126 rel
548 3059 688 3150 firmari
704 3062 866 3124 'conveniat
890 3060 1017 3123 ultimas
1037 3056 1200 3127 dominam

592 3145 774 3210 voluntates.
1071 3161 1074 3166 ·
1113 3197 1116 3206 .

169 3257 173 3277 ι
213 3225 425 3288 Morientinm
449 3235 592 3298 extrem
605 3227 770 3302 voluntas,
790 3225 856 3288 sive
878 3226 920 3287 sit
950 3221 1088 3286 auctoris
1117 3228 1150 3281 et
1167 3227 1238 3289 ‘tee-

92 3375 95 3378 .
133 3308 217 3371 tium
243 3329 341 3372 mana
359 3311 549 3394 subscripta,
571 3310 637 3373 sive
659 3317 867 3391 utrarumque
890 3307 1030 3392 partium
1056 3302 1156 3388 signis
1180 3324 1237 3362 ex-

133 3391 238 3454 titerit
258 3393 416 3471 roborata,
439 3415 498 3456 seu
520 3392 669 3460 etiamet
689 3392 717 3453 si
738 3402 852 3453 auctor
874 3390 1074 3458 subscribere
1100 3385 1151 3446 vel
1173 3385 1238 3466 sig-

136 3496 216 3534 num
236 3476 342 3537 facere
362 3497 429 3537 non
452 3477 646 3560 praevaleat,
664 3475 764 3537 alium
784 3483 892 3536 lamen
910 3495 984 3534 curn
1001 3467 1154 3554 legitimis
1172 3477 1238 3527 tes-

134 3558 222 3618 tibus
244 3558 492 3642 subscriptorem
514 3559 568 3622 rel
593 3559 786 3646 signatorem
808 3554 1021 3619 ordinationis
1040 3571 1117 3614 suae
1143 3548 1238 3612 insti-

135 3647 224 3705 tuata
252 3641 319 3703 sive
341 3663 471 3724 quoque
490 3642 517 3704 si
537 3637 759 3704 tantummodo
785 3639 890 3702 verbis
917 3659 1024 3699 coram
1048 3632 1238 3719 probatione

135 3723 298 3784 ordinatio
324 3725 405 3803 eius,
427 3724 484 3807 qui
510 3724 656 3802 moritur,
681 3723 820 3807 patuerit
843 3721 1059 3806 promul-gata,
1080 3715 1164 3776 haec
1185 3734 1239 3810 or-

136 3805 341 3868 dinationum
363 3816 502 3889 quatuor
528 3828 646 3891 genera
666 3806 752 3866 omni
777 3805 966 3888 perenniter
983 3801 1095 3864 ‘valore
1120 3812 1241 3880 persrs-

134 3898 216 3952 tant.
233 3925 237 3934 ·
257 3891 295 3951 Id
319 3899 445 3950 tantum
469 3909 660 3974 magnopere
682 3889 921 3972 procurandum
943 3894 1007 3962 est,
1039 3891 1076 3942 ut
1100 3879 1240 3961 seriptu-

135 3973 307 4050 raacillae,
329 3994 411 4055 quae
436 3975 615 4035 secundum
637 3971 732 4056 primi
752 3979 786 4032 et
806 3965 1084 4032 secundivordinis
1107 3963 1241 4056 conlec-

135 4057 262 4122 tionem
287 4065 364 4116 sunt
384 4056 550 4139 alligatae:
582 4056 701 4132 idest,
729 4054 795 4115 sive
820 4076 904 4136 quae
930 4048 1070 4113 auctoris
1093 4054 1126 4108 et
1148 4052 1241 4140 testr-

137 4160 201 4201 um·
218 4160 319 4201 uranu
342 4139 548 4222 subscriptae,
568 4159 625 4199 seu
650 4159 731 4220 quae
753 4145 958 4218 utrarumque
983 4131 1121 4223 partium
1140 4145 1240 4222 signis
1267 4207 1269 4210 Ι

138 4223 306 4288 eruerint
325 4223 513 4303 roboratae,
544 4221 632 4286 infra
651 4227 709 4285 'sex
739 4239 865 4292 menses
898 4217 987 4285 turta
1015 4215 1121 4299 legera
1143 4209 1240 4275 aliam
