2684 4868
309 278 413 335 neers
431 274 725 332 wtsicornonun
743 273 809 330 un.
827 272 859 326 r.
879 272 951 338 ur.
967 269 1003 328 v,
1121 256 1194 329 stt

81 443 124 484 ne
145 419 255 502 aliqua
276 416 485 482 excusatione
514 413 669 480 restituat.
710 413 745 476 Si
769 433 847 477 vero
867 411 1054 495 praestitum
1076 410 1196 475 enimsi

81 505 180 566 elicui
203 502 328 584 aliquid
350 497 521 562 debilitatis
544 496 699 573 intulerit,
720 498 772 559 vel
794 495 945 578 dampni,
977 495 1034 558 ille
1063 516 1196 578 compo-

81 597 137 677 nat
158 585 216 670 qui
237 584 273 646 id
292 584 379 670 apud
400 603 434 644 sc
455 591 640 662 susceptum
660 578 809 642 habuisse
831 576 1019 640 dinoscitur.

518 729 577 791 111.
618 749 767 806 anricus.

162 851 214 912 De
235 847 328 910 rebus
345 845 518 930 praestitis,
539 841 686 904 incendio
701 839 756 904 vel
765 839 861 924 fiee-to
881 843 1110 906 exterminatis.

164 952 200 1014 Si
222 950 320 1010 alicui
342 969 467 1027 aurum,
489 956 657 1030 argentum
679 955 734 1006 aut
755 955 959 1024 ornamenta,
991 950 1043 1010 vel
1072 949 1196 1034 species

81 1036 206 1100 fuerint
227 1033 480 1108 commendatae,
504 1031 569 1090 sive
592 1030 821 1090 custodiendae
851 1027 1004 1110 traditae,
1033 1043 1089 1095 out
1109 1037 1195 1096 forte

81 1117 295 1184 vendendae:
325 1115 359 1176 id
380 1115 406 1176 si
427 1113 577 1196 perierit,
604 1112 657 1173 vel
680 1111 713 1171 iri
747 1112 842 1172 domo
864 1112 964 1193 ipsius
985 1115 1041 1196 qui
1072 1117 1197 1200 accepit

24 1198 27 1204 ’
83 1226 158 1265 cum
178 1201 276 1262 rebus
297 1196 367 1259 eius
386 1196 486 1258 fuerit
506 1195 660 1256 incendio
683 1204 933 1274 concrematum,
944 1217 1009 1258 una
1031 1221 1105 1260 cum
1126 1212 1194 1262 tes-

81 1288 168 1349 tibus
190 1282 316 1357 veniet,
338 1288 370 1340 et
388 1281 520 1340 brevem
541 1279 597 1339 det
617 1277 693 1356 ille,
720 1277 777 1359 qui
799 1280 1021 1340 commendata
1042 1305 1196 1366 suscepe-

82 1378 148 1446 rat,
171 1375 204 1428 et
224 1363 375 1447 praebeat
397 1371 651 1438 sacramentum,
682 1361 771 1441 quod
793 1360 875 1421 nihil
898 1361 1014 1424 exinde
1038 1366 1104 1426 suis
1124 1386 1197 1448 pro-

82 1451 199 1514 fuisset
220 1443 429 1529 compendiis,
452 1452 485 1505 et
505 1443 588 1504 nihil
610 1451 742 1525 cogatur
763 1445 940 1522 exsolvere,
963 1468 1041 1507 exce
1064 1459 1097 1509 to
1118 1469 1196 1508 euro

86 1543 119 1596 et
151 1539 286 1614 argento
318 1526 407 1610 quod
433 1527 544 1587 ardere
576 1547 641 1586 non
675 1526 789 1609 potnit.
832 1529 874 1588 Et
895 1526 921 1588 si
944 1527 1016 1610 quis
1039 1471 1116 1589 dum
1135 1531 1196 1590 do-

84 1638 173 1678 mum
200 1614 326 1674 flamma
349 1609 528 1688 consumit,
562 1630 597 1670 se
620 1610 711 1691 quasi
738 1607 895 1669 auxilium
942 1611 1122 1674 euehiturus
1145 1612 1197 1672 in-

84 1696 236 1784 gesserit,
267 1703 300 1755 et
321 1692 443 1774 aliquid
463 1693 546 1752 forte
565 1691 738 1774 rapuerit„
751 1691 900 1752 dominus
920 1633 1035 1754 domus
1058 1696 1198 1778 diligen-

83 1793 133 1845 ter
154 1777 323 1860 inquirat:
357 1784 390 1836 et
418 1773 543 1836 sicum
571 1773 718 1836 invenire
746 1775 906 1869 potuerit,
934 1775 991 1837 ille
1013 1777 1070 1859 qui
1091 1801 1125 1838 ra
1150 1777 1197 1836 uit

83 1865 118 1924 in
141 1859 360 1946 quadruplum
381 1865 471 1938 rapta
491 1856 654 1930 restituat:
685 1866 717 1918 et
737 1879 763 1918 si
786 1857 825 1918 de
849 1859 1079 1922 commendatis
1100 1802 1197 1921 reims

84 1949 169 2031 apud
190 1950 410 2024 susceptorem
431 1940 556 2022 aliquid
576 1941 658 2001 forte
679 1938 851 2022 repererit,
877 1941 1007 2002 domino
1028 1943 1196 2004 restituere

84 2052 150 2098 non
172 2036 326 2088 moretur.
368 2024 401 2083 Si
418 2025 498 2085 'vero
517 2045 599 2106 quae
620 2023 841 2084 commendata
861 2024 999 2102 fuerant,
1021 2024 1106 2085 furto
1121 2048 1198 2108 pro-

83 2116 201 2175 bantur
224 2109 327 2170 ablata
356 2106 386 2168 ei
414 2106 472 2189 qui
499 2106 720 2166 commendata
750 2117 949 2188 susceperat,
981 2108 1118 2190 spatium
1138 2107 1199 2169 tri-¹

83 2199 213 2272 buetur,
233 2201 271 2252 ut
290 2189 370 2250 ordo
391 2190 496 2266 docet,
520 2190 625 2250 donec
650 2190 755 2248 furem
776 2209 833 2248 sua
853 2187 1099 2272 investigatione
1122 2211 1198 2273 per·
1274 2245 1276 2254 .

84 2278 211 2362 quirat:
242 2282 276 2336 et
296 2272 322 2333 si
342 2295 416 2333 eum
438 2272 607 2348 invenerit,
624 2271 875 2332 commendatori
894 2294 946 2334 res
967 2296 1040 2334 suas
1054 2274 1198 2357 proprias

85 2355 308 2422 tantummodo
337 2357 509 2416 reformare
541 2364 680 2436 cogatur.
724 2353 918 2437 Compositio
949 2377 1026 2417 vero
1058 2357 1137 2418 furti
1158 2355 1199 2416 nd

86 2465 161 2506 eum
183 2441 242 2522 qni
264 2437 376 2500 habuit
403 2437 626 2498 commendata
651 2437 820 2518 pertineat.
866 2439 961 2500 Certe
988 2438 1014 2499 si
1045 2441 1100 2500 fur
1131 2457 1198 2500 non

83 2525 185 2590 fuerit
198 2525 283 2584 infra
294 2528 444 2582 'statutum
453 2529 578 2602 tempus
589 2519 748 2598 inventus,
757 2519 910 2581 medietas
920 2542 1028 2582 rernm
1039 2543 1201 2584 commen·

86 2611 232 2670 datarum
254 2603 384 2665 domino
409 2626 427 2664 a
460 2602 654 2686 suscipiente
682 2603 851 2680 reddatur,
886 2613 923 2665 ut
951 2605 1126 2687 dampnum
1159 2625 1200 2667 ex

86 2688 196 2751 medio
216 2697 351 2768 uterque
373 2686 536 2748 sustineat.
585 2687 627 2746 Et
648 2685 674 2747 si
694 2685 899 2768 postmodnm
920 2684 1201 2751 domin'us'rerum

85 2771 176 2856 apud
197 2769 338 2831 eumeni
361 2768 649 2847 commendaverat,
671 2789 753 2848 quae
779 2769 908 2828 fuerant
928 2791 1096 2853 suppressa
1116 2775 1199 2833 forte

84 2853 253 2938 repererit,
269 2873 344 2913 cum
365 2852 446 2914 haec
466 2851 522 2912 iile
544 2871 577 2912 se
600 2851 688 2933 prius
710 2851 826 2912 dixerit
844 2851 1034 2934 perdidisse,
1055 2856 1109 2916 vel
1129 2858 1200 2915 fur-

84 2939 143 3001 tim
163 2937 262 2998 fuisse
283 2935 427 3014 sublata,
457 2934 540 2996 sicut
560 2935 615 2994 fur
636 2954 694 3015 pro
726 2933 777 2995 his
805 2955 888 3015 quae
919 2935 1035 2996 celavit
1049 2983 1058 3015 ,
1080 2957 1199 3000 secun-

87 3020 164 3083 dum
184 3021 295 3103 legum
314 3026 441 3097 statuta,
462 3015 730 3100 compositionem
756 3016 892 3102 implere
915 3027 1059 3102 cogatun

518 3167 575 3232 IV.
616 3187 765 3244 ansteus.

312 3283 363 3344 De
378 3282 514 3368 pecunia
533 3281 679 3361 perdito,
713 3295 745 3344 et
763 3283 869 3344 usuris
890 3285 967 3348 eius.

169 3391 204 3455 Si
224 3391 296 3476 quis
306 3391 478 3475 pecuniam
494 3390 553 3452 suh
572 3391 757 3453 conditione
773 3391 961 3476 susceperit,
980 3394 1110 3454 daturus
1123 3413 1202 3452 usn-

86 3497 147 3554 res,
176 3475 203 3536 si
224 3497 284 3560 per
310 3497 419 3544 casnm
444 3473 584 3556 pecunia
611 3475 757 3557 perierit,
784 3496 850 3535 non
887 3475 983 3557 culpa
1015 3487 1069 3537 aut
1096 3475 1202 3558 negli-

87 3559 199 3640 gentia
222 3557 399 3631 debitoris,
424 3556 480 3617 ille
503 3557 560 3638 qui
580 3557 753 3640 pecuniam
775 3558 998 3637 commodavit,
1020 3559 1121 3620 solam
1142 3580 1203 3642 pe·

89 3642 203 3703 cuniae
226 3663 382 3702 summam
404 3638 559 3722 recipiat,
589 3648 622 3701 et
642 3660 709 3700 non
730 3641 875 3722 requiret
903 3662 1024 3702 usuras.
1066 3641 1201 3702 sivero

87 3747 146 3808 per
160 3723 265 3807 ⁴ipsius
287 3725 436 3785 fraudem
458 3722 511 3784 vel
533 3722 660 3805 culpam
680 3725 886 3802 factumest,
908 3731 941 3784 et
967 3723 1139 3807 pecuniam
1170 3734 1203 3786 et

89 3829 200 3870 usuras
221 3807 332 3869 solvat.
372 3805 470 3885 Quod
491 3803 519 3866 si
539 3805 646 3887 aliqua
667 3807 758 3866 lucra
778 3813 827 3867 est
848 3827 889 3867 ex
910 3827 947 3866 ea
960 3806 1099 3888 pecunia
1121 3829 1202 3868 con·
1251 3867 1253 3871 ,

89 3899 264 3973 sequutus,
294 3899 327 3950 et
356 3889 562 3972 postmodnm
590 3888 754 3972 contingat
783 3898 820 3948 ut
845 3889 983 3972 pecunia
1017 3900 1143 3971 pereat:
1174 3891 1209 3952 si·

88 3982 175 4034 tanta
196 3983 274 4035 sunt
290 3973 402 4051 lucra,
430 3979 552 4056 quanta
570 3971 709 4056 pecunia
729 3969 802 4050 fuit,
823 3980 857 4036 et
876 3973 1048 4057 pecuniam
1069 3983 1101 4038 et
1122 3995 1201 4036 usu-

88 4077 139 4117 ras
158 4055 313 4124 restituat.
