2684 4868
293 321 400 392 name
412 317 708 383 aestans-nonar
725 319 791 378 ns.
808 317 842 378 r.
860 316 933 376 nr.
950 317 1014 377 nn
1126 298 1201 376 sta

72 463 186 530 ‘cendi
209 464 422 530 contentione
440 463 588 552 qnalibet
611 425 753 526 beredis.
794 460 892 542 Quod
916 459 1005 525 enim
1030 459 1201 544 gloriosius
1267 447 1270 455 ’

86 551 157 612 Deo
176 548 352 625 adhaerere
372 558 540 630 censetur,
561 543 729 631 obsequiis
744 543 914 610 bominum
933 543 1067 628 religari
1086 545 1202 610 hones·

86 639 151 696 tete
181 633 278 695 nulla
300 631 429 695 sinitur.
523 699 527 708 ‚

387 742 480 810 XtX.
513 766 575 812 ses.
607 764 674 812 ons.
703 762 801 808 soros
831 764 900 806 aar.

86 860 136 923 De
160 851 287 942 hirqui·
301 860 341 922 ob
363 863 443 923 novi
462 859 624 942 Principis
633 854 741 943 fidem
768 855 956 920 servandam
976 860 1084 921 iurare
1104 857 1203 922 distu-

168 942 269 1004 ierint
276 968 289 1014 ;
317 943 366 1006 vel
383 941 423 1004 de
443 941 529 1019 iltis,
556 943 611 1026 qui
629 961 673 1003 ex
694 940 838 1025 palatino
859 937 967 1018 officio
988 941 1119 1004 adsim
1176 1009 1179 1014 ,

361 1025 572 1110 praesentiam
591 1025 700 1086 venire
720 1022 927 1104 neglexerint.

168 1107 254 1170 Cum
282 1105 411 1171 divinae
433 1105 608 1169 voluntatis
628 1105 765 1191 imperio
791 1105 973 1189 principale
1000 1116 1097 1190 capnt
1125 1129 1202 1190 reg·

85 1191 189 1254 nandi
214 1200 318 1254 sumat
338 1199 520 1274 sceptrum,
544 1209 610 1251 non
629 1189 697 1252 levi
720 1187 859 1271 quisque
883 1188 979 1272 culpa
1005 1191 1202 1274 consmingi-
1286 1241 1289 1246 .

84 1283 157 1352 tur,
194 1273 221 1335 si
253 1273 288 1333 in
319 1272 390 1356 ipso
423 1294 499 1335 suae
527 1270 695 1334 electionis
721 1269 899 1355 primordio
930 1281 986 1334 aut
1015 1272 1136 1336 iurasse
1167 1281 1205 1334 ut

84 1354 186 1418 moris
213 1365 262 1419 est
281 1377 341 1439 pro
371 1354 434 1416 fide
461 1355 549 1438 regia
571 1355 716 1418 differat:
739 1363 794 1414 aut
816 1352 842 1415 si
867 1375 906 1415 ax
931 1355 1073 1438 palatino
1096 1355 1203 1417 officio

84 1439 207 1517 fuerit,
229 1439 270 1500 ad
299 1437 446 1500 eiusdem
475 1437 550 1500 novi
570 1437 734 1521 Principis
759 1437 888 1500 visurus
909 1438 1123 1520 praesentiam
1145 1458 1202 1500 ve-

86 1521 159 1583 nire
189 1521 331 1587 desistat.
394 1519 527 1603 Siquis
555 1541 631 1584 sane
664 1522 882 1616 ingenuorum
912 1521 952 1581 de
974 1520 1202 1582 sublimatione

84 1603 265 1689 principali
286 1603 493 1686 cognoverit,
515 1611 547 1666 et
582 1603 659 1665 dnm
684 1603 846 1668 discussor
878 1601 1051 1664 iuramenti
1081 1603 1115 1664 in
1139 1609 1202 1664 ter·

79 1687 200 1762 ,ritorio
221 1686 284 1748 illo·
307 1685 493 1763 accesserit,
524 1683 579 1748 ubi
609 1707 685 1762 eum
713 1686 858 1747 habitare
883 1685 1075 1768 contigerit,
1098 1705 1201 1768 quae·

84 1769 146 1832 sita
182 1768 353 1833 occasione
385 1790 419 1830 se
458 1769 686 1831 fraudulenter
718 1764 896 1843 distulerit,
933 1767 1044 1830 in'co
1073 1777 1109 1830 ut
1140 1788 1202 1852 pro

83 1853 150 1916 tide
182 1853 272 1936 regia
303 1852 525 1916 conservanda
555 1850 728 1913 iuramenti
747 1873 792 1914 se
823 1849 957 1912 uinculo
990 1850 1118 1933 alliget:
1145 1860 1201 1912 aut

83 1936 144 1997 ille
166 1936 225 2016 qui
250 1935 336 1997 siout
362 1934 652 2016 praemisimasex
680 1931 793 1996 ordine
826 1931 968 2014 palatino
988 1933 1108 2011 fuerit,
1137 1933 1201 1993 mi·
1309 1971 1322 1989 t

84 2019 173 2080 nime
206 2018 303 2099 Regis
338 2017 502 2080 obtutibus
535 2039 569 2080 ss
600 2015 869 2099 praesentandum
898 2012 1067 2078 iniecerit:
1097 2015 1201 2096 qnid-

84 2101 165 2184 qnid
196 2100 237 2166 de
261 2121 301 2162 eo
327 2101 379 2162 vel
408 2100 448 2162 de
468 2099 617 2163 omnibns
643 2099 741 2160 rebus
764 2098 830 2160 suis
857 2096 1046 2179 principalis
1061 2096 1201 2160 anctori-

83 2192 133 2246 tas
154 2184 264 2246 faeere
287 2182 339 2243 rel
366 2181 510 2244 indicere
540 2181 700 2256 voluerit,
728 2179 779 2243 sui
801 2180 843 2242 sit
864 2179 1092 2242 incunctanter
1112 2179 1200 2242 arbi·

84 2265 151 2331 trii,
204 2264 302 2344 Quod
328 2263 354 2325 si
388 2276 443 2328 aut
467 2265 643 2348 aegritudo.
666 2263 717 2326 illi
745 2262 924 2340 obstiterit,
955 2271 1011 2324 ant
1032 2263 1200 2344 quaelibet

81 2346 236 2432 publicae
263 2346 413 2410 utilitatis
436 2350 519 2410 actio
539 2369 614 2410 eum
638 2344 829 2425 retinuerit,
861 2352 899 2404 nt
919 2343 1006 2426 regis
1033 2345 1199 2408 obtutibus
1220 2405 1222 2410 ,

80 2453 116 2494 se
145 2430 337 2492 nullatenus
364 2438 567 2512 praesentet,
600 2430 678 2492 dnm
710 2427 817 2510 regiae
853 2426 1023 2490 electionis
1050 2428 1200 2492 sublimi·

78 2524 129 2576 tas
151 2511 353 2596 quibuslibet
384 2513 488 2576 modis
512 2511 553 2576 ad
575 2510 645 2575 eius
663 2510 884 2594 cognitionem
909 2513 1111 2593 pervenerim
1139 2522 1199 2576 sta·

80 2597 142 2656 tim
162 2618 221 2678 per
240 2613 329 2658 suam
351 2594 546 2674 iussionem,
575 2595 610 2658 id
630 2594 736 2678 ipsum
761 2592 953 2656 clementiae
978 2615 1054 2656 suae
1078 2594 1199 2658 auditi-

81 2677 146 2740 bus
180 2678 329 2742 intimare
369 2687 540 2762 procuret,
589 2678 732 2760 qualiter
765 2675 843 2738 fidei
868 2697 944 2739 snae
979 2677 1197 2746 sinceritatem

82 2760 271 2841 ostendens,
298 2759 397 2825 buius
417 2761 499 2846 legis
524 2759 719 2826 sententiam
742 2758 880 2824 evadere
903 2758 1014 2844 possit.

397 2911 462 2976 XX.
506 2933 570 2976 aas.
591 2933 655 2976 ons.
675 2931 781 2975 aoros.
809 2929 880 2977 aar.

80 3027 137 3100 De
154 3025 277 3088 libertis
301 3025 418 3106 Regum
448 3047 615 3109 eorumque
636 3025 838 3111 posteritate,
868 3025 1006 3107 qualiter
1036 3025 1194 3088 exercitas

100 3121 240 3194 tempore
260 3108 305 3170 ad
331 3111 447 3188 regiam
466 3121 652 3192 potestatem
678 3120 886 3192 concurrant,
913 3119 943 3168 et
969 3125 1038 3168 cam
1061 3109 1174 3191 quibas

247 3213 300 3252 eos
322 3193 357 3250 irs
368 3191 497 3273 publico
518 3191 654 3253 utilitate
675 3189 843 3288 prffitisct'
872 3200 1029 3274 operteat.

162 3274 258 3334 Tunc
284 3281 372 3336 recte
403 3273 505 3336 nostri
535 3274 706 3357 regiminis
730 3273 883 3356 patriam,
911 3269 1120 3356 promulgatis
1144 3271 1194 3333 le·

79 3377 156 3439 gum
179 3356 344 3432 censuris,
378 3377 490 3438 regere
513 3371 743 3440 procuramus,
772 3378 846 3417 cum
870 3354 976 3416 ethis
1000 3355 1058 3434 qni
1082 3364 1197 3416 eontra

76 3439 207 3500 hostem
232 3439 354 3522 gloriae
390 3449 521 3501 nostrae
545 3439 737 3515 decertant,
768 3438 907 3499 utilitate
925 3436 1062 3498 maxima
1082 3435 1196 3521 provi·-

79 3522 211 3600 demus,
248 3532 281 3584 et
305 3521 521 3601 uindicatores
553 3532 657 3585 terrae
685 3529 812 3583 nostrae
842 3519 956 3603 procul
989 3519 1089 3581 dubio
1120 3541 1195 3582 cen

79 3604 198 3666 nimus.
261 3607 304 3666 Et
327 3604 405 3665 licet
429 3605 559 3668 favente
585 3606 656 3669 Deo
685 3611 797 3700 gentes
824 3610 951 3664 nostrae
982 3604 1114 3682 affluant
1136 3622 1196 3664 ce·

77 3688 133 3771 pia
154 3686 370 3764 bellatorum,
403 3687 452 3748 nil
477 3697 583 3749 tamen
612 3687 731 3759 officit,
757 3685 785 3749 si
804 3685 846 3747 de
873 3683 939 3747 illis
965 3693 1121 3766 augeatur
1145 3687 1195 3746 in·

79 3791 178 3853 super
209 3781 315 3832 nostre
348 3768 433 3831 acies
466 3771 507 3832 ad
535 3769 757 3854 repulsionem
786 3766 934 3836 (hostium
964 3776 1193 3849 externorum,

78 3855 136 3935 qui
159 3874 200 3914 ex
220 3853 351 3915 familiis
373 3852 441 3914 fisci
473 3851 660 3935 per'regias
686 3850 890 3914 auctoritates
909 3848 1048 3932 gratiam,
1070 3873 1196 3918 merue-

78 3943 157 3996 runt
178 3935 345 3997 libertatis.
389 3935 482 3998 Unde
509 3935 587 4017 qaia
606 3941 737 3996 necesse
766 3943 830 4010 est,
860 3942 897 3994 nt
920 3931 990 3995 illie
1019 3935 1209 4015 praebeant¹

78 4039 120 4078 ex
141 4017 269 4080 ratione
293 4009 480 4095 suffectum,
508 4016 596 4080 nude
618 4017 774 4080 meruisse
795 4016 958 4081 laetantur
984 4015 1195 4082 absolutionis

77 4109 212 4162 statum:
255 4102 296 4162 ob
331 4101 394 4164 hoc
427 4099 560 4184 speciali
583 4099 750 4162 sanctione
774 4099 938 4175 iubemus,
975 4107 1012 4158 ut
1041 4098 1196 4182 deinceps

78 4181 144 4244 iam
166 4181 248 4266 ipsi,
279 4207 374 4267 quam
406 4185 510 4245 omnis
539 4203 652 4244 eorum
678 4181 868 4264 posteritas,
894 4189 1041 4264 tempore
1067 4184 1196 4244 exerci-

79 4274 150 4345 tus,
195 4287 322 4353 omass-
337 4269 377 4330 ad
408 4267 530 4352 regiam
562 4263 792 4330 celsitudinem
822 4265 1051 4328 incunctanter
1079 4283 1195 4328 occure
