2640 4838
132 205 212 292 did
571 235 828 292 emanantem

127 371 394 434 amicireddsiten
410 371 533 440 gratius
570 375 643 430 Dum
667 376 750 442 igitur
769 377 841 431 lraec
858 375 927 428 talia
944 377 1069 432 meminit
1084 385 1181 438 nostra
1192 380 1249 445 gla-

127 446 170 500 ria
198 443 439 506 esculentissimis,
463 462 535 514 quse
560 462 577 498 a
598 446 709 498 domino
732 465 779 516 per
804 467 851 500 ora
877 456 971 500 vatum
995 464 1106 500 suorum
1136 451 1250 501 iucrunt

125 517 317 588 promulgata:
341 524 432 569 nostra
449 524 538 568 ratum
556 515 636 568 duait
655 517 786 570 serenitas
806 517 890 571 tantis
907 517 1093 587 obtemperare
1115 535 1250 590 praecep-

125 588 183 650 tis,
210 585 323 638 donnino
341 583 497 646 ordinante,
525 585 593 638 boio
615 587 715 640 addere
736 587 849 640 nitimur
868 587 972 653 legem,
1000 595 1032 639 ut
1052 588 1149 656 spretis
1174 607 1247 658 quae

128 657 229 722 dignae
253 673 309 708 nen
330 663 395 706 suut
410 655 519 723 posits,
542 655 708 710 innectimus
729 658 805 727 quod
826 657 952 712 omnibus
976 674 993 706 a
1017 657 1128 710 domino
1153 660 1249 729 patuit

125 727 258 781 ordinata.
296 723 376 776 llnde
396 724 522 776 omuibus
539 726 575 778 sd
592 726 667 792 regni
684 727 768 780 nostri
789 727 923 780 ditionem
943 726 1145 794 pertinentibus
1167 746 1246 782 com-

123 804 268 852 monentus
285 811 335 868 per
354 793 439 846 buius
459 795 544 848 nostri
563 797 660 848 seriem
683 796 803 854 decicti.
827 806 858 850 nt
882 797 1012 876 deinceps
1034 798 1107 852 sicut
1126 806 1169 854 est
1191 799 1248 856 ius·

123 868 268 930 fissaca-et
287 863 515 933 sama.scriptura
534 865 632 929 docti,
652 866 734 919 huius
757 868 886 920 novellae
901 866 1049 920 sanctionis
1074 869 1248 922 custodiatur

123 939 211 996 sortitu
226 935 399 1016 disciplinae,
418 943 450 991 ut
470 944 659 1008 postmortem
676 936 766 990 uxoris
784 936 908 1010 quisquis
923 935 974 988 ille
989 937 1183 1006 superduxerit
1196 958 1247 990 no-

123 1025 244 1070 vescam,
268 1003 318 1060 filu
338 1005 386 1078 qui
406 1003 442 1056 de
468 1005 563 1058 eodem
586 1005 714 1074 coniugio
737 1007 794 1064 nati
815 1015 896 1068 suut,
923 1006 952 1058 iu
974 1007 1054 1078 patris
1078 1016 1246 1077 potestatem

124 1087 153 1132 et
169 1075 394 1144 gubernationem
412 1085 590 1144 permaneant
612 1094 674 1128 cum
698 1078 822 1129 omnibus
844 1077 989 1129 maternis:
1015 1077 1081 1147 quin
1098 1078 1182 1130 valde
1202 1079 1246 1130 in-

124 1147 237 1214 dignum
259 1155 316 1212 est,
341 1154 372 1198 ut
394 1141 461 1209 filii,
488 1146 574 1220 patris
596 1145 792 1213 gubernatione
809 1146 854 1199 rel
870 1153 1007 1215 potestate
1023 1146 1131 1209 relicta,
1154 1148 1186 1199 in
1206 1149 1246 1200 ai-

122 1214 208 1274 terius
228 1213 375 1273 tuitionem
392 1214 548 1269 deveniant.
585 1217 639 1270 Sed
659 1226 690 1269 ut
708 1216 885 1279 instituimus,
904 1226 982 1286 pater
1007 1217 1073 1269 dum
1097 1235 1245 1270 novercam

123 1284 252 1352 d'uuerit,
279 1285 352 1341 filios,
374 1302 435 1341 suos
458 1305 514 1342 una
538 1301 601 1342 cum
623 1287 735 1358 peculio
754 1295 875 1344 materno
891 1283 971 1341 iuxta
991 1287 1159 1358 superiorem
1177 1289 1247 1354 legis

123 1357 237 1412 modum
261 1353 387 1412 tuitionis
409 1354 531 1408 ordinem
551 1365 635 1422 regat.
682 1359 725 1410 lta
745 1364 838 1410 tamen
863 1355 1033 1418 ordinamus,
1058 1366 1090 1412 ut
1115 1357 1245 1412 inventa-

123 1430 195 1485 rium
214 1428 249 1480 de
270 1426 350 1486 rebus
372 1424 489 1482 liliorum
504 1444 614 1484 suorum
630 1444 712 1482 manu
731 1445 779 1483 sua
802 1425 955 1486 conscribat
976 1444 1065 1480 coram
1084 1427 1180 1481 iudice
1198 1429 1244 1480 rel

121 1497 288 1555 haeredibus
307 1495 455 1550 deiunctae
475 1497 596 1550 mulieris
621 1505 732 1548 strenue
755 1506 783 1549 et
807 1497 926 1550 fideliter
951 1495 1042 1549 saciat
1079 1497 1156 1549 Talis
1178 1515 1244 1550 vero

144 1567 218 1622 lariti
242 1567 335 1621 cautio
356 1563 385 1616 in
403 1565 551 1618 haeredum
571 1585 679 1618 suornm
699 1567 810 1618 nomine
827 1563 1029 1630 conscribatur,
1069 1567 1153 1619 uibus
1168 1575 1245 1619 tute-

121 1588 150 1694 la
166 1640 226 1710 ipsa
244 1638 380 1710 pertinere
400 1636 510 1690 videtur
524 1636 655 1702 legitime,
676 1637 697 1687 si
716 1644 793 1708 pater
814 1636 953 1697 defuisset,
973 1644 1006 1688 ut
1030 1637 1057 1688 ni
1081 1638 1100 1688 il
1120 1639 1156 1688 de
1177 1638 1243 1706 ipsis

31 1757 34 1764 ,
123 1710 242 1762 filiorum
268 1705 474 1760 suomnr'rebus
489 1713 565 1774 pater
586 1713 729 1767 everteret,
745 1707 794 1760 sed
813 1705 931 1760 liliorum
944 1705 1161 1758 vitamsollicito
1177 1715 1243 1759 voto

122 1781 167 1833 rel
190 1770 260 1830 actu¹
275 1777 378 1828 salvare
401 1775 545 1836 intendat,
579 1783 607 1828 et
633 1794 673 1828 res
697 1793 790 1828 eorum
809 1777 913 1847 absque
940 1775 1033 1845 aliqua
1059 1776 1243 1828 diminutione

120 1848 282 1922 perditionis
301 1845 417 1900 tuendas
440 1846 566 1916 accipiat.
603 1845 727 1916 Quodsi
746 1857 824 1916 pater
844 1847 902 1917 ipse
926 1845 973 1915 qui
988 1861 1134 1899 novercam
1155 1845 1243 1898 duxe-

121 1921 179 1979 rit.
196 1906 341 1974 tuitionem
361 1915 478 1968 liliorum
503 1915 639 1986 suscipere
662 1917 797 1980 nolucrit,
822 1923 891 1971 tunc
911 1931 927 1968 t
944 1913 1039 1972 turtico
1054 1923 1130 1970 tutor
1149 1916 1242 1987 requi-

120 1989 221 2058 rendus
241 1998 292 2054 est,
311 1987 451 2059 quomodo
467 1987 529 2053 lege
552 1988 690 2057 superiore
707 1987 817 2041 dicitur.

207 2117 289 2181 Item
310 2111 342 2173 in
364 2111 436 2176 Lib.
456 2109 531 2178 ΧΗ.
547 2111 611 2178 Tit.
633 2113 676 2177 Il.
696 2122 769 2194 post
787 2113 863 2196 Leg.
886 2111 931 2176 ll.
946 2111 1079 2194 quidam
1101 2110 1241 2175 Codices

120 2197 244 2275 habent
265 2193 371 2278 legem
390 2203 600 2277 sequentem,
623 2217 705 2278 quse
731 2217 808 2256 vero
830 2218 869 2258 ex
890 2195 1029 2258 decretis
1049 2196 1241 2257 ecclesiasti-

122 2282 395 2346 sisinnatium
423 2278 652 2340 collectionem
678 2278 831 2340 translata
862 2289 919 2344 est.
977 2277 1240 2362 Lindenbrogius

119 2362 389 2448 *eundem-legens
408 2358 505 2422 habet
524 2360 559 2422 in
581 2360 646 2423 fine
666 2361 736 2427 Lib.
757 2361 839 2429 Xll.
859 2364 979 2429 Taml.

465 2463 539 2568 Ill.v
585 2523 647 2565 rus.
688 2523 773 2564 acus.
813 2525 886 2571 arx.

147 2598 150 2611 Ι
182 2600 185 2612 ¹
220 2600 222 2610 ·
250 2598 285 2673 ¹lli
300 2600 401 2674 bouill
418 2633 515 2672 uotttru
532 2635 585 2672 nx
602 2634 630 2672 ΙΙ
646 2633 862 2672 constantioris
882 2634 999 2672 conctttt
1017 2633 1105 2672 Blim-

187 2718 454 2786 issimis-synodalis
472 2720 634 2784 auctoritas,
654 2728 683 2773 et
701 2722 857 2774 veneranda
875 2729 916 2774 est
932 2721 1052 2790 pariter,
1073 2728 1102 2774 et
1118 2727 1243 2777 tremen-

124 2795 175 2844 dat
200 2789 443 2862 qrrsatntsutun
461 2805 511 2860 per
526 2791 629 2843 donum
647 2790 734 2843 sancti
753 2792 868 2860 Spiritus
886 2791 991 2856 agitur,
1022 2802 1054 2843 ut
1075 2808 1110 2844 ex
1128 2792 1243 2846 diversi-

122 2859 357 2916 catenatorum
375 2860 530 2912 aristentus
554 2869 583 2914 et
610 2862 748 2924 cordium,
776 2879 861 2914 unum
891 2879 938 2914 cor
963 2879 1102 2931 urnamque
1121 2863 1240 2916 animam

121 2933 219 2986 fecisse
237 2939 415 2986 monstretur:
453 2930 518 2986 dum
536 2932 714 2986 numerositas
739 2939 879 2998 aggregata
898 2931 1076 2994 Pontificum,
1111 2949 1168 2984 nou
1191 2951 1243 3014 per

122 3001 463 3071 smissutmmusenpas,
489 3019 545 3055 non
569 3018 619 3071 per
643 3001 746 3067 stylum
765 3001 869 3053 diversa
887 3001 1027 3063 obiectat,
1053 3017 1110 3055 nec
1128 3019 1180 3071 per
1197 3021 1242 3055 ru·

123 3073 226 3126 dicium
244 3071 322 3124 aliud
340 3091 427 3133 unus,
456 3089 538 3142 quarn
558 3071 716 3122 universitas
735 3070 857 3123 aliirmat.
893 3072 961 3122 ideo
983 3071 1163 3124 reverendum
1189 3073 1242 3124 mi-

122 3143 153 3196 hi
178 3152 343 3195 conventum
370 3141 510 3208 synodalis
533 3141 661 3203 concilii,
694 3141 724 3192 in
749 3140 827 3193 cuius
853 3140 945 3193 medio
969 3143 1122 3210 praesentia
1150 3141 1241 3194 sancti
1286 3187 1298 3218 ,t

123 3213 243 3283 Spiritus
262 3227 292 3265 se
310 3211 433 3264 babitare
452 3214 588 3282 promisit,
608 3212 707 3265 devote
725 3227 874 3272 venerans,
893 3211 1083 3281 instanterque
1104 3213 1241 3264 honorans

124 3302 157 3337 ea
176 3301 247 3353 quae
266 3283 375 3334 illorum
391 3300 453 3345 ore,
478 3291 642 3352 nostraeque
661 3281 761 3346 gloriae
779 3281 889 3334 hortatu
911 3281 1016 3344 digesta
1034 3290 1115 3342 sunt,
1141 3282 1171 3332 in
1191 3300 1241 3332 no-

121 3354 212 3408 titiam
232 3353 393 3406 deducimus
410 3352 585 3419 singulorum.
640 3353 693 3403 Illa
718 3350 833 3404 dicimus
851 3351 989 3417 synodalis
1009 3350 1121 3404 concilii
1143 3359 1238 3417 gesta,

121 3439 196 3492 quse
215 3439 287 3475 anno
307 3432 404 3493 quarto
427 3425 502 3491 regni
528 3421 613 3478 nostri
637 3422 665 3474 in
683 3422 818 3476 Toletano
837 3419 904 3474 urbe
921 3429 1073 3474 noscuntur
1091 3438 1148 3474 esse
1174 3438 1241 3474 con·

123 3495 212 3548 fecta:
245 3511 360 3561 quornm
378 3494 581 3550 institutionum
601 3492 754 3554 evidentia,
783 3501 815 3544 ut
838 3493 896 3544 siue
915 3491 1093 3546 cunctatione
1113 3487 1239 3544 omnibu's

122 3564 318 3626 innotescant,
346 3562 392 3616 hic
412 3579 444 3615 ea
462 3565 617 3635 specialiter
634 3562 812 3634 praelegimus
830 3561 992 3615 renotanda.

196 3633 243 3686 Est
260 3634 341 3698 igitur
364 3634 465 3704 primus
484 3637 579 3687 Canon
603 3634 640 3685 de
658 3633 767 3685 reddito
784 3633 941 3686 testimonio
966 3629 1105 3696 dignitatis
1124 3647 1236 3690 eorum,

125 3719 194 3774 qnos
213 3705 364 3776 prolatatio
381 3705 569 3768 infidelitatis,
601 3720 664 3756 oum
691 3703 777 3756 Paulo
800 3704 885 3755 traxit
906 3702 935 3753 in
959 3702 1119 3755 societatem
1145 3709 1240 3765 tyranr-

122 3776 210 3839 nidis3
245 3791 314 3844 quos
332 3776 467 3831 celsitudo
484 3784 578 3828 nostra
596 3789 652 3826 una
670 3789 732 3825 cunr
750 3772 832 3836 filiis,
857 3790 906 3842 per
930 3771 1012 3822 huius
1036 3779 1143 3824 nostrae
1167 3768 1237 3834 legis

125 3847 264 3906 edictum,
286 3853 314 3900 et
332 3847 486 3899 testimonio
504 3843 656 3898 nubilitatis
674 3844 806 3912 pristinae
830 3843 887 3905 uti,
915 3851 944 3895 et
964 3841 1061 3902 rebus,
1097 3857 1162 3910 quas
1189 3855 1238 3908 per

124 3914 295 3969 auctmitutis
314 3925 421 3968 nostrae
438 3919 555 3984 rigorem
573 3914 758 3986 perceperint,
778 3914 949 3966 decernimus
966 3910 1096 3964 revestiri.

185 3989 265 4038 ΙΙιειτι
291 3986 428 4039 secrrudus
456 3997 496 4038 est
513 3988 608 4040 Canon
635 3987 670 4037 de
693 3984 829 4038 accusatis
853 3981 1055 4042 sacerdotibus,
1083 3997 1130 4032 seu
1157 3976 1240 4032 etiarn

122 4056 301 4123 optimatibus
328 4056 425 4126 palatii
452 4067 536 4128 atque
560 4054 720 4122 Gardingis:
756 4054 806 4106 sub
832 4071 887 4125 qua
916 4070 961 4105 eos
981 4051 1103 4104 iustitiae
1130 4049 1241 4102 cautela

118 4126 271 4178 examinari
291 4127 453 4188 conveniat,
480 4145 549 4197 qnos
574 4135 682 4178 nostrae
708 4124 808 4191 gloriae
827 4123 1023 4182 mansuetudo,
1053 4122 1131 4174 insta
1155 4119 1242 4188 ipsius

122 4187 242 4251 emotis
260 4198 427 4264 constituta,
455 4198 539 4254 nuliis
566 4205 761 4254 tormentorum
778 4195 920 4264 generibus
943 4203 1009 4248 ante
1024 4191 1167 4264 publicam
1184 4190 1243 4245 dir·
