2632 4822
359 275 578 356 murratum
613 279 739 336 aucun
774 279 837 334 ua.
856 273 907 336 vt
976 312 978 320 -
1111 257 1184 336 797

67 423 224 511 q'uisierit.
286 420 367 484 Nam
400 419 428 482 si
457 431 530 506 post
559 428 697 481 mortem
738 416 808 480 eius
840 417 925 480 filios
954 427 1009 480 aut
1030 411 1184 481 'heredes

65 507 260 594 pulsaverit,
290 502 480 583 statuimus,
510 513 548 565 ut
572 504 599 563 si
628 503 757 565 vivente
779 510 867 584 patre
899 523 973 564 eum
997 504 1185 586 pulsaverit,

66 589 298 677 proclamando
319 587 360 648 ad
381 587 519 668 Regem,
542 595 599 648 aut
616 585 842 666 compellando
858 606 917 667 per
930 587 1011 646 tales
1025 585 1185 662 homineS,

69 696 209 758 quorum
234 673 327 733 fides‘
344 670 541 747 admittitur,
577 680 610 730 et
628 671 746 732 veritas
767 669 966 750 apparuerit,
999 667 1088 751 quod
1111 669 1187 751 pul-

69 766 185 835 sasset,
220 764 253 816 et
266 753 431 830 iustitiam
455 753 604 816 invenire
632 765 698 812 non
720 752 899 834 potuisset,
933 751 1054 830 faciant
1075 749 1106 814 ei
1127 747 1188 812 filii

71 852 126 905 aut
145 839 282 900 heredes
300 837 369 899 eius
386 836 550 914 iustitiam,
573 838 657 898 sicut
670 835 724 896 lex
742 843 807 908 cst,
830 833 856 895 si
868 833 951 894 intra
962 833 1188 915 anniepatinut

69 932 145 1009 post
169 931 306 982 mortem
334 917 431 1002 patris
463 915 690 1003 repetitionem
722 939 812 978 suam
828 918 1022 979 'ostendere'
1037 915 1189 998 potuerit.

70 1009 154 1070 Nam
182 1005 208 1065 si
237 1025 326 1065 suam
353 1001 619 1077 reclamationem
651 995 821 1062 ostendere
857 1022 923 1061 non
960 999 1119 1084 potuerit,
1156 1007 1190 1059 et

72 1087 151 1150 anni
173 1087 315 1170 spatium
332 1086 548 1167 praeterierit,
570 1085 693 1148 etiamsi
714 1084 889 1166 pulsasset,
913 1082 1119 1144 non'habeat
1137 1082 1190 1141 fa-

11 1207 12 1212 *
74 1171 227 1236 cundiam
248 1170 288 1230 ad
310 1169 395 1230 filios
417 1179 472 1229 aut
492 1168 629 1232 heredes
649 1167 835 1249 repetendi;
865 1164 928 1226 nisi
955 1166 996 1228 sit
1023 1165 1088 1226 sibi·
1106 1182 1190 1226 con-

72 1265 189 1318 tentus.
233 1251 318 1330 Quia
340 1252 379 1312 de
400 1251 521 1329 wadia,
542 1263 576 1314 et
598 1253 638 1314 de
660 1250 869 1327 fideiussore,
892 1258 926 1311 ct
947 1249 987 1310 de
1010 1255 1199 1310 sacramem

72 1346 108 1400 to
130 1335 236 1397 dando
258 1337 327 1396 Rex
348 1334 498 1396 Rotharis
527 1337 678 1396 decessor
699 1342 808 1394 noster
830 1333 863 1391 in
890 1331 1050 1394 anteriore
1071 1330 1189 1392 Edicto

74 1419 121 1482 sic
142 1417 269 1495 statuit,
305 1427 340 1478 ut
361 1426 433 1499 post
457 1419 538 1500 *anui
566 1417 724 1501 spatium,
758 1415 856 1480 ¹cuius
884 1438 957 1498 pars
988 1412 1188 1497 neglexerit,

74 1501 197 1562 amittat
218 1522 307 1561 suam
329 1521 481 1568 caussam,
537 1502 615 1562 ldeo
637 1499 731 1561 uobis
753 1519 932 1581 congmum
950 1497 1120 1581 apparuit,
1153 1504 1191 1557 ut

27 1615 28 1621 1
73 1585 141 1667 ipsc
163 1583 221 1665 qui
242 1585 311 1644 sine
334 1583 438 1646 wadia
459 1594 491 1645 et
512 1585 700 1645 fideiussore
721 1582 907 1664 repetierit,
929 1579 1101 1666 post'anui
1122 1599 1193 1662 spa·

74 1669 158 1730 tium
179 1666 365 1728 facundiam
387 1667 591 1728 non‘haheat
610 1664 812 1748 requirendi.
873 1665 915 1726 ΙΙ.
937 1666 986 1727 26.
1014 1687 1038 1724 1.

93 1803 94 1808 ,
143 1767 223 1801 nonu.
259 1751 338 1802 Patre
360 1750 457 1801 Comes
480 1760 509 1803 te
535 1751 656 1820 appellat
677 1749 829 1812 Martinus,
859 1749 934 1817 quod
958 1749 1017 1818 ipse
1040 1745 1118 1798 dedit
1139 1743 1193 1816 tibi

74 1821 107 1875 C.
134 1819 183 1870 sol.
204 1835 254 1888 per
279 1819 397 1872 diffinire
419 1839 501 1872 unam
523 1839 599 1872 suam
618 1819 823 1880 intencionem,
853 1827 882 1870 et
904 1837 960 1872 non
985 1817 1116 1870 diffinisti.

146 1890 225 1941 Patre
245 1899 274 1941 te
295 1890 417 1959 appellat
437 1890 590 1950 Martinus,
611 1891 684 1962 quod
699 1879 757 1959 ipse
777 1887 855 1942 dedit
874 1890 943 1958 patri
961 1897 1010 1940 tuo
1023 1890 1060 1964 ,(ἶ.
1079 1888 1128 1940 eol.
1144 1897 1204 1957 pro*

76 1957 195 2013 diffinire
225 1976 307 2010 unam
331 1978 408 2011 suam
432 1961 638 2024 intencionem,
671 1969 699 2012 et
720 1977 776 2011 non
797 1958 932 2012 diffinivit.
978 1960 1020 2012 De
1047 1967 1128 2011 torto.
1165 1957 1195 2009 Si

76 2028 198 2081 dixerit:
229 2031 277 2081 Tu
302 2032 527 2101 nonappellasti
548 2040 652 2102 patrem
673 2047 783 2082 meum:
810 2029 909 2098 probet
933 2030 992 2100 ipse
1023 2028 1072 2098 qui
1102 2027 1198 2098 appel-

75 2100 127 2162 lat,
147 2098 213 2171 quia
230 2099 379 2169 appellavit
395 2111 499 2171 patrem
517 2119 606 2165 suum,
624 2111 672 2154 aut
689 2100 741 2152 sibi
759 2099 906 2152 mandavit.
945 2100 973 2151 Si
989 2098 1103 2151 dixerit:
1122 2113 1196 2150 unus

77 2187 165 2220 annua
182 2180 224 2232 est
246 2167 391 2238 transitusf,
418 2173 484 2243 quia
509 2181 586 2245 pater
608 2189 685 2224 meus
707 2179 831 2222 mortuus
850 2180 906 2224 est:
931 2179 980 2222 aut
1004 2168 1121 2242 probet,
1149 2173 1199 2222 aut

77 2237 162 2292 saciat
180 2239 324 2314 iusticiam,

163 2339 285 2402 XCVI.
315 2339 484 2421 thIIL)
525 2343 559 2404 Si
598 2343 671 2425 quis
711 2341 811 2402 alium
845 2342 1024 2425 pulsaverit
1057 2342 1097 2405 de
1128 2351 1198 2403 se'r-

80 2444 122 2486 vo
144 2433 198 2483 aut
217 2423 304 2484 aldio
326 2446 403 2506 suo,
418 2445 422 2453 ·
436 2426 524 2508 quod
551 2427 688 2504 fumum,
718 2436 773 2486 aut
800 2426 1029 2505 homicidium,
1066 2434 1119 2485 aut
1141 2425 1199 2487 ali·

81 2506 173 2587 quod
204 2507 503 2586 malum'fecisset,
547 2517 578 2569 ct
609 2509 635 2570 si
663 2510 790 2572 vivente
821 2508 889 2591 ipso
923 2531 1014 2571 servo
1036 2518 1098 2580 aut¹
1112 2508 1199 2570 aldio

83 2611 157 2650 eum
177 2589 369 2672 pulsaverit,
400 2603 453 2654 aut
475 2592 758 2676 compellationem
777 2591 911 2670 fecerit,
933 2593 1031 2653 faciat
1053 2591 1201 2676 ei'iusti-

81 2672 174 2750 tiam,
199 2673 471 2758 quandocumque
488 2675 632 2757 pulsatus
645 2676 760 2748 fuerit..
794 2677 873 2735 Nam
898 2675 925 2736 si
946 2675 1022 2738 dum
1043 2676 1110 2772 ipse
1132 2697 1200 2736 ser-

81 2776 140 2817 vus
161 2755 337 2835 advixerit,
373 2759 539 2819 dominum
561 2759 630 2819 eius
652 2781 718 2821 non
739 2759 932 2841 pulsaverit,
973 2768 1005 2820 et
1034 2758 1097 2818 nisi
1129 2769 1201 2840 post

82 2847 218 2900 mortem
241 2839 323 2900 servi
344 2850 400 2902 aut
421 2841 560 2903 aldionis
582 2841 680 2924 ipsius
702 2841 876 2925 quaesierit
905 2863 923 2901 a
954 2842 1086 2903 domino
1119 2842 1199 2921 eius,
1226 2852 1229 2857 '

82 2929 118 2981 ut
148 2920 301 2982 iustitiam
329 2925 444 3002 faciat,
480 2924 701 3004 decernimus,
737 2923 775 2987 ut'
795 2924 919 2984 nullam
937 2924 1124 2986 facundiam
1145 2946 1199 2987 re-

83 3002 234 3084 quirendi
255 3004 386 3087 habeat,
416 3007 443 3070 si
462 3008 591 3069 vivente
614 3029 725 3086 servo,
755 3018 809 3070 aut
828 3008 915 3069 aldio
937 3009 1105 3069 dominum
1126 3007 1197 3068 eius

84 3105 150 3144 non
172 3086 367 3166 pulsaverit:
410 3089 487 3174 quia
515 3091 671 3152 iniustum
700 3091 792 3152 nohis
821 3111 889 3151 esse
923 3091 1119 3173 comparuit,
1160 3099 1198 3152 ut

82 3176 253 3262 postquam
275 3191 419 3251 servum,
449 3183 503 3234 aut
524 3174 646 3235 aldium
676 3175 781 3257 ipsum
802 3173 966 3255 inquirere
990 3194 1055 3233 non
1077 3181 1196 3258 potest,

25 3327 28 3332 ,
79 3259 119 3308 ‘ut
141 3270 171 3308 ei
190 3250 334 3332 aliquam
355 3255 507 3316 iustitiam
528 3256 632 3318 faciat.
694 3259 718 3318 l.
740 3257 791 3320 36.
811 3256 841 3317 6.

154 3349 232 3384 roan.
269 3336 348 3388 Patre
365 3345 393 3388 te
412 3339 532 3408 appellat
543 3339 703 3416 Martinus,
731 3338 806 3410 quod
823 3337 909 3390 habet
928 3346 1029 3391 certam
1047 3338 1198 3410 suspectio·

84 3417 148 3452 nem
160 3417 172 3465 ‚¹
195 3404 271 3473 quod
287 3405 404 3458 Marcus
422 3417 485 3460 tuus
504 3425 594 3460 servus
618 3410 683 3461 tulit
699 3409 750 3461 sibi
768 3409 840 3460 furto
857 3416 948 3461 tantas
965 3427 1024 3472 res,
1059 3427 1131 3478 quae
1149 3428 1199 3462 va-

85 3472 195 3524 luerant
212 3473 290 3525 solid.
309 3476 357 3529 Vl.
378 3486 507 3542 ananum
526 3479 680 3541 denarium,
702 3489 749 3532 ant
766 3481 803 3530 M.
822 3496 900 3530 suum
917 3486 1039 3548 patrem,
1065 3489 1113 3532 aut
1130 3480 1198 3533 fecit

84 3559 166 3592 unam
184 3543 292 3612 plagam
310 3545 370 3599 sibi.
408 3546 435 3600 Si
455 3547 569 3610 dixerit,
596 3550 630 3600 de
647 3557 720 3602 torto
736 3566 780 3601 me
799 3549 934 3618 appellas:
968 3549 997 3600 Si
1016 3557 1076 3611 est,
1103 3549 1199 3608 delen·

86 3611 178 3664 datae
196 3630 244 3682 per
262 3614 367 3668 bellum
385 3617 406 3669 si
424 3618 543 3670 voluerit
562 3620 720 3690 appellator.
755 3620 797 3671 De
826 3619 923 3670 ceteris
949 3635 1012 3671 vero
1038 3619 1126 3672 causis
1150 3638 1199 3691 per

84 3693 263 3735 sacramenta.
300 3687 374 3738 Etsi
394 3688 494 3739 dixerit
514 3691 684 3759 appellatus,
716 3707 771 3741 non
789 3684 840 3739 tibi
859 3689 1026 3758 respondeo,
1059 3689 1199 3760 quianon

86 3749 230 3834 appellasti
248 3770 292 3806 me
308 3757 431 3819 tamdiu,
451 3759 608 3829 quamipse
625 3760 741 3821 vixerit,
760 3758 858 3829 probet
875 3761 1047 3829 appellator,
1067 3760 1200 3830 quod'sic

86 3823 172 3885 fecit,
201 3834 249 3885 aut
277 3828 500 3896 compellationes
518 3829 651 3900 secitper
668 3831 808 3891 homines,
841 3829 863 3880 si
881 3848 937 3882 nou
955 3830 1095 3900 potuerit,
1124 3832 1202 3883 exdi-

85 3903 134 4014 lcat
150 3945 152 3950 ,
168 3911 198 4017 sq
229 3898 399 3967 appellator,
434 3909 462 3952 et
491 3899 513 3951 si
544 3918 600 3952 non
628 3901 750 3972 potuerit
775 3898 918 3965 exdicere,
957 3911 1103 3972 componat
1128 3901 1202 3954 sicut

99 3981 132 4017 ex
157 3981 206 4018 es.

89 4078 91 4082 ’
168 4067 301 4134 xcvlt.
352 4070 499 4148 (XLIV.)
559 4069 593 4131 si
629 4093 737 4134 servus
777 4073 1009 4156 cuiuscumque
1047 4073 1201 4136 ancillam

87 4145 218 4210 alterius
245 4151 378 4229 tulerit,
407 4162 440 4214 et
468 4153 617 4216 dominus
646 4156 789 4217 ancillae
816 4179 886 4218 cam
912 4157 1128 4232 libertavcrit,
1170 4164 1202 4218 et

87 4249 158 4292 eam
186 4235 306 4296 amund
338 4233 471 4315 fecerit,
510 4248 564 4300 aut
592 4238 618 4300 si
649 4261 719 4302 eam
751 4239 955 4320 vendiderit,
996 4249 1028 4302 et
1053 4242 1111 4324 qni
1133 4262 1203 4302 eam
