2632 4822
413 317 417 328 ,
472 249 828 343 uncassrsruurnr
1020 267 1022 271 ·
1139 245 1224 334 835-

101 409 169 472 rint
196 394 325 493 plures,
356 423 415 487 per
446 398 536 464 hunc
565 422 735 464 numerum
759 403 976 487 computetur.
1018 403 1214 491 Morgengub
1268 463 1270 469 ,

91 501 135 556 .et
151 499 277 567 metam,
300 507 383 569 quae
403 483 434 547 ei
455 485 529 544 data
549 493 597 558 est
614 484 751 567 legibus,
771 486 887 548 habeat
908 488 943 547 in
961 494 1065 552 antea.
1097 491 1131 550 si
1145 491 1217 572 quie

101 573 176 635 dem
199 569 352 654 nupserit
376 574 502 650 postea,
526 574 582 626 aut
602 577 726 627 mortua
746 569 860 646 fuerit,
880 557 1081 631 ususfructus
1108 571 1142 630 in
1164 573 1218 632 in-

99 662 227 736 tegrum
251 651 291 712 ad
317 649 452 726 heredes
480 658 672 724 revertatur.
718 652 767 712 De
795 660 878 712 meta
904 672 982 722 uero
1011 659 1044 712 et
1069 673 1218 736 morgen-

101 739 163 822 gab
186 736 241 795 fiat
263 734 346 796 sicut
365 729 508 793 anterius
529 731 694 793 Edictum.
777 728 822 799 ll.
840 735 870 809 4.
891 735 922 810 4.

171 835 250 870 roan.
286 814 405 868 Martina
424 831 486 865 cum
504 813 613 866 Donato
630 823 679 888 tqo
697 821 789 866 tutore
809 816 951 878 Petrus-,te
980 817 1118 888 appellat,
1144 817 1221 892 quod

100 895 134 942 tu
150 897 228 940 tenes
247 885 299 936 sibi
317 887 390 936 malo
411 883 506 936 ordine
523 892 621 936 terram
639 883 667 934 in
685 883 734 936 tali
752 884 822 937 loco.
866 885 928 957 Ipsa
945 893 1016 938 terra
1034 904 1095 940 mea
1114 899 1153 942 cst
1171 906 1220 958 per
1260 911 1269 939 .·

101 957 315 1020 usumfructum
329 964 431 1007 eteece
450 953 585 1016 chartula,
600 971 682 1025 quam
692 953 758 1004 mihi
770 954 881 1017 maritus
898 955 1058 1028 meusfecit.
1078 957 1107 1010 Si
1126 960 1221 1010 charta

101 1029 269 1088 manifestat,
286 1025 360 1077 sicut
377 1025 430 1077 ista
447 1024 503 1080 Lux
521 1023 600 1086 dicit,
616 1031 666 1074 aut
685 1023 759 1076 dicat
775 1024 869 1077 falsam
891 1034 939 1077 aut
957 1032 1056 1078 taceat.
1101 1028 1220 1080 Martius

41 1115 42 1120 ¹
101 1105 132 1150 te
150 1097 273 1168 appellat
289 1097 400 1158 Petrus,
431 1093 506 1162 quod
527 1101 560 1145 tu
583 1101 661 1145 tenes
679 1092 731 1144 sibi
748 1102 848 1146 terram
860 1096 933 1161 malo
948 1095 1047 1164 ordine
1063 1095 1092 1147 iu
1110 1099 1221 1164 talile-

103 1183 158 1224 co..
182 1169 245 1220 Mea
262 1165 371 1235 propria
389 1171 429 1216 cst
445 1181 495 1233 per
512 1165 712 1230 successionem
731 1162 872 1216 lohannae
888 1181 966 1218 meac
992 1165 1123 1232 mulieris.
1158 1169 1222 1220 Nou

103 1235 188 1289 debes
204 1245 237 1288 tu
256 1251 315 1286 eam
334 1234 482 1286 succedere
499 1231 529 1284 in
546 1232 605 1301 ipsa
621 1241 703 1295 terra,
723 1233 788 1303 quia
810 1235 865 1288 fuit
888 1253 953 1302 suus
979 1235 1166 1303 ususlructus,
1191 1245 1223 1292 et

103 1307 162 1360 Lex
181 1305 365 1366 commendat,
385 1303 461 1374 quod
477 1311 629 1356 revertatur
647 1301 682 1353 ad
700 1319 752 1354 me.
1089 1355 1091 1361 ,

173 1392 260 1428 onoss.
295 1373 471 1426 Ususfructus
489 1374 571 1424 datur
588 1371 718 1424 uxoribus
738 1372 890 1427 amantis:
952 1373 994 1428 De
1012 1374 1138 1428 omnibus
1157 1395 1221 1442 suo-

102 1463 165 1500 rurn
181 1444 337 1497 maritorum
356 1443 456 1506 rebus,
483 1443 505 1494 si
532 1443 679 1497 volueriut.
723 1441 754 1495 Si
780 1445 892 1497 maritus
918 1444 1054 1498 decedens
1079 1444 1150 1499 filios
1171 1445 1222 1503 'vel

103 1517 173 1572 filias
189 1533 247 1568 non
263 1513 405 1582 reliquerit
422 1514 494 1566 ullos
545 1512 576 1564 Si
593 1513 705 1565 maritus
722 1513 859 1566 decedens
887 1515 1072 1568 ulios-liberos
1097 1532 1153 1572 nou·
1177 1527 1221 1570 re-

102 1586 217 1658 liquerit
242 1583 339 1650 ullos3
375 1583 527 1636 secundum
550 1583 691 1652 quosdam.
742 1585 914 1637 Ususfructus
938 1585 1019 1638 datur
1043 1585 1178 1643 uxoribus·
1198 1602 1221 1640 ἰ

62 1691 64 1696 -
94 1656 222 1711 -ιιιιιίιίιε
250 1655 310 1706 Non
330 1653 369 1704 de
389 1652 515 1705 omnibus
538 1670 649 1704 suorum
673 1653 833 1706 maritorum
850 1653 952 1718 rebus,
972 1655 1077 1708 etiamsi
1100 1657 1220 1718 voluerit

103 1725 156 1798 ipsi
174 1723 275 1784 mariti,
295 1723 340 1794 cui
363 1723 491 1792 reliquid.
527 1723 563 1774 Ut
587 1723 622 1774 de
645 1721 795 1779 medietate
821 1741 911 1777 rerum
938 1741 1070 1789 suarum,
1099 1726 1121 1778 si
1149 1727 1221 1790 filios

102 1794 443 1862 habettantumdeghac.
479 1793 516 1845 Ut
535 1793 570 1842 de
588 1791 684 1855 tercia,
703 1793 725 1844 si
747 1795 848 1858 unum,
868 1802 917 1846 aut
945 1793 1029 1860 duos;
1057 1795 1092 1848 de
1111 1807 1220 1866 quarta,

103 1867 127 1918 si
146 1873 218 1932 tres,
248 1863 283 1915 de
310 1863 424 1932 quinta,
452 1860 474 1913 si
493 1870 625 1932 quatuor3
652 1871 758 1915 ettam
784 1863 929 1934 deinceps,
954 1863 976 1914 si
1001 1864 1071 1916 filios
1094 1863 1223 1920 habuerit

104 1937 140 1989 de
159 1935 213 1992 alia
231 1949 326 1995 uxore,
354 1931 458 1984 etiamsi
475 1931 603 1984 habuerit
620 1932 690 1984 filios
712 1933 747 1984 de
765 1973 771 1985 .
792 1971 798 1984 .
819 1972 851 1986 ..
888 1934 925 1985 Ut
954 1933 988 1985 de
1015 1933 1121 1997 tercia,
1140 1943 1169 1988 et
1187 1946 1221 1990 ut

105 2005 174 2069 dixi,
195 2001 421 2055 etiamsibantum
438 2001 566 2054 habuerit
588 2001 658 2052 filios
683 2002 718 2052 de
745 2002 839 2072 priore.
876 1999 1050 2057 Ususfructus
1075 2005 1155 2057 aliter
1172 2003 1222 2061 lia·

104 2084 151 2128 tur
176 2073 316 2137 Romanis3
346 2072 425 2124 aliter
449 2071 629 2136 Langobar-dis
653 2071 821 2124 mulieribus.
865 2073 1010 2126 Romanis:
1036 2075 1129 2144 Usque
1155 2071 1221 2130 dum

104 2144 255 2213 nupserint
293 2143 385 2211 Usque
403 2142 468 2192 dum
484 2141 589 2204 vivunt,
609 2140 714 2193 etiamsi
732 2153 828 2211 postea
846 2142 997 2213 nupserint:
1043 2145 1137 2214 Usque
1155 2144 1221 2196 dum

104 2215 214 2277 vivunt,
239 2211 260 2263 si
280 2211 384 2282 absque
402 2211 501 2280 copula
518 2210 643 2264 vixerint.
682 2212 881 2279 Longobardis:
914 2213 1006 2284 Usque
1031 2213 1097 2266 dum
1120 2229 1223 2288 nupse-

105 2283 198 2338 serint
237 2282 329 2352 Usque
347 2281 413 2333 dum
430 2280 537 2342 vivunt,
563 2281 585 2332 si
604 2280 707 2351 absque
728 2284 827 2350 copula
844 2281 969 2337 vinerint·

182 2353 245 2414 Ἦ.
286 2349 439 2413 Pervenit
459 2351 499 2410 ad
521 2367 600 2426 nos,
633 2352 720 2432 quod
749 2354 825 2413 dum
849 2351 988 2434 ‘quidam
1008 2351 1157 2414 homines
1178 2351 1220 2429 ad

104 2433 344 2516 suscipiendam
365 2455 515 2516 sponsam
537 2431 702 2494 cuiusdam
733 2433 858 2517 sponsi,
890 2455 964 2494 cum
991 2435 1221 2518 paranymphis

104 2527 160 2578 aut
172 2515 319 2598 trotingis
327 2515 367 2597 f)
384 2516 593 2594 ambularent,
603 2518 753 2597 ,perversi
768 2515 917 2580 homines
930 2538 1045 2598 aquam
1060 2511 1221 2581 sordidam

105 2610 141 2662 et
160 2607 366 2664 stercoratam
387 2619 483 2680 super
502 2598 603 2680 ipsam
624 2598 801 2661 iactassent.
843 2599 908 2660 Sed
922 2599 998 2680 quia
1012 2601 1221 2683 cognovimus

105 2683 228 2745 malum
247 2681 313 2742 hoc
334 2702 391 2762 per
411 2683 538 2766 singula
559 2681 630 2741 loca
652 2682 741 2759 fieri,
763 2681 998 2764 praevidimus,
1021 2703 1062 2743 ne
1079 2705 1137 2766 pro
1157 2683 1221 2747 bau

106 2786 218 2827 caussa
250 2764 405 2848 ¹scandala
437 2773 471 2826 et
500 2764 675 2825 homicidia
702 2773 852 2848 surgant,
891 2774 926 2825 ut
962 2764 990 2826 si
1019 2765 1222 2848 quiscunque

56 2895 59 2902 .
106 2849 190 2909 liber
223 2847 321 2908 homo
351 2845 470 2909 liberae
500 2845 628 2908 mulieri
649 2847 748 2908 talem
768 2870 837 2908 rem
857 2847 963 2908 facere
984 2849 1221 2930 praesumserit,

108 2939 282 3012 componat
312 2929 405 2996 solid.
434 2930 583 2992 DCCCC.
616 2930 758 2990 medium
776 2930 867 3014 Regi
898 2937 931 2992 et
959 2929 1102 3010 medium
1123 2933 1222 2990 Mun-

42 3011 43 3014 ’
108 3008 228 3072 dualdo
258 3011 338 3074 eius.
388 3013 469 3074 Nam
496 3011 523 3072 si
553 3011 700 3073 homines
732 3012 932 3095 pertinentes
965 3009 1035 3074 sine
1056 3011 1223 3072 voluntate

106 3094 242 3156 Domini
263 3094 312 3154 sui
332 3095 397 3156 hoc
417 3093 576 3171 fecerint,
618 3104 650 3155 et
680 3093 829 3156 dominus
851 3115 910 3177 per
931 3102 1166 3156 sacramentum
1187 3113 1221 3156 se

106 3175 345 3258 purificaverit,
368 3178 456 3257 quod
479 3197 538 3258 per
558 3176 625 3238 eius
648 3197 842 3238 consensum
864 3197 930 3236 non
951 3175 1066 3236 fuisset
1085 3177 1221 3255 facturn,

108 3259 192 3321 servi
214 3259 276 3341 ipsi
297 3259 465 3320 tradantur
485 3258 519 3316 in
541 3280 655 3319 manus
676 3259 868 3322 Mundualdi
889 3257 959 3318 eius
967 3303 976 3336 ,
1015 3266 1047 3318 et
1073 3258 1140 3340 ipse
1171 3261 1223 3319 fa-

108 3341 174 3403 ciat
196 3341 235 3402 de
258 3340 296 3402 iis
317 3341 406 3421 quod
428 3340 459 3402 ei
479 3341 658 3422 placuerit,
696 3351 727 3400 et
758 3341 893 3423 amplius
923 3349 1077 3420 patronus
1097 3342 1222 3404 salurn-

109 3423 198 3483 niam
219 3445 285 3484 non
307 3423 434 3485 habeat.
477 3423 575 3501 Quod
596 3423 621 3484 si
643 3423 747 3483 iurare
771 3445 836 3482 non
866 3421 1008 3504 poterit,¹
1037 3433 1223 3508 componat,

109 3515 261 3587 utsupra
283 3505 405 3567 dictum
426 3515 494 3584 est,
515 3504 635 3568 solidos
655 3506 805 3571 DCCCC.
868 3507 894 3567 l.
922 3505 966 3564 16.
989 3505 1021 3574 8.

178 3605 258 3641 roan.
294 3589 373 3642 Petre
395 3596 424 3641 te
453 3587 575 3658 appellat
592 3587 741 3651 Martinus,
762 3586 851 3658 quod
876 3586 964 3641 Maria
982 3605 1032 3641 sua
1049 3585 1222 3640 Munduald'a

108 3655 187 3722 ibat,
221 3668 254 3712 ut
280 3666 351 3711 esset
376 3657 563 3728 paranympha
589 3657 652 3712 cuni
676 3657 871 3710 ioculatoribus
889 3659 924 3709 de
942 3673 1040 3726 sponsa
1057 3659 1150 3710 Paula.
1186 3657 1222 3710 Et

109 3735 162 3790 tu,
193 3728 239 3780 vel
263 3727 331 3782 servi
357 3728 400 3781 tui
417 3728 554 3798 proiecisti
573 3745 672 3800 aquam
690 3728 824 3780 sordidam
844 3736 872 3780 et
890 3735 1009 3780 stercora
1026 3745 1107 3796 super
1124 3727 1218 3796 ipsam.
1262 3780 1264 3784 ,

109 3797 152 3849 De
168 3805 249 3850 torto.
284 3797 422 3868 Approbet
439 3799 599 3870 appellator,
620 3798 789 3868 si-potucrit.
809 3797 868 3861 Sin,
887 3798 997 3851 exdicat
1013 3799 1222 3868 coappellatur,

112 3873 162 3919 aut
179 3866 322 3930 emendet,
350 3868 422 3921 sicut
439 3870 486 3921 lex
506 3878 555 3922 est.

191 3938 264 3999 Vll.
305 3931 431 4021 Siquis
452 3937 678 4020 Langobardus
701 3959 775 3998 cum
789 3919 1011 4013 Pontificibus
1031 3905 1244 4013 Abbalibus,¹

111 4017 164 4081 vel
182 4018 612 4101 CustodibusEcclesiarum,
635 4042 693 4084 seu
714 4019 998 4082 xenodochiorum
1019 4018 1226 4122 praepositis,
1254 4059 1256 4062 -

178 4219 212 4290 f)
230 4220 270 4274 ll.
290 4220 375 4274 cedd.
395 4218 551 4292 trocting'is.
571 4175 657 4274 Glosr.
682 4219 894 4277 municionibus.
913 4216 1025 4272 Herold,
1044 4217 1170 4288 trutings'.
