2684 4868
143 271 218 346 524
343 279 449 347 neers
466 284 759 347 mensurnorum
776 288 842 348 nis.
860 289 895 347 v.
912 289 984 351 ur.
1001 291 1034 348 v.

141 433 245 499 versis
271 429 417 494 hostilius
444 430 612 493 extiterint
644 439 811 514 occupata,
832 431 858 494 si
880 430 919 492 ab
944 431 1126 494 hominibus
1158 437 1253 518 regni

144 517 245 580 nostri
265 507 470 598 reperiantur
496 517 649 590 excussa,
683 514 739 574 ille
767 514 824 596 qui
846 513 1001 592 abhoste
1026 515 1174 595 abstulit,
1212 540 1253 579 ex

144 622 211 682 quo
227 597 484 680 unumquodque
505 596 701 678 mancipium
721 597 829 658 valere
851 597 934 657 iuste
956 598 1153 675 constiterit,
1184 609 1254 661 ter·

72 691 75 697 '
143 684 220 743 tiam
239 691 362 764 partem
380 678 483 763 precii
502 678 628 757 hebeat,
658 688 690 741 et
707 678 866 762 mancipia
887 679 1018 740 domino
1043 679 1252 742 nihilominus

143 765 269 831 reddat.
311 761 409 842 Quod
439 761 465 822 si
496 761 667 824 venditum
693 759 732 820 ab
753 761 898 824 hostibus
931 761 1125 845 mancipium
1153 764 1253 824 tuerit

146 855 332 931 acceptum,
359 865 434 907 eum
454 843 636 926 iuramento
655 845 881 906 manifestetur
898 844 1046 926 precium
1067 845 1193 906 datums
1216 849 1252 907 'ao

141 938 223 992 tune
252 929 310 992 ille
330 927 387 1010 qui
417 925 509 990 dedit
528 927 689 1009 integrum
710 927 872 1009 precium,
901 934 935 988 et
954 935 1111 1008 quantum
1132 927 1255 988 munci·

143 1015 235 1097 pium
255 1008 437 1074 melioravit
457 1019 643 1092 acceptum,
672 1031 690 1069 a
711 1010 842 1072 domiuo
864 1008 1022 1094 recipiat,
1042 1031 1183 1092 moxque
1205 1010 1256 1072 illi

28 1165 31 1172 ,
142 1117 238 1160 sunm
258 1089 456 1177 mancipium
478 1090 744 1154 inexcusabiliter
762 1091 886 1154 reddat.

503 1206 606 1274 xxu.
634 1227 696 1269 sas.
719 1228 805 1268 caus.
826 1228 895 1270 nux.

287 1323 358 1406 Quo
373 1342 528 1420 praesens
545 1321 639 1384 diber
665 1313 777 1384 debeat
797 1320 905 1418 pretio
923 1323 1112 1405 comparari.

228 1405 272 1467 Ut
293 1425 397 1465 omnis
419 1404 459 1465 de
481 1413 590 1466 cetero
612 1412 644 1466 et
667 1403 853 1486 improbitas
875 1401 1101 1483 distrahentis,
1133 1413 1168 1466 et
1190 1404 1257 1467 dis·

142 1487 301 1574 pendium
321 1486 493 1570 temperari
513 1486 613 1569 possit
632 1485 804 1569 emptoris,
837 1485 872 1548 id
897 1488 1058 1570 praesenti
1088 1487 1255 1551 sanctione

144 1572 333 1634 decernitur
353 1569 455 1652 legis:
486 1569 611 1631 scilicet
643 1577 680 1637 ut
707 1569 964 1652 quotiescunque
989 1567 1080 1634 buno
1109 1571 1256 1633 codicem
1336 1595 1337 1598 ¹

143 1652 326 1716 eonstiterit
359 1650 577 1728 venumdari,
617 1673 682 1712 non
714 1650 851 1734 amplius
871 1673 968 1734 quam
987 1653 1055 1715 Xll.
1076 1653 1255 1714 solidorum

144 1755 315 1798 numerum
336 1731 482 1815 accipere
502 1731 684 1811 venditori,
713 1733 867 1816 seldene
887 1733 999 1796 licebit
1020 1735 1167 1818 emptori.
1221 1735 1255 1796 Si

144 1820 218 1902 quis
240 1840 317 1879 vero
347 1837 444 1900 super
474 1817 561 1878 hunc
585 1815 688 1897 precii
717 1836 890 1878 numerum
921 1815 1067 1900 accipere
1099 1817 1151 1880 vel
1180 1818 1258 1880 dare

143 1899 417 1986 praesumpserit,
446 1899 482 1966 C.
513 1897 716 1984 flagellorum
746 1897 863 1961 ictibus
894 1921 913 1961 e
950 1898 1058 1963 iudice
1091 1898 1256 1964 uerberari

144 2005 180 2047 se
203 1983 343 2048 noverit.

254 2149 343 2222 Tru.
370 2148 417 2222 V.
467 2149 526 2222 De
551 2124 811 2224 commendatis
834 2161 872 2222 et
895 2149 1149 2222 commodatis.

576 2315 602 2377 1.
663 2336 813 2390 aurique.

201 2428 252 2488 Dc
274 2427 462 2492 animalibus
481 2429 516 2488 iu
536 2428 712 2492 custodiam
730 2429 851 2514 placita
869 2426 1013 2510 mercede
1034 2428 1194 2512 susceptis.

194 2575 197 2582 ,
228 2509 263 2570 si
283 2509 355 2590 quis
378 2511 555 2588 caballum,
576 2513 629 2574 vel
650 2512 782 2588 bovem,
804 2520 859 2573 aut
879 2510 1048 2592 quodlibet
1069 2508 1255 2572 animalium

146 2612 258 2675 genus,
278 2591 397 2674 placita
417 2593 566 2656 mercede
595 2593 636 2656 ad
657 2594 903 2656 custodiendum
930 2593 1130 2676 susceperit:
1163 2593 1191 2655 si
1222 2593 1256 2654 id

145 2675 298 2758 perierit,
330 2673 430 2736 alium
451 2675 596 2738 eiusdem
616 2675 743 2755 meriti,
768 2677 833 2738 'ille
860 2675 918 2758 qui
946 2675 1169 2738 commendata
1203 2677 1255 2738 rel

146 2757 344 2820 commodata
365 2758 552 2841 susceperit,
575 2759 736 2828 exsolvat:
767 2759 794 2822 si
813 2768 922 2820 tamen
951 2760 1135 2822 mercedem
1156 2759 1256 2821 fuerit

144 2862 202 2924 pro
226 2838 369 2901 custodia
391 2851 632 2923 consequutus,
661 2842 714 2903 vel
757 2862 794 2903 ro
816 2843 987 2904 conducto.
1030 2842 1127 2922 Quod
1149 2841 1176 2902 si
1188 2842 1255 2924 „illa

144 2923 202 3006 qni
224 2922 352 2982 nullum
374 2923 529 3004 placitum
549 2946 608 3006 pro
620 2865 768 2987 mercede
791 2931 985 3007 susceperat,
1007 2943 1076 2988 rem
1097 2935 1257 2986 mennam

144 3027 212 3068 esse
234 3005 424 3088 probaverit,
442 3027 503 3068 nec
524 3005 580 3070 ille
603 3011 785 3071 mercedem
806 3009 957 3091 recipiat,
979 3009 1100 3070 neceb
1123 3007 1181 3068 illo
1198 3007 1256 3068 ali-

143 3089 223 3172 quid
242 3087 432 3170 requiratur.
473 3090 521 3151 Ea
541 3100 649 3152 minen
669 3091 813 3168 ratione,
843 3101 879 3152 ut
898 3092 1049 3174 praebeat
1070 3111 1254 3152 sacramen-

142 3182 212 3234 tum
234 3171 302 3249 ille,
325 3169 382 3252 qui
404 3173 626 3234 commendata
646 3181 849 3256 susceperat,
874 3174 963 3256 quod
990 3194 1056 3234 nou
1086 3194 1145 3256 per
1165 3193 1256 3234 suam

143 3255 282 3337 eulpam,
305 3274 414 3334 neque
437 3277 497 3336 per
517 3255 769 3340 negligentiam,
798 3255 917 3317 animal
949 3265 1050 3318 morte
1081 3277 1256 3338 consump-

141 3349 210 3401 tum
232 3337 292 3413 sit,
315 3346 348 3399 et
372 3335 455 3398 nihil
477 3348 608 3423 cogatur
628 3339 805 3402 exsolvere.
857 3337 976 3400 Similis
998 3347 1030 3401 et
1051 3338 1094 3402 de·
1112 3359 1255 3400 commo-

143 3421 224 3485 datis
245 3421 348 3482 forma
373 3430 526 3484 servetur.

581 3539 624 3602 11.
670 3558 817 3614 auricus.

344 3657 393 3715 De
420 3655 611 3718 animalibus
633 3655 667 3715 iu
690 3645 1046 3736 augariam'praestitis.
1083 3711 1084 3716 ,

222 3737 352 3820 Siquis
374 3736 472 3798 alicui
496 3737 687 3814 iumentum,
709 3748 765 3799 aut
786 3737 965 3814 caballum,
996 3744 1051 3796 aut
1072 3734 1162 3795 uliud
1184 3733 1255 3794 ani-

139 3820 203 3880 mal
223 3820 433 3902 praestiterit,
464 3829 496 3882 et
516 3843 575 3904 per
595 3821 737 3903 aliquam
756 3819 974 3881 infirmitatem
994 3818 1081 3900 apud
1102 3839 1177 3879 eum
1199 3815 1256 3898 qui

140 3904 264 3984 aceepit
286 3903 448 3980 moriatur,
473 3913 707 3965 sacramentum
727 3901 879 3986 praebere
904 3901 1051 3980 debebit,
1076 3899 1165 3982 quod
1188 3920 1254 3960 non

138 4005 198 4067 per
218 4007 314 4056 suam,
332 3986 480 4067 culpam,
502 4008 610 4069 neque
631 4007 689 4070 per
711 3985 940 4068 negligentiam
962 3997 1063 4046 morte
1083 4005 1256 4064 consump-

139 4080 208 4130 tum
230 4070 289 4146 sit,
312 4077 345 4129 et
367 4068 415 4128 nil
437 4077 570 4150 cogatur
590 4069 766 4150 exsolvere.
806 4069 873 4128 'Sin
893 4077 1001 4128 autem
1022 4066 1159 4126 nimium
1180 4086 1255 4125 cae-

142 4152 267 4228 dendo,¹
283 4150 336 4213 vel
357 4152 460 4211 fasces
484 4152 747 4228 carrieuudo,aut
767 4163 965 4232 quocunque
988 4171 1086 4213 onere
1107 4149 1160 4210 vel
1180 4169 1256 4231 pen-

142 4235 291 4298 cussioue
313 4243 475 4296 momuum
495 4233 604 4313 fuerit,
626 4234 772 4297 eiusdem
791 4233 898 4296 meriti
912 4233 1032 4297 animal
1053 4232 1187 4295 domino
1211 4229 1257 4293 si·
