2684 4868
130 265 207 340 est
313 279 419 338 sucis
438 277 999 340 wistooruonruma.v111.r1r.
1018 284 1066 346 ni.

127 423 221 509 quod
238 421 338 507 periit
358 419 509 482 incautus
530 429 668 482 venator
689 422 952 506 exsolvat,«quia
974 426 1161 512 quadrupes
1188 429 1249 492 sibi

130 527 169 570 ea
204 525 321 569 cavere
355 525 420 564 non
454 503 572 585 potuit.
613 505 735 566 Omnes
771 527 847 567 vero
874 507 1037 589 proximos
1061 521 1093 571 et
1122 513 1248 574 vicinos

130 599 269 654 venator
295 595 370 650 ante
392 593 609 647 commoueat:
644 597 677 650 et
707 588 734 649 si
759 587 831 671 pos't
853 592 1134 655 commonitionem
1156 597 1247 678 quis-

127 690 227 758 quam
259 672 293 732 in
324 671 405 732 haec
439 669 588 730 incautus
624 669 773 749 irruerit,
813 671 894 734 nihil
924 695 965 734 ex
1001 673 1063 738 hoc
1099 679 1245 760 calump-

128 759 203 818 niae
236 753 383 817 venatori
413 761 541 836 oportet
576 755 714 836 opponi:
743 754 820 838 quia
844 755 958 818 seille
982 759 1150 840 periculo,
1185 761 1262 843 qui¹

129 838 418 902 ammonitionem
461 835 574 896 audire
612 838 775 920 neglexit,
814 838 944 904 obiecit.
995 841 1031 900 Si
1060 844 1131 924 quis
1165 864 1242 905 raro

129 924 172 986 tle
201 921 282 984 locis
319 919 603 1002 longinquioribus
639 921 796 993 veniens,
841 922 898 1003 qui
940 943 1005 983 uon
1037 925 1143 985 fuerat
1171 936 1244 986 aute

129 1004 364 1080 commonitus,
397 1003 548 1085 ignorans
580 1003 753 1082 inciderit,
788 1013 820 1065 et
840 1003 941 1065 luerit
976 1005 1162 1069 debilitatus
1193 1016 1247 1067 aut

130 1097 293 1159 mortuus;
330 1087 384 1148 hic
416 1086 473 1167 qui
505 1085 582 1145 feris
611 1086 743 1148 iusidias
777 1087 830 1148 vel
862 1088 996 1171 laqueos
1023 1091 1246 1174 praeparavit,

129 1172 259 1232 tertiam
279 1179 403 1252 partem
423 1167 665 1250 compositionis
697 1171 854 1247 exsolvat,
882 1192 965 1252 quae
997 1173 1105 1234 fuerat
1137 1173 1248 1234 hacte-

129 1275 190 1315 nus
225 1252 402 1315 debilitatis
435 1250 624 1312 homiuibus
648 1252 701 1314 vel
734 1252 868 1331 occisis,
898 1254 932 1314 iu
957 1253 1084 1336 legibus
1106 1275 1249 1338 compre·

128 1335 247 1403 hensa:
274 1334 351 1418 quia
372 1333 407 1394 in
434 1333 552 1395 itinere
579 1333 765 1398 homiuibus
784 1338 848 1400 hoc
867 1336 1052 1422 periculum
1072 1338 1248 1402 nescienti-

128 1419 191 1486 bus
214 1439 372 1506 apparare
392 1435 459 1479 uon
484 1415 609 1480 debuit.

465 1617 467 1624 Ι
529 1531 654 1601 XXIV.
696 1555 843 1612 anricus.

301 1651 352 1712 De
376 1648 523 1733 dampnis
544 1650 607 1710 iter
631 1649 792 1736 publicum
813 1649 1076 1721 concludentium.

213 1765 253 1828 Si·
275 1765 340 1826 iter
370 1764 541 1849 publicum
570 1765 716 1827 clausum
747 1775 803 1828 ant
831 1769 1041 1830 constrictum
1068 1769 1130 1849 sit,
1157 1789 1247 1832 rum-

129 1851 222 1938 penti
253 1871 363 1945 sepem
390 1859 445 1909 aut
481 1848 605 1909 vallum
639 1850 731 1909 nulla
761 1849 923 1911 calumnia
954 1862 1130 1920 moveatur.
1184 1857 1247 1918 Ille

130 1955 209 1997 vero
230 1954 287 2016 qut
310 1955 393 1994 viam
416 1933 573 1995 clauserat
600 1933 654 1992 rel
676 1932 931 2012 constrinxerat,
959 1957 1044 2017 quae
1073 1958 1248 1999 consueve-

130 2026 183 2081 rat
207 2017 431 2098 frequentari,
462 2017 488 2076 si
510 2035 619 2076 servus
643 2023 708 2092 est,
744 2037 762 2075 a
785 2015 892 2080 iudice
915 2019 1112 2099 perducatur
1132 2021 1173 2082 ad
1195 2043 1247 2082 se·

129 2123 222 2186 pen,
244 2110 276 2160 et
296 2112 429 2161 centum
456 2097 583 2181 flagella
605 2098 774 2180 suscipiat,
805 2110 838 2161 et
860 2122 919 2184 per
941 2101 1175 2164 districtionem
1197 2105 1246 2163 iu·

129 2185 214 2246 dicis
241 2183 384 2265 priorem
410 2182 492 2243 riam
524 2181 649 2262 aperire
680 2191 829 2264 cogatur,
863 2184 959 2245 etiam
987 2186 1013 2245 si
1041 2186 1151 2246 messis
1182 2186 1246 2247 ibi·

131 2269 299 2330 aarum
326 2266 484 2327 rideatur.
535 2265 572 2327 si
600 2285 678 2325 vero
710 2267 744 2325 id
780 2266 878 2327 fuerit
903 2289 920 2326 a
944 2270 1126 2349 potentiore
1157 2290 1245 2329 com·

131 2350 283 2423 usinum,
327 2350 501 2430 exigantur
530 2348 559 2409 ei
595 2347 690 2408 solidi
720 2347 789 2409 XX.
809 2350 965 2433 Reliquae
994 2361 1103 2411 autem
1133 2373 1244 2434 perso-

133 2451 194 2496 na
223 2431 301 2490 talia
338 2432 592 2508 committentes,
633 2431 772 2492 decenos
806 2433 926 2494 solidos
961 2434 1129 2496 exsolvere
1157 2457 1244 2496 eom-

129 2511 297 2610 pelluntur
323 2512 369 2576 ita
398 2523 435 2576 ut
474 2515 578 2576 omnis
605 2512 702 2575 huius
726 2513 776 2576 rei
800 2515 987 2602 compositio
1022 2516 1090 2580 fisci
1120 2517 1244 2580 iuribus

129 2597 299 2662 utuntur.

543 2711 646 2780 XXV.
687 2734 835 2790 unricus.

301 2829 351 2888 De
369 2827 524 2889 seruando
548 2829 650 2912 spatio
670 2829 763 2890 iuxta
786 2831 857 2890 uias
886 2831 1039 2916 publicas.

215 2904 312 2974 Viam
334 2931 394 2992 per
423 2933 520 2992 quam
545 2911 586 2972 ad
611 2911 775 2974 civitatem
809 2922 864 2973 aut
897 2914 938 2975 ad
966 2914 1147 2996 provincias
1173 2936 1244 2975 nos·

131 2994 196 3057 t'ras
229 2993 278 3057 ire
320 2994 569 3072 consuevimus,
602 2995 713 3056 nullus
744 2997 906 3079 praecepti
939 2999 1040 3058 nostri
1071 3006 1243 3058 temerator

131 3081 265 3158 existat,
296 3088 332 3138 ut
355 3099 424 3138 eam
446 3079 598 3140 excludat
627 3077 680 3142 vel
704 3077 895 3162 adstringat:
919 3080 975 3143 sed
1000 3081 1161 3164 utrimque
1177 3103 1242 3140 me·

131 3161 232 3227 dietas
258 3161 422 3246 aripennis
451 3161 552 3223 libera
586 3171 790 3239 reservetur,
826 3173 861 3223 ut
891 3162 1116 3224 itinerantibus
1145 3163 1245 3246 appli-

130 3246 228 3308 candi
252 3245 391 3330 spatium
417 3266 482 3305 nou
515 3254 653 3309 vetetur.
694 3243 728 3304 Si
756 3245 827 3326 quis
858 3255 964 3306 autem
987 3245 1174 3308 huiusmodi
1201 3247 1246 3306 lo·

131 3330 180 3412 gis
217 3337 389 3414 praecepta
413 3328 668 3406 transcenderit,
689 3327 716 3388 si
741 3328 843 3388 maior
865 3349 1004 3412 persona
1030 3339 1094 3408 est,
1127 3329 1182 3390 det
1198 3351 1246 3389 so·

130 3413 215 3474 lidos
244 3411 449 3496 quindecim:
486 3412 658 3474 inferiores
691 3431 848 3494 personae
878 3420 1011 3475 octenos
1038 3412 1158 3475 solidos
1183 3413 1245 3472 sol-

130 3505 210 3559 vant
238 3497 315 3557 fisco
345 3495 541 3576 profuturos.
611 3493 678 3572 Qui
712 3503 798 3554 certe
829 3494 918 3557 iuxta
948 3495 1133 3558 huiusmodi
1161 3495 1246 3554 viam

129 3599 288 3658 messem,
317 3587 371 3638 aut
397 3577 541 3655 vineam,
579 3577 632 3638 vel
654 3584 801 3660 pratum,
838 3578 907 3641 sive
940 3579 1129 3640 conclusum
1150 3576 1247 3638 habe·

77 3717 82 3730 ,
130 3683 166 3722 re
196 3662 419 3744 cognoscitur,
448 3682 523 3744 sepe
544 3670 718 3743 utrumque
743 3663 924 3723 concludat.
986 3663 1082 3740 Quod
1105 3661 1131 3722 si
1151 3683 1247 3742 prop-

130 3754 181 3805 ter
199 3745 394 3830 paupertatis
417 3745 597 3826 angustiam
622 3764 770 3827 campum
796 3746 924 3828 sepibus
950 3767 1017 3806 uon
1052 3743 1152 3829 possit
1178 3765 1246 3804 am-

129 3827 221 3908 bire,
250 3830 405 3890 fossatum
432 3828 629 3912 protendere
657 3851 723 3890 non
746 3839 897 3892 moretur.

529 3943 648 4008 XXVI.
692 3965 860 4022 urricus.

134 4061 173 4124 Sl
193 4058 234 4120 de
258 4059 378 4144 campis
397 4061 584 4122 vacantibus
602 4062 666 4121 iter
685 4063 842 4141 agentium
863 4059 1013 4123 animalia
1033 4057 1245 4142 expellantur.

215 4142 250 4204 si
264 4142 381 4224 aliquis
400 4143 440 4204 de
460 4153 645 4226 apertorum
657 4153 688 4205 et
707 4144 889 4206 vacantium
903 4165 1087 4226 camporum
1107 4142 1245 4225 pascuis,

132 4215 212 4290 licet
235 4247 290 4289 eos
317 4227 456 4311 quisque
473 4227 566 4291 fossis
594 4227 828 4312 praecinxerit,
859 4227 1016 4308 caballos,
1047 4226 1244 4304 authores,
