2684 4868
137 253 226 342 564.
325 271 430 330 mors
448 272 739 332 wrstooraouuu
767 270 838 330 tte.
856 273 920 330 vn.
937 275 1008 330 rrr.
1027 279 1068 336 n.

137 416 195 500 qui
216 413 358 500 perdidit
387 412 552 490 sancietur,
574 420 607 476 et
628 420 765 495 uterquc
790 432 865 476 reus
887 414 922 475 C.
951 412 1152 498 flagellorum
1175 441 1250 483 ver-

135 499 265 563 beribus
286 505 482 560 coerceatur.
524 494 672 573 Quodsi
698 504 751 556 aut
779 495 922 579 ingenuo
945 496 1027 559 desit
1046 502 1132 564 unde
1154 525 1248 566 com-

135 591 244 668 ponat,
268 577 418 642 dominus
441 597 637 660 componere
650 599 710 660 pro
732 599 823 640 servo
846 599 904 640 suo
925 599 990 640 non
1015 593 1149 655 annuat;
1168 609 1245 668 per-

136 684 226 742 sona,
249 682 331 750 quae
353 681 385 724 se
409 661 485 722 furti
501 661 852 746 contagio-sordidavit,
875 661 1029 726 servitura
1045 663 1091 728 rei
1111 669 1242 730 domino

137 747 327 833 perenniter
344 744 535 808 subiacebit.
1196 763 1199 770 ⁴

436 859 526 925 XIV.
568 877 629 924 sas.
671 876 736 924 css.
776 877 863 924 nens.
904 883 974 924 nex.

136 979 179 1043 Ut
197 972 260 1062 sor
282 986 390 1064 captos
410 974 605 1062 perducatur
628 973 675 1035 ad
696 971 851 1056 iudicem,
879 988 910 1036 et
938 988 974 1036 ot
1002 977 1155 1058 ingenuus
1175 997 1245 1042 cuns

214 1083 309 1123 servo
328 1059 457 1142 societas
470 1056 599 1139 furtum
619 1077 713 1117 unam
732 1059 990 1141 compositionem
1010 1063 1164 1122 exsolvat.

211 1139 279 1204 Fur
304 1142 330 1204 si
359 1149 470 1224 captus
501 1139 624 1214 fuerit,
654 1139 851 1222 perducatur
878 1140 919 1201 ad
946 1141 1107 1205 iudicem:
1137 1143 1181 1204 ita
1210 1149 1248 1205 ut

130 1228 294 1310 ingennus
317 1225 499 1305 novecuplo
522 1223 652 1288 sublata
672 1222 836 1299 restituet,
866 1232 903 1284 et
930 1233 1084 1287 extensus
1110 1228 1245 1310 publice

131 1328 239 1372 coram
264 1305 375 1370 iudice
398 1313 530 1367 centum
558 1304 686 1387 flagella
705 1304 869 1388 suscipiat.
924 1309 1069 1384 Quodsi
1098 1331 1164 1370 non
1187 1311 1248 1371 he-

125 1384 236 1456 buerlt
257 1387 344 1454 unde
376 1397 564 1472 componet,
595 1396 700 1449 careat
724 1389 890 1464 libertate,
921 1388 973 1450 illi
994 1392 1169 1454 serviturus
1190 1391 1246 1453 cni

127 1479 252 1539 furtum
271 1472 396 1535 lecerit.
445 1473 562 1534 Servus
592 1478 699 1532 autem
720 1471 867 1554 sexcupli
898 1475 1165 1556 compositionem
1186 1495 1245 1536 co-

129 1569 222 1642 gatur
243 1556 431 1633 exsolvere,
462 1563 495 1616 et
520 1561 653 1614 centum
674 1551 801 1637 flagella
826 1564 900 1616 ante
927 1555 1069 1620 indicem
1090 1567 1245 1622 extensus

128 1642 276 1738 accipiat.
318 1641 390 1722 lpse
411 1657 488 1703 vero
509 1635 543 1696 in
565 1635 710 1700 custodia
731 1659 749 1696 a
771 1637 878 1703 iudice
900 1645 1060 1717 teneatur,
1072 1663 1243 1724 quousque

129 1725 280 1786 dommus
302 1722 372 1789 eius
392 1741 451 1808 pro
473 1740 511 1782 eo
526 1719 746 1796 admoneatur,
759 1727 795 1780 ut
815 1729 870 1779 aut
888 1742 947 1803 pro
963 1741 1054 1784 servo
1072 1745 1129 1786 suo
1153 1740 1244 1785 com-

127 1828 250 1890 ponere
273 1827 340 1869 non
364 1809 524 1879 moretur,
546 1810 602 1862 aut
624 1802 650 1862 si
673 1811 760 1863 certe
787 1803 972 1883 distulerit,
994 1828 1147 1890 cumpro
1174 1807 1241 1868 cri·

127 1884 292 1959 milicem
313 1887 434 1964 malum
455 1884 551 1962 fecit,
581 1883 707 1946 tradere
741 1903 806 1944 non
837 1896 987 1949 moretur.
1030 1889 1068 1950 ld
1098 1889 1243 1974 denique
1278 1889 1285 1898 '

129 1974 167 2035 in
185 1971 248 2036 hac
268 1969 340 2068 lege
364 1967 556 2034 servandum
577 1975 646 2045 est,
676 1977 713 2028 ut
733 1965 759 2029 si
786 1989 896 2032 servus
917 1979 949 2030 et
973 1971 1158 2055 ingenuus,
1180 1993 1240 2034 seu

128 2052 213 2127 serui
241 2065 274 2117 et
304 2052 457 2136 sngenui,
491 2073 594 2112 unum
622 2050 768 2130 animal,
798 2061 852 2112 aut
884 2073 1113 2137 quamcunque
1143 2077 1244 2116 unam

127 2161 217 2222 rem,
231 2137 300 2223 pari
323 2157 484 2200 consensu
505 2133 701 2210 iuraverint,
729 2156 827 2194 unam
849 2137 1114 2218 compositionem
1137 2139 1244 2200 exsol-

126 2233 227 2308 vam,
242 2216 276 2287 id
295 2221 352 2284 est,
364 2220 525 2302 ingenuus
546 2215 748 2277 medietatem
770 2219 954 2302 norecupli,
976 2227 1006 2281 et
1023 2221 1133 2284 servus
1155 2222 1244 2282 idem

128 2304 334 2385 medietatem
355 2300 518 2397 sexcupli:
556 2297 683 2384 flagella
708 2307 815 2364 tamen
842 2300 1022 2363 secundnm
1042 2304 1243 2386 superiorem

129 2386 278 2459 ordinem
299 2393 473 2467 acceptum.
513 2383 593 2444 Nam
617 2391 649 2442 et
671 2382 710 2444 de
730 2383 858 2444 maioris
880 2406 1001 2446 summa
1021 2387 1110 2464 furti,
1133 2410 1151 2447 a
1173 2393 1242 2448 ser-'

128 2490 172 2535 ro
192 2477 224 2529 et
240 2467 395 2550 ingenuo,
417 2465 471 2528 vel
492 2465 592 2526 serris
614 2473 646 2526 et
667 2463 818 2548 ingenuis
838 2468 933 2544 facta,
954 2468 1117 2552 praedicta
1138 2472 1243 2530 forma

131 2549 318 2631 sectabitur.
372 2543 414 2612 Et
447 2547 717 2629 quemadmodum
736 2549 895 2634 {superius
928 2552 1137 2615 constitutum
1167 2561 1241 2634 est,

133 2641 215 2699 ante¹
232 2629 374 2702 iudicem
394 2627 582 2716 flagellandi
604 2639 688 2692 sunt.

550 2743 618 2812 XV·
659 2763 810 2823 cursous.

175 2855 201 2883 ’“
307 2941 309 2950 ⁴
335 2858 375 2927 'Sc'
392 2859 456 2950 fut·
480 2885 514 2925 sc
538 2861 648 2946 gladio
671 2862 840 2942 vindicans
861 2863 1035 2930 occidatur.
1134 2888 1138 2901 ·

198 2938 280 3028 Ἕω·
297 2947 355 3035 qui
372 2967 431 3032 per
452 2945 538 3008 diem
555 2967 588 3008 se
610 2942 717 3029 gladio
739 2944 905 3009 defensare
926 2947 1075 3032 volucrit,
1095 2948 1245 3016 siluerit

24 3105 27 3112 f
128 3032 279 3111 occisus,
309 3051 395 3094 mors
411 3029 486 3093 ‘eius
507 3027 694 3091 nullatenus
715 3028 909 3111 requiratur.

541 3141 627 3210 XVI.
665 3161 815 3223 sumque.

123 3340 125 3344 Ι
241 3275 244 3282 ’
283 3260 405 3346 St‘fur
432 3273 626 3339 nocturnus,
660 3260 736 3323 dom
759 3265 901 3348 capitur,
927 3263 1102 3339 occidatur.

204 3337 279 3410 tur
299 3356 478 3428 nocturnus
499 3351 610 3425 captus
630 3340 664 3404 in
685 3346 790 3423 furto,
813 3348 890 3407 dum
910 3369 960 3410 res
980 3349 1113 3412 furtivas
1132 3367 1245 3412 secum

129 3439 261 3516 portare·
287 3438 442 3510 cerami,
472 3424 499 3489 si
527 3426 627 3490 fuerit
657 3426 800 3508 occisus,
821 3449 907 3493 mors
936 3430 1007 3495 eius
1029 3433 1122 3494 nullo
1143 3434 1243 3494 modo

130 3512 325 3621 Vlndlchlul‘z

151 3619 155 3632 '
529 3617 637 3683 xvtt.
679 3638 830 3695 surmus.

131 3737 182 3800 De
205 3729 399 3816 malefactis
417 3745 450 3795 ct
468 3731 607 3796 indebite
630 3735 800 3793 contractis
820 3731 933 3794 rebusr
959 3746 990 3796 et
1011 3746 1046 3795 ut
1065 3747 1185 3797 tantum
1201 3735 1242 3797 de

279 3817 338 3878 itta
358 3836 393 3878 rc
415 3817 601 3901 compositio
615 3811 704 3900 fiat,
736 3835 815 3958 lm
837 3812 943 3896 faerit
963 3817 1095 3882 sublata.

215 3897 491 3982 stqatsresaat
510 3898 699 3959 vestimenta
720 3898 827 3958 aiens
848 3898 931 3959 male
953 3901 1153 3980 tractaverit,
1187 3905 1243 3962 aut

123 3985 165 4047 ln
181 3984 319 4045 'itinere'
336 3982 546 4069 constitutum
575 3981 608 4041 in
638 3981 748 4063 aliquo
779 3981 967 4065 contigerit,
994 3984 1048 4045 vel
1078 3982 1189 4046 furtim
1211 3984 1242 4047 ei

130 4069 357 4154 quodcunque
374 4065 558 4142 sustulerit,
589 4064 656 4126 non
683 4083 741 4148 pro
770 4064 859 4126 omni
889 4065 1014 4128 sarcina
1046 4065 1243 4130 solutionem

131 4151 270 4235 matese
286 4155 432 4232 cogetur,
453 4147 511 4211 sed
532 4147 659 4210 dehoc
679 4147 768 4230 quod
787 4143 900 4210 furtim
921 4147 1062 4226 abstulit,
1083 4151 1136 4213 rel
1156 4143 1246 4214 male

130 4233 289 4314 tractarit,
310 4231 491 4297 secundum
511 4231 617 4318 legem
639 4251 835 4318 componere
854 4253 920 4296 non
943 4240 1093 4298 moretur.
1136 4277 1138 4283 ι
