2640 4838
128 233 205 314 018
325 249 431 312 laets
446 247 739 306 wrsrooruoauss
757 251 826 306 ua.
846 214 996 311 x11sr1r,
1016 255 1070 308 sn.

128 413 261 469 rorum,
292 390 390 451 iaxta·
406 385 512 474 legem
532 407 617 471 quae
640 387 675 450 in
703 387 895 456 Christianis
917 402 965 458 est
988 394 1062 471 lata,
1083 395 1244 477 usquead

128 485 254 549 sextam
276 472 403 558 generis
425 472 560 556 gradum
582 470 746 532 connubia
767 475 905 553 ducere,
937 477 991 538 vel
1024 478 1143 538 incesti
1178 500 1243 538 rua-

129 561 236 624 culain
267 549 404 638 operari.
447 553 550 615 lluius
580 551 679 636 igitur
703 556 816 618 foedae
843 559 1067 641 permixtionis
1090 559 1244 620 illecebra

128 643 186 709 tali
213 637 405 725 multabitur
429 657 554 738 poena,
577 643 616 696 ut
637 637 774 720 separati
801 639 840 700 ab
863 640 1020 720 invicem,
1049 651 1082 702 et
1106 651 1242 704 centena

125 714 260 823 'publice
282 718 438 783 decalvata
461 717 588 800 flagella
612 719 808 803 suscipiant,
842 733 875 784 et
895 724 995 785 exilio
1018 723 1156 808 relegati
1187 724 1243 786 sub

126 802 331 896 p'oe'nit'entia
363 809 535 864 maneants
571 822 749 886 eorumque
780 803 863 866 hona
893 806 933 886 ad
962 805 1062 886 lilios,
1099 828 1181 889 quos
1205 807 1243 868 de

127 879 338 987 praecedenti
361 883 514 966 coniugio
536 881 729 963 habuerint,
751 887 893 948 redeant.
949 889 983 949 Si
1007 901 1112 952 tamen
1143 899 1176 950 et
1195 889 1243 972 ip-

127 961 180 1044 sos
199 978 254 1054 aut
285 966 319 1028 ln
343 965 436 1028 nullo
457 965 605 1028 Iudaicae
626 968 907 1052 praevaricationis
929 972 1141 1034 maculaverit
1161 993 1244 1034 noxa
1288 1015 1294 1029 .

128 1056 186 1139 aut
200 1051 289 1121 nulla
304 1050 477 1116 incestivae
497 1047 635 1112 nationis
647 1049 859 1128 sordidaverit
872 1056 1005 1115 macula.
1028 1055 1129 1135 Quod
1145 1053 1172 1116 si
1191 1061 1246 1115 aut

127 1137 238 1211 pullos
259 1131 434 1196 habuerint
451 1131 545 1209 filios,
560 1141 615 1194 aut
634 1131 768 1214 animos,
782 1143 819 1195 ut
837 1134 959 1198 dictum
981 1147 1039 1216 est,
1059 1139 1114 1201 v'el
1138 1137 1246 1199 ludai-

128 1208 186 1285 ‘e'vs
201 1213 386 1297 'injolverit
406 1225 507 1293 error,
533 1216 585 1277 vel
607 1215 721 1278 incesti
744 1217 924 1280 foedaverit
945 1222 1056 1281 natio:
1088 1230 1170 1294 tanc
1195 1221 1244 1280 fa·

53 1335 56 1338 ·
129 1302 232 1389 peltata
246 1299 490 1390 'praedictorum
511 1295 694 1359 omnimoda
725 1297 759 1358 in
786 1299 949 1386 Principis
976 1312 1135 1387 potestate
1165 1325 1245 1365 con-

126 1385 237 1462 sistat,
260 1383 402 1464 qualiter
424 1377 594 1464 principali
616 1381 812 1444 discretione
837 1405 889 1446 res
912 1385 979 1467 ipsa
1001 1396 1056 1447 aut
1078 1386 1111 1446 in
1132 1385 1246 1448 Chris·

126 1469 226 1544 tinnis
247 1487 360 1529 eorum
381 1461 555 1526 heredibus
575 1483 727 1526 concessa
747 1477 958 1546 permanente
983 1478 1039 1531 aut
1059 1468 1087 1530 si
1107 1467 1246 1530 heredes

127 1549 316 1616 huiusmodi
338 1545 503 1630 diguitatis
524 1545 713 1620 defuerint,
743 1547 820 1609 fisco
848 1561 957 1612 nostro
988 1551 1107 1612 sociata
1133 1551 1246 1611 deser-

131 1635 208 1699 viat.
241 1626 338 1694 'tltul
361 1639 466 1690 tamen
489 1627 592 1692 modis
622 1628 771 1694 omnibus
793 1631 1031 1694 observandum
1058 1634 1128 1694 fore
1151 1653 1247 1715 prae·

130 1710 287 1804 cipimus:
320 1723 357 1774 ut
376 1711 403 1773 si
425 1709 498 1797 quis
522 1710 677 1792 iudaeus,
704 1713 773 1776 sive
804 1714 925 1777 ludaea
946 1711 1076 1778 u'oriter
1099 1713 1246 1798 nuptiale

126 1794 162 1884 fe
181 1787 248 1879 lum
264 1793 434 1869 celebrare
456 1792 630 1870 volueriut,
654 1815 718 1855 non
743 1795 837 1859 aliter
857 1817 954 1880 quam
976 1819 1050 1860 cam
1070 1797 1248 1882 praemisso

115 1823 215 1980 dolii
233 1869 357 1964 ¹titulo,
385 1874 475 1962 quod
496 1876 530 1936 iu
552 1874 742 1939 Christianis
772 1879 893 1942 salubri
923 1881 1248 1962 iustitutione'prae·

131 1960 270 2052 eeplhm'
284 1973 352 2039 est,
374 1960 426 2021 vel
448 1957 639 2020 sacerdotali
666 1959 893 2025 benedictione
916 1963 999 2024 intra
1021 1964 1128 2025 sinum
1151 1981 1249 2024 sanc·

125 2039 379 2146 'ps‘tteclestaa
409 2051 578 2126 percepta,
607 2042 796 2126 coniugium
823 2046 975 2127 cuiquam
1003 2069 1043 2110 es
1073 2045 1125 2108 his
1156 2046 1248 2107 adire

124 2123 354 2230 permittimus,
384 2125 484 2208 Quod
505 2123 531 2187 si
551 2122 605 2188 vel
626 2125 696 2188 sine
718 2126 946 2191 benedictione
966 2129 1142 2191 sacerdotis
1160 2126 1250 2211 quis·

131 2238 154 2298 q
179 2201 437 2313 ¹e'Jllebraeorum
459 2207 587 2269 noviter
607 2208 794 2292 coniugium
815 2211 968 2291 duxerit,
988 2211 1041 2274 vel
1067 2207 1249 2294 solempni-

116 2239 229 2382 sallem
249 2293 338 2392 ¹lepis
365 2315 425 2376 pro
453 2289 552 2352 dotali
574 2290 673 2352 titulo
695 2293 730 2354 iu
761 2314 959 2378 quocunque
985 2292 1248 2370 transcenderit,

132 2378 187 2461 aut
205 2371 371 2465 C.',Pr1nci
398 2374 543 2438 isolidos
564 2383 692 2436 coactus
713 2375 868 2454 exsolvat,
891 2385 946 2437 aut
965 2377 1001 2440 C.
1022 2375 1155 2460 publice
1177 2395 1250 2437 ver·

126 2443 260 2543 llej'ralil's
282 2399 408 2540 flagella
428 2456 587 2536 suscipiat.
630 2457 717 2520 Haec
736 2458 858 2522 scilicet
878 2460 1016 2542 dampna
1037 2459 1089 2520 vel
1111 2458 1251 2520 verbera

132 2526 318 2635 dipgillalina
349 2535 572 2620 unusquisque
600 2539 786 2623 percipiats
820 2541 973 2605 videlicet
1001 2550 1067 2602 tam
1099 2540 1158 2603 illc
1189 2537 1249 2622 qui

127 2617 254 2707 ἠ’μρρίῑ,
276 2643 373 2706 quam
394 2641 534 2704 eaquae
557 2629 655 2704 nupta
677 2631 741 2702 est,
769 2623 822 2688 vel
845 2623 940 2685 etiam
960 2632 1112 2708 parentes
1133 2643 1250 2686 eorum

126 2687 358 2806 fpdpslppslsque
379 2725 438 2789 pro
460 2722 494 2766 se
516 2702 671 2766 iacturam
691 2705 783 2790 legis·
802 2705 900 2772 huius
922 2707 1085 2794 suscipiat.

164 2849 167 2867 ι
276 2859 303 2873 ..
392 2815 455 2887 lx.
514 2839 578 2882 ras.
619 2840 684 2883 aas.
724 2841 871 2884 savieres
912 2843 981 2894 sex.

126 2917 320 3033 dretgzidaet
334 2934 495 3013 'religioni
522 2943 649 2995 nostrae
677 2934 862 2995 insultantes
883 2950 999 2998 sectam
1021 2959 1110 2999 suam
1131 2935 1247 3019 dejera-

137 3019 143 3034 ”
175 3020 252 3082 dete
273 3013 429 3095 audeant,
461 3035 499 3076 ac
524 3037 562 3076 ne
580 3013 690 3100 fidem
720 3029 858 3078 nostram
880 3018 1043 3099 fugientes
1072 3019 1151 3083 elidi
1171 3041 1204 3081 se
1300 3030 1303 3034 ’

149 3115 166 3173 a·
211 3100 433 3178 ‘transmeare
463 3111 494 3159 et
511 3117 550 3160 ne
571 3099 701 3181 quilibet
727 3119 780 3161 eos
801 3098 990 3182 refugientes
1019 3104 1163 3187 recipiat.
1225 3139 1228 3143 ·

215 3206 283 3273 Iam
304 3225 381 3268 sane
402 3203 428 3266 si
457 3202 529 3286 quis
551 3203 748 3266 ludaeorum
768 3203 873 3286 palam
894 3206 945 3266 vel
966 3209 1093 3270 occulte
1115 3208 1249 3292 religio-

134 3289 170 3361 ni
193 3296 320 3352 nostrae
343 3277 545 3348 Christianae
567 3285 722 3348 insultare
748 3286 978 3372 praesumpsit,
1003 3291 1030 3353 si
1055 3291 1128 3374 quis
1150 3295 1248 3354 etiam

54 3403 56 3412 ¹
135 3373 352 3438 Christianam
373 3370 469 3430 fidem
491 3367 605 3431 verbis
620 3368 819 3446 subvertere,
848 3379 902 3430 aut
930 3381 1132 3435 sectaesuae
1155 3375 1247 3436 nisus

133 3456 235 3528 fuerit
257 3453 433 3516 defendere
460 3451 656 3514 vanitatem=
687 3473 748 3514 uec
774 3472 839 3512 nou
866 3452 1013 3536 quisquis
1039 3456 1247 3539 disciplinam

132 3539 212 3604 fidei
249 3535 451 3599 Christianae
476 3533 663 3615 refugiens,
692 3541 748 3594 aut
779 3533 812 3592 in
845 3543 963 3596 terram
990 3539 1090 3600 nostri
1111 3539 1247 3622 regimi-

134 3618 490 3692 nisrse‘oocultsadum
511 3615 680 3688 iniecerit,
713 3625 768 3678 aut
793 3616 827 3677 in
854 3617 925 3682 aliis
949 3621 1148 3701 partibusse
1171 3621 1247 3684 lati-

133 3705 267 3768 tandum
294 3701 534 3764 transduxeritz
565 3700 592 3762 si
613 3699 686 3781 quis
707 3699 804 3761 etium
824 3699 1009 3764 huiusmodi
1030 3715 1247 3786 transgresso-

126 3783 417 3851 ,rahusvlatihalnm
447 3783 484 3846 iu
504 3801 702 3864 quocunque
728 3780 934 3864 praebuerit,
967 3795 1023 3849 aut
1050 3786 1246 3868 eissfugaa

126 3866 432 3950 consonus-fuerin
462 3875 654 3928 cunctorum
683 3864 829 3926 omnium
855 3866 1070 3948 capitulorum
1097 3867 1248 3950 quisquis

117 3952 195 4014 tlte
206 3950 316 4014 fuerit
325 3958 545 4030 transgressor
566 3947 730 4026 inventus,
749 3956 781 4008 et
798 3949 944 4012 centenis
966 3951 1149 4014 decalvatus
1166 3950 1247 4010 mul-

135 4031 398 4114 trla'tarrplagis,
422 4041 455 4092 et
470 4031 570 4094 ⁴robus
593 4029 662 4094 eius
685 4030 719 4091 iu
739 4031 903 4118 Principis
922 4033 1247 4117 potestatemredac·

126 4115 302 4201 ztisptauilii
324 4122 511 4180 conteretur
531 4110 704 4178 aerumnis.
1077 4149 1078 4156 κ
