2684 4868
99 243 176 324 ooo
257 307 261 318 .
295 245 403 319 usura
417 261 715 320 w1s1ocrncaun
737 263 802 320 cru.
820 263 868 320 rx.
888 265 959 323 uu.
979 269 1002 320 1.

101 403 251 481 mactasti
282 402 421 467 reddere
444 403 629 483 distulerit,
659 403 715 465 vel
733 404 1001 488 comprehensum
1023 410 1218 491 excusserit,

99 495 246 569 queunt·
269 487 415 548 eiusdem
438 485 545 547 mariti
571 507 703 562 servos,
735 498 769 549 et
793 489 934 549 eundem
960 490 1130 572 fugitivum
1157 495 1218 554 do-

76 571 289 636 ·nslnceiud
322 569 459 631 reddere
492 569 715 651 compellatur.
786 571 852 632 Aut
878 571 904 632 si
939 571 1025 633 idem
1058 575 1217 658 fugitivus

101 652 257 735 perierit,
292 652 440 734 quinque
476 653 590 734 procul
629 651 729 713 dubio
760 653 881 715 similes
914 676 1024 717 servos
1050 660 1215 720 exsolvere

99 753 168 802 nott
193 744 356 798 moraturi
373 755 491 800 ¹tinum
517 755 557 796 ex
584 733 630 794 eis
653 735 709 796 ille
736 736 793 818 qui
817 738 998 818 composuit
1016 742 1216 820 postmodum

99 829 313 900 accepturus,
348 818 377 879 si
405 817 459 878 vel
492 818 532 878 ab
560 818 650 900 ipso,
685 818 737 879 vel
764 841 783 878 a
811 820 943 880 domiuo
975 842 1034 882 suo
1062 823 1216 904 fugitivus

100 900 335 977 intentus,.rin
360 899 528 962 servitium
554 899 675 982 proprii
697 901 821 961 domini
847 903 948 963 fuerit
967 903 1142 966 restitutus.
1172 907 1220 968 lta

102 983 293 1068 putrui-talia
315 985 484 1044 nuescien'te
511 981 642 1052 domino
670 1005 780 1045 servus
814 984 996 1061 admiserit,
1028 987 1055 1048 si
1081 989 1221 1054 voluerit

99 1065 273 1145 omium,
305 1065 387 1127 dunt
416 1065 562 1127 eiusdem
585 1066 692 1151 meriti
716 1088 827 1128 servos
853 1089 910 1151 pro
939 1089 979 1129 eo
1011 1071 1097 1131 servi
1122 1073 1222 1132 domi-

100 1169 158 1214 mv
176 1148 277 1212 del-n·
303 1148 337 1208 si
363 1160 471 1210 autam
492 1149 658 1210 noluerit.
691 1170 803 1212 servus
828 1151 974 1212 tradatur
1004 1151 1136 1235 fugitivi
1161 1157 1221 1216 do-

102 1230 206 1396 ἔξω
216 1230 408 1312 perenniter
420 1232 609 1294 serviturus.
667 1231 710 1294 Et
730 1234 803 1297 talis
828 1235 926 1296 etiam
948 1233 989 1296 de
1021 1235 1152 1298 ancillis
1173 1259 1222 1300 or·

159 1323 326 1380 'mallem

118 1514 123 1544 ,
229 1448 327 1523 XIX.
368 1453 407 1516 Si
426 1455 578 1536 ingenuus
601 1455 650 1516 vel
669 1475 775 1516 servus
796 1455 935 1520 latrones
955 1456 1106 1522 celandos

564 1541 768 1623 susceperint.

182 1608 228 1694 ¹Si
257 1618 330 1702 quis
349 1618 511 1702 ingenuus
539 1621 593 1684 vel
620 1643 730 1685 servus
763 1621 869 1684 sciens
898 1620 1038 1686 latrones
1071 1623 1224 1690 celandos

100 1726 156 1802 „ps
178 1699 299 1785 aperit,
328 1713 513 1784 praesentet
540 1725 624 1786 quos
649 1704 785 1784 celavit,
821 1714 854 1766 et
875 1705 1049 1768 ducentos
1065 1706 1149 1771 ictus
1175 1732 1225 1772 ac·

103 1782 169 1874 pipi
191 1797 204 1848 t
224 1781 438 1867 flagellorum.
482 1786 593 1865 ,Quod
619 1788 644 1848 si
671 1809 737 1848 nou
763 1788 1015 1870 praesentaverit
1040 1789 1225 1872 absconsos,
1268 1817 1271 1824 ¹

101 1889 242 1955 poenam
271 1889 368 1950 quam
392 1867 444 1930 illi
476 1868 684 1931 merebantur
710 1869 867 1932 incurrat.

103 2005 183 2076 XX.
209 2005 255 2068 lli·
275 2006 382 2071 'tuden
415 2027 486 2068 cum
516 2009 659 2070 omnibus
680 2009 789 2084 rebus,
820 2029 891 2072 cum
918 2007 1030 2088 quibus
1048 2007 1222 2094 fugitivum

116 2096 130 2121 ¹·
165 2108 167 2117 ·
201 2091 247 2123 “·“’
323 2092 502 2169 inuenerit,
529 2090 658 2152 domino
683 2093 818 2152 venienti
848 2093 1002 2153 restituat.

102 2165 153 2216 =¹''
181 2167 229 2234 Ul
250 2170 288 2234 id'
307 2174 396 2256 quod
421 2173 521 2236 iudex
541 2174 627 2255 apud
652 2195 744 2234 reum
767 2183 822 2237 aut
845 2174 1019 2257 fugitivum
1043 2175 1220 2256 invenerit,

101 2255 236 2321 maeste
271 2266 310 2316 eo
344 2256 402 2340 qui
432 2277 525 2319 reum
553 2264 608 2317 aut
635 2257 671 2316 fu
695 2255 806 2320 itlvum
843 2258 1069 2340 persequitur,
1101 2261 1221 2321 Comiti

101 2339 246 2403 uiiita'iis
273 2339 437 2418 oaendat,
473 2347 505 2401 et
530 2339 576 2402 sic
603 2277 692 2420 apud
710 2361 743 2403 se
762 2341 922 2418 retineat,
966 2340 998 2403 ei
1026 2340 1083 2426 qui
1108 2342 1220 2427 perdi·
1280 2385 1290 2400 .

101 2406 158 2484 ffip
182 2425 256 2482 ectu
284 2421 426 2483 adfuerit
453 2423 650 2484 redditurus.
1134 2437 1137 2443 '

494 2537 587 2606 XXI.
628 2560 729 2608 norun
758 2562 828 2608 aux.

129 2651 196 2712 *Du
225 2652 390 2736 manicipiis
412 2650 582 2734 fugitivis,
612 2652 708 2714 etde
735 2655 931 2738 susceptione
955 2651 1179 2737 fugitivorum.

104 2747 109 2771 ³
149 2734 368 2797 -sitrtscnum
400 2736 533 2817 quidem
561 2736 671 2818 legum
708 2737 929 2799 sanctionibus
964 2737 1134 2799 manifeste
1167 2737 1223 2800 de*

99 2818 266 2901 promitur
295 2817 416 2898 quilius
444 2819 565 2896 modis,
600 2818 783 2901 quibusque
813 2819 1085 2902 perquisitionum
1118 2820 1222 2882 titulis

20 2931 22 2936 v
101 2900 318 2986 fugitivarum
340 2900 497 2962 latebrosa
517 2902 643 2984 vagatio
672 2904 877 2984 reprimatur.
933 2902 997 2963 Sed
1027 2901 1103 2962 dum
1132 2902 1222 2962 iudi-

102 2994 180 3046 mm
194 2980 334 3045 diversis
357 2984 597 3062 occasionibus,
631 2986 684 3048 vel
715 2994 937 3068 susceptorum
965 2984 1077 3045 fraude
1106 3004 1222 3046 eorum

103 3069 182 3148 fuga
210 3068 392 3146 occulitur,
425 3067 539 3129 verum
571 3077 620 3130 est
648 3067 737 3151 quod
770 3076 802 3130 et
830 3067 972 3149 ipsarum
1003 3066 1112 3148 legum
1140 3067 1221 3134 ordo

103 3149 238 3214 difficile
260 3151 475 3233 adimpletur,
509 3160 541 3212 et
561 3151 763 3213 increscente
785 3150 868 3211 vitio
892 3151 1000 3233 potior
1022 3149 1224 3212 latitantibus

102 3233 211 3295 aditus
234 3242 444 3317 propagatum
478 3233 521 3293 ita
550 3243 677 3295 utnon
705 3233 747 3294 sit
776 3233 904 3314 penitus
945 3232 1073 3310 civitas,
1106 3234 1224 3294 castel-

105 3316 192 3393 lum,
215 3318 326 3396 vicus,
356 3327 410 3378 ant
431 3315 528 3394 villa,
555 3317 609 3379 vel
642 3316 855 3378 diversorium
889 3316 923 3376 in
953 3315 1072 3396 quibus
1100 3315 1224 3376 manci·

101 3397 161 3482 ptr
181 3399 282 3462 latere
308 3400 442 3460 minime
464 3399 704 3482 dignoscantur.
738 3398 832 3460 Unde
863 3406 1022 3460 reservata
1052 3397 1225 3460 anterioris

101 3481 188 3565 'legis
221 3481 311 3545 illius
339 3481 523 3560 sanctione,
558 3503 640 3564 quae
672 3479 712 3544 de
739 3480 885 3564 fugitivis
923 3488 971 3543 est
1004 3480 1224 3563 promulgata,

104 3564 203 3630 huius
240 3566 389 3628 novellae
419 3565 658 3627 constitutionis
692 3565 824 3626 decreto
860 3584 1046 3641 censemus,
1080 3570 1117 3622 ut
1148 3562 1226 3644 qui-

103 3662 246 3730 eumque
268 3648 422 3733 deinceps
451 3648 627 3732 fugitivum
651 3648 784 3709 alterius
811 3646 1005 3729 susceperit,
1028 3667 1226 3728 quamquam

103 3731 248 3794 saonae
278 3751 346 3793 esse
371 3731 568 3815 ingenuum,
600 3731 707 3794 statim
737 3752 812 3793 enm
841 3737 993 3814 procuret
1026 3727 1226 3788 iudicialiter

105 3812 364 3895 exquirendum,
391 3825 430 3876 ut
455 3824 566 3876 utrum
588 3815 770 3898 ingenuus,
799 3835 839 3878 au
868 3808 999 3874 fortasse
1025 3809 1067 3872 sit
1096 3831 1224 3887 servus,

100 3896 225 3965 iudicis
252 3897 405 3959 instantia
426 3899 650 3982 perquiratur,
680 3897 821 3980 qualiter
847 3903 974 3975 reperta
1001 3891 1134 3955 veritate
1159 3913 1224 3953 ser·

99 3980 274 4045 frusidem
295 3981 428 4043 domino
463 3982 593 4064 proprio
620 3982 824 4042 reformetur.
874 3977 1018 4056 Quodsi
1040 3984 1226 4058 susceptum

126 4062 246 4149 'disque
264 4065 443 4206 fugitivum
467 4085 527 4126 nee
556 4063 658 4124 iudici
683 4061 952 4142 praesentaverit,
985 4080 1045 4120 nec
1066 4067 1225 4152 pervento

132 4147 298 4207 eunucus
324 4147 458 4217 dider-it3
491 4148 516 4209 si
539 4167 650 4208 servus
680 4145 797 4222 fuerit,
826 4145 877 4206 vel
907 4144 1043 4206 libertus
1072 4141 1226 4202 instantia

103 4223 311 4294 uouisset.
329 4230 461 4314 publice
488 4225 679 4295 verberibus
710 4226 885 4314 vapulabit
935 4227 970 4289 si
1000 4223 1226 4307 autemlinge-
