2684 4868
280 292 383 348 aneis
401 290 692 348 mstoorsionau
710 295 776 348 nus.
797 295 842 348 rx.
863 295 935 356 nr.
955 293 992 350 ιι.
1129 257 1200 354 ott

93 432 356 516 compositionem
390 431 550 510 exsolvat,
578 441 656 493 tune
684 431 792 514 regiae
816 434 980 514 potestatis
1007 433 1048 498 sit
1073 435 1202 502 licitum

90 515 279 577 huiusmodi
300 525 564 597 transgressorem
586 522 761 597 perpetuae
784 511 932 578 servituti
957 515 1133 583 subiiceres
1164 529 1202 585 ut

91 598 180 682 quod
202 597 242 658 de
265 618 303 658 eo
328 597 458 678 suisque
481 597 629 658 ordinare
652 598 849 674 decreverit,
871 597 986 662 habeat
1005 600 1075 662 siae
1100 602 1200 672 dubio

90 688 291 765 potestatem.
333 680 412 742 Illos
439 700 514 740 sene
537 679 575 739 ab
598 678 781 741 huiusmodi
803 681 884 762 legis
907 682 1064 744 sententia
1087 683 1202 754 decrer

90 763 195 825 vimus
215 783 404 845 permanere
432 762 606 839 innocuos,
629 784 709 844 quos
731 771 786 823 ant
815 763 1002 844 principalis
1027 764 1202 857 absolvetid

91 845 209 922 iussio,
231 854 291 914 aut,
307 844 439 906 minoris
460 842 566 906 adhue
587 845 697 906 aetatis
718 845 892 906 retinuerit
915 855 1050 928 tempus,
1074 859 1130 909 aut
1151 869 1204 914 se·

91 927 233 989 nectutis
250 937 403 1005 vetustas,
420 935 477 987 ant
499 927 595 987 etiam
619 927 830 1009 aegritudinis
852 927 1074 1010 cuiuscunque
1096 930 1205 1012 gratia

91 1008 283 1092 represserit
297 1010 407 1075 moles.
430 1009 463 1070 si
480 1019 585 1070 tamen
600 1008 697 1091 isqui
717 1011 749 1069 in
768 1010 972 1092 aegritudine
993 1011 1093 1073 fuerit
1114 1033 1204 1094 prae·

93 1103 252 1176 gravatus,
268 1113 327 1174 per
342 1092 521 1174 legitimum
537 1100 650 1153 testem
663 1093 798 1173 probare
814 1093 967 1174 potuerit,
985 1093 1061 1175 quia
1075 1117 1135 1176 per
1150 1116 1205 1166 ac,-

94 1175 266 1258 gritudinis
279 1176 432 1258 languore
442 1174 475 1234 in
488 1174 668 1236 exercitam
680 1174 981 1257 proficiscinequit,
998 1197 1124 1239 omnem
1142 1177 1205 1240 vit·

92 1267 195 1318 tatem
211 1257 259 1317 rei
279 1279 354 1319 suae
375 1257 660 1340 ipse-aegritudine
678 1267 914 1340 praegravatus,
929 1259 1108 1320 secundnm
1123 1259 1204 1340 legis

92 1340 191 1402 huius
210 1339 455 1416 institutionem,
474 1340 507 1398 iu
522 1339 661 1422 publicis
679 1339 870 1402 utilitatibus
888 1361 962 1402 cum
975 1343 1065 1402 Duce
1078 1341 1132 1401 vei
1143 1343 1204 1402 Co·

93 1424 171 1484 mite
184 1443 242 1484 suo
261 1422 400 1504 dirigere
418 1443 482 1482 non
500 1431 653 1486 moretur.
693 1423 789 1483 Nunc
805 1443 885 1483 vero
899 1423 975 1504 quia
992 1423 1032 1485 de
1059 1421 1204 1506 generali

94 1506 241 1567 omnium
253 1503 474 1587 progressione
494 1503 721 1585 praediiimns‚
738 1513 836 1566 restat
850 1511 887 1564 ut
906 1506 946 1566 de
963 1513 1205 1588 progressorum

93 1589 214 1650 virtute
238 1588 290 1648 vel
316 1586 416 1670 copiis
442 1586 586 1646 instituta
613 1582 777 1668 ponamus.
828 1587 871 1646 Et
897 1587 970 1648 ideo
1001 1587 1035 1650 id
1070 1588 1201 1651 decreto

93 1669 226 1748 speciali
247 1671 462 1742 decernimus,
484 1680 521 1729 nt
542 1671 688 1750 quisquis
715 1669 772 1731 ille
795 1679 857 1746 est,
886 1669 953 1730 sive
975 1669 1017 1730 sit
1037 1672 1112 1732 Dux
1133 1671 1202 1750 sire

93 1757 209 1816 Comes
235 1762 330 1834 atque
357 1753 550 1834 Gardingus,
571 1750 689 1813 sensit
713 1753 838 1814 Gothus
861 1752 928 1812 sive
947 1753 1120 1825 Romanus,
1141 1774 1202 1815 uec

92 1857 158 1896 non
182 1833 341 1916 ingenuus
367 1834 523 1915 quisque,
552 1834 604 1894 vel
631 1835 725 1895 etiam
755 1835 988 1911 manumissus,
1018 1855 1077 1896 seu·
1106 1836 1202 1896 etiam

91 1917 246 2000 quislibet
268 1939 308 1977 ex
333 1918 434 1977 servis
457 1916 637 1993 fiscalibus,
659 1918 805 1998 quisquis
823 1918 949 1984 ,horum
969 1924 1017 1978 est
1043 1917 1076 1976 in
1106 1937 1200 1982 excr-

91 2003 192 2062 citam
220 2021 463 2082 progressurus,
497 1999 651 2060 decimam
666 2006 708 2076 y)
730 2010 851 2080 partem
878 2021 1047 2061 servorum
1068 2016 1200 2068 suorum

91 2103 200 2144 secum
226 2082 259 2140 in
290 2081 531 2163 expeditionem
552 2081 702 2143 bellicam
729 2083 883 2144 ducturus
907 2082 1055 2142 accedetr
1088 2083 1132 2143 ita
1160 2092 1197 2142 ut

89 2165 170 2225 haec
199 2165 265 2247 ipsa
288 2186 358 2245 pars
381 2164 504 2225 decime
527 2185 695 2225 servorum
721 2186 787 2224 non
813 2165 945 2227 inermis
973 2165 1110 2240 existat,
1144 2163 1201 2226 sed

89 2248 177 2309 vario
199 2268 361 2306 armornm
390 2267 510 2328 genere
538 2247 692 2308 instructa
724 2257 883 2330 appareat.
910 2251 937 2324 z)
986 2247 1039 2308 Sic
1068 2267 1199 2329 quoque

89 2419 271 2479 credendum,
297 2421 353 2470 nisi
371 2431 420 2490 aut
438 2419 624 2488 episcoporum
648 2417 822 2478 testimonio,
850 2420 881 2470 in
907 2435 1022 2488 quorum
1048 2420 1199 2473 territoriis

88 2490 245 2543 dinoscitur
262 2489 433 2558 infirmasse,
454 2501 503 2540 aut
520 2487 707 2539 iurisiurandi
721 2487 815 2558 facerit
839 2490 1014 2540 attestatione
1032 2489 1197 2561 firmatum,

88 2573 138 2612 aut
155 2579 247 2613 eorum
265 2563 419 2611 iuramento
439 2577 506 2629 quos
524 2557 605 2610 iidem
633 2559 751 2626 episcopi
778 2561 843 2611 vice
859 2577 910 2609 sua
936 2559 1102 2625 inspectores
1122 2557 1200 2612 dt're·

88 2633 163 2690 rint,
182 2630 275 2700 fuerit
293 2629 504 2698 comprobatum.
543 2629 596 2694 Qui
613 2639 704 2680 tanaen
728 2628 848 2698 episcopi
870 2628 943 2679 banc
969 2626 1001 2681 de
1028 2631 1130 2682 talibus
1150 2647 1198 2681 cu-

88 2717 149 2750 ram
167 2696 306 2758 habeant,
335 2713 364 2749 ut
387 2695 574 2767 aegritudines
598 2713 691 2749 eorum
718 2699 895 2766 morbosque,
924 2710 974 2750 aut
997 2717 1048 2766 per
1071 2719 1117 2760 se,
1149 2711 1198 2750 aut

84 2785 138 2839 per
154 2768 273 2820 subditos
292 2767 440 2837 diligenter
457 2769 627 2836 inspiciant,
654 2769 679 2818 si
697 2781 746 2818 aut
767 2767 910 2841 proficisci
936 2769 1013 2819 nullo
1038 2769 1117 2820 niodo
1135 2785 1199 2838 pns-

86 2851 162 2898 sunt,
183 2851 231 2890 aut
243 2841 268 2890 si
281 2851 343 2906 post
361 2840 470 2908 aliquos
489 2837 546 2891 dies
562 2837 668 2906 possint
684 2835 1197 2907 definite-concurrereadbellundum,

87 2907 120 2961 id
136 2921 190 2969 est,
219 2923 366 2980 antequam
385 2911 521 2960 exercitus
540 2907 571 2957 in
586 2907 744 2978 praefinitis
762 2909 830 2959 locis
849 2907 1026 2976 ingrediatur
1054 2909 1090 2957 ad
1115 2917 1200 2978 prae'-

86 2982 161 3032 lium.
199 2980 237 3030 Et
254 2976 400 3031 secundum
419 2976 495 3049 quod
511 2979 607 3029 talium
627 2976 814 3046 aegritudines
840 2977 975 3039 viderint,
1004 2978 1122 3045 ipsorum
1142 2996 1199 3030 esse

87 3048 191 3102 iudicio
210 3048 445 3108 committendum,
465 3061 554 3100 utrum
572 3045 645 3098 donzi
665 3050 803 3116 sospitatis
826 3049 920 3116 gratia
946 3046 1121 3112 reparandae
1148 3051 1199 3097 im-

87 3131 238 3179 morentur,
258 3136 297 3170 an
316 3121 452 3185 reparatis
472 3119 579 3168 viribus
597 3117 655 3167 illis
672 3116 800 3187 expediat
824 3116 1026 3170 ambulandum.
1072 3117 1199 3181 Qualiter

86 3190 135 3240 sub
155 3207 247 3240 eorum
266 3189 450 3256 episcoporum
469 3188 639 3248 testimonio,
665 3201 714 3240 aut
736 3187 956 3257 aegritudinibus
977 3202 1068 3237 eorum
1088 3203 1197 3248 compa·

87 3262 200 3319 tiamur,
221 3270 251 3309 ut
269 3257 412 3318 concedat,
432 3271 481 3309 aut
498 3259 607 3316 vitium,
627 3258 652 3307 si
670 3259 718 3309 sub
738 3257 912 3326 aegritudine
928 3256 1064 3326 fingitur,
1093 3273 1197 3308 resece-

87 3342 134 3390 tur
150 3329 314 3399 utylaceat.
348 3325 394 3378 Ila
412 3341 518 3386 tamen,
546 3340 575 3379 ut
593 3328 618 3377 si
644 3345 671 3378 se
693 3329 817 3397 quisquis
842 3329 882 3378 ita
911 3324 1009 3378 viderit
1034 3323 1197 3392 infirmitate

87 3397 231 3468 defessum,
252 3398 377 3450 utnulla
395 3395 474 3448 modo
491 3397 635 3470 proficisci
652 3398 747 3448 valeat
765 3395 805 3447 ad
826 3398 980 3465 praelium,
1009 3395 1133 3445 virtutem
1154 3397 1197 3448 rei

86 3487 153 3528 suae
169 3467 317 3520 secundum
335 3468 403 3536 legis
421 3467 501 3520 tuias
526 3467 724 3520 institutionem
750 3468 780 3516 in
803 3467 921 3535 publicis
947 3463 1112 3515 utilitatibus
1137 3483 1197 3516 cum

88 3538 156 3591 duce
174 3539 221 3589 vel
237 3539 333 3590 comite
350 3557 400 3589 suo
419 3535 539 3606 dirigere
572 3554 628 3588 non
654 3548 782 3587 moretur.
832 3536 886 3588 Sin
912 3546 1002 3585 autem
1028 3536 1144 3586 senserit
1167 3552 1196 3586 se

88 3609 220 3661 continuo
239 3609 465 3667 meliorari,mox
483 3619 513 3658 ut
531 3607 653 3673 corporis
673 3607 851 3724 reparaverit
869 3607 949 3664 vires,
978 3605 1068 3653 statim
1092 3622 1143 3672 per
1169 3622 1197 3655 se

88 3695 147 3730 cum
166 3677 241 3728 omni
262 3679 367 3728 virtute
385 3695 447 3738 sua,
467 3674 686 3744 secundumque
723 3677 792 3744 legis
817 3674 897 3727 liuius
923 3673 1069 3724 sanctione
1085 3676 1197 3742 praeci-

85 3749 179 3818 pitur,
207 3747 266 3798 illie
286 3765 343 3797 non
359 3759 480 3798 moretur
497 3743 652 3807 succedere,
672 3745 720 3796 ubi
738 3745 820 3796 novit
841 3764 869 3798 se
889 3741 1057 3795 admonitum
1078 3745 1197 3798 exstitis-

87 3835 135 3880 se,
156 3818 197 3868 uel
214 3818 362 3869 exercitum
387 3818 544 3886 cognouerit
568 3828 661 3878 postea
681 3833 850 3886 properasse.
894 3811 975 3866 Nunc
1000 3813 1068 3884 quia
1093 3812 1126 3866 de
1152 3817 1199 3884 ge'·

88 3886 182 3940 nerali
198 3887 317 3938 omnium
335 3888 527 3957 progressione
546 3898 595 3936 etc.
959 3916 960 3919 =

156 3955 244 4024 7)A1.
264 3973 325 4007 mss.
344 3955 513 4010 medietatem
535 3972 678 4007 servorum
697 3972 807 4007 suorum
828 3952 860 4006 de
879 3953 920 4019 liis
939 3953 988 4006 aui
1005 3951 1113 4004 inventi
1129 3953 1199 4026 sue-

88 4026 147 4078 rint
165 4044 182 4076 a
202 4027 339 4078 tricessimo
359 4045 446 4086 anno,
466 4039 493 4078 et
509 4043 593 4094 supra
613 4023 644 4074 id
661 4043 745 4096 usque
764 4023 803 4075 ad
820 4024 1042 4094 quinquaginta,
1072 4024 1199 4090 singula·

87 4097 136 4146 tim
154 4098 341 4167 unusquisque
358 4113 447 4148 secum
474 4098 505 4146 in
533 4092 733 4164 expeditionem
759 4095 885 4146 bellicam
910 4089 1041 4146 ducturus
1068 4092 1195 4156 accedat,

88 4167 130 4218 ita
147 4177 177 4218 ut
194 4165 262 4218 linae
281 4166 340 4234 ipsa
358 4164 487 4220 medietas
505 4182 647 4218 servarunt
667 4183 723 4216 non
742 4164 854 4216 inermis
873 4176 923 4216 etc.

157 4236 184 4304 a)
200 4235 241 4288 tt.
261 4251 320 4288 mss.
348 4233 490 4304 adpareat.
530 4229 655 4290 Primam
681 4247 707 4286 et
732 4233 897 4288 vicessimum
923 4245 1029 4302 partem
1055 4235 1200 4307 unusquis·
