2632 4822
62 223 138 308 768
354 238 588 311 antonomum
624 239 752 299 ancon
786 238 851 300 un.
869 235 920 304 tv.

61 385 247 450 consensisse,
282 398 375 454 noque
398 379 623 446 Mnnduoldoor,
658 382 709 436 fiat
728 381 835 438 taliata.
870 384 901 438 si
926 389 1008 439 carta
1028 385 1190 442 manifestat

61 459 204 520 moritum,
223 471 315 526 neque
329 451 487 504 manifestas
504 463 630 522 parentes
646 452 873 525 propinquiores,
890 464 940 509 snt
959 457 1126 520 Comitem,
1145 458 1189 512 fiat

60 547 156 586 vacua.
199 525 227 578 Si
253 533 328 578 cartu
348 522 504 575 manifestat
526 523 731 593 propinquiores
752 533 894 593 parentes,
924 535 954 579 ct
978 529 1109 579 Romana
1132 528 1189 582 rult

60 601 167 664 dicere,
188 594 264 678 quod
281 593 488 665 propinquiores
504 591 664 656 habuisset,
690 603 738 646 ant
756 594 870 663 probet,
896 604 946 648 aut
968 599 1109 651 emendet
1126 615 1188 669 poe·

59 689 132 725 nam.
169 668 201 722 Sr
220 673 295 718 carta
313 663 400 725 dicit,
431 661 507 734 quod
528 662 587 732 ipsa
605 661 702 716 suisset
721 665 863 727 Romano,
894 674 943 718 ant
962 667 1084 737 probet,
1113 665 1186 740 quod

58 741 156 797 fuisset
173 734 366 804 Longobarda,
387 741 435 786 aut
452 733 580 786 emendet
592 749 709 803 poenam
727 734 762 790 de
780 745 857 790 corta
877 733 938 807 ipsa
954 738 1143 793 vendicionis.
1158 739 1185 808 ,ἦ

143 837 270 904 ΧΧΙΙῙ.
311 836 402 912 (V.)
443 831 479 896 Si
532 833 582 896 uis
606 854 738 896 servum
764 855 860 897 sunm
888 845 945 898 ant
965 839 1125 901 ancillam
1150 841 1183 902 in

59 923 210 994 Ecclesia
224 921 311 984 circo
325 919 427 982 altare
441 853 557 980 amoqo
568 917 709 980 liberum
720 918 773 980 vel
784 919 920 981 liberam
931 920 1117 1003 dimiserit,
1139 925 1183 986 sio

60 1011 92 1076 ei
112 1013 240 1070 maneat
259 1004 410 1080 libertas,
431 999 580 1063 sicutilli
618 999 796 1062 uifnlfreal
811 1001 844 1061 in
864 1013 982 1086 quarta
1004 1026 1109 1067 manu
1123 1017 1183 1068 tra·

60 1093 167 1169 ditus,
191 1096 224 1150 et
244 1085 365 1150 amnnd
386 1085 491 1145 factus
511 1091 568 1147 est.
638 1103 688 1142 am
709 1083 769 1166 qni
789 1083 911 1146 aldium
930 1087 1047 1152 lacere
1069 1091 1182 1154 rolue·
1259 1092 1260 1167 j

59 1176 124 1255 rit,
146 1193 213 1234 non
235 1192 312 1233 eum
332 1167 430 1231 ducat
450 1166 485 1226 in
499 1165 663 1238 Ecclesia;
687 1165 750 1226 nisi
764 1167 828 1230 alio
848 1167 944 1230 modo
962 1170 1085 1250 faciat,
1107 1193 1182 1256 qna·

60 1259 138 1325 liter
157 1253 321 1334 voluerit,
354 1249 421 1314 sivo
438 1268 500 1334 per
514 1247 677 1329 chartam,
705 1247 775 1314 sire
791 1250 936 1336 qualiter
956 1253 989 1316 ei
1009 1253 1182 1338 placuerit.

60 1343 104 1408 11.
124 1340 175 1420 54.
197 1337 227 1405 5.

142 1441 269 1510 XXIV.
307 1439 407 1522 (vl.)
449 1439 485 1504 Si
505 1437 625 1502 mulier
642 1437 746 1504 libera
767 1461 894 1504 serrum
913 1441 1048 1524 tulerit,
1073 1453 1107 1508 et
1126 1468 1182 1532 pa·
1260 1515 1261 1520 η

61 1539 171 1594 rentes
192 1529 263 1590 eius
286 1525 370 1587 inira
391 1523 469 1584 anni
486 1523 623 1607 spatium
638 1523 672 1584 in
689 1545 760 1586 eam
776 1525 953 1588 vindictam
970 1527 1049 1590 dare
1069 1532 1181 1613 negle-

61 1615 192 1692 xerint,
220 1611 305 1672 sicut
325 1609 361 1668 in
382 1605 535 1668 anteriori
555 1606 662 1668 edicto
685 1607 888 1688 continetur,
920 1617 1002 1671 tunc
1029 1614 1180 1694 quando·

62 1717 201 1778 cumque
222 1701 295 1778 post
316 1692 421 1776 ipsum
442 1688 521 1750 anni
542 1687 679 1770 spatium
700 1689 830 1752 inventa
850 1692 967 1766 fuerit,
998 1693 1039 1754 sit
1062 1696 1179 1757 ancilla

59 1779 194 1857 Palatii,
224 1787 256 1840 et
278 1775 345 1858 ipse
366 1791 475 1836 servus
496 1771 644 1834 similiter
664 1773 705 1833 ad
724 1773 884 1834 Palatium
912 1775 1120 1858 replicetur:
1150 1786 1180 1839 et

61 1863 144 1941 filii,
174 1859 231 1944 qui
259 1881 299 1922 ex
327 1857 374 1920 eis
407 1855 472 1916 nati
494 1854 636 1934 inerint,
668 1855 750 1916 curti
771 1856 877 1941 regiae
900 1859 1093 1923 omnimodo
1117 1882 1180 1922 ser-

60 1945 158 2012 viant.
199 1943 280 2006 Nam
301 1941 328 2002 si
349 1946 497 2023 parentes
519 1937 618 2020 ipsius
639 1937 801 2017 mulieris,
832 1938 887 2002 vel
918 1940 1074 2003 dominns
1098 1943 1177 2005 servi

61 2026 297 2112 compleverint
312 2023 396 2084 intra
419 2021 638 2104 supradictum
657 2020 735 2080 anni
748 2022 903 2104 spatium,
927 2024 1018 2106 quod
1032 2026 1177 2087 anterius

60 2113 204 2178 edictum
226 2107 387 2182 continet,
410 2103 457 2166 sic
477 2111 676 2187 permaneat.
719 2104 759 2170 11,
780 2127 809 2186 9.
831 2105 860 2167 5.

132 2211 215 2250 nonu.
251 2189 412 2244 Marianum
425 2187 506 2242 Petro
515 2196 564 2240 tuo
574 2193 666 2238 tutore
676 2188 798 2258 appellat
806 2197 835 2241 te
843 2187 995 2256 Martinus,
1014 2190 1093 2264 quod
1106 2199 1136 2245 tn
1151 2191 1178 2245 es

60 2283 109 2319 orsa
132 2264 254 2326 ancilla,
282 2269 311 2314 ot
334 2261 406 2312 malo
428 2258 524 2311 ordine
545 2255 681 2310 subtrahis
702 2264 730 2309 te
753 2258 788 2311 de
811 2276 860 2310 suo
881 2261 1007 2314 servicio.
1045 2264 1091 2314 Tu
1112 2263 1178 2334 quid

60 2335 149 2388 dicis?
187 2332 366 2386 Liberunum
386 2329 538 2390 nascendo;
570 2335 599 2378 et
618 2327 669 2380 tibi
687 2327 755 2395 quid
769 2328 889 2398 pertinet
908 2331 944 2382 ad
958 2331 1178 2402 requirendum?

59 2407 104 2458 Tu
125 2401 291 2458 coniunxisti
309 2399 468 2452 Murcourdo
490 2413 552 2452 mco
572 2415 656 2450 servo.
692 2401 796 2450 Tamen
813 2417 871 2452 non
892 2400 981 2454 debeo
998 2411 1111 2473 propter
1125 2402 1178 2456 hoc

60 2491 118 2527 esso
137 2473 258 2535 ancilla,
284 2471 350 2540 quia
367 2488 425 2522 non
441 2468 494 2522 feci
514 2485 557 2521 me
580 2467 700 2534 scientc3
728 2477 756 2521 ct
773 2468 828 2520 mei
845 2480 972 2540 parentes
992 2490 1052 2524 non
1072 2470 1178 2524 habuc·
1270 2464 1273 2477 '

59 2553 124 2597 runt
140 2541 340 2609 neglegentium
365 2539 394 2592 in
415 2557 458 2592 me
479 2539 542 2589 darc
564 2536 729 2604 vindictam3
767 2546 831 2600 arat,
856 2558 913 2592 non
937 2541 1065 2595 transivit
1086 2541 1179 2595 adhuc

60 2613 125 2665 unni
145 2614 276 2696 spacium.
315 2610 342 2663 Si
363 2609 464 2691 dixerit
479 2607 645 2678 appellator:
669 2606 765 2689 Fecit:
790 2609 930 2678 approbet.
967 2611 996 2663 Si
1015 2619 1179 2665 autemnon

56 2692 180 2755 potuerit
197 2681 329 2753 probare,
354 2699 400 2732 rea
416 2679 529 2754 idoneet
547 2693 575 2730 se
592 2693 655 2730 curn
672 2694 727 2730 sors
744 2678 993 2734 sacramentalibus.

142 2783 246 2847 XXV.
289 2782 384 2858 (Vll.)
426 2779 461 2842 Si
477 2778 550 2874 quis
564 2801 705 2840 caussam
718 2777 877 2859 habuerit,
894 2781 1101 2844 etSculdahis
1114 2805 1178 2846 suo

60 2873 190 2932 causam
201 2884 291 2926 suam
301 2861 428 2937 dixerit,
444 2869 475 2922 et
485 2860 729 2944 rpscSculdahis
739 2861 890 2923 iustitiam
898 2863 926 2925 ei
935 2865 1015 2926 intra
1031 2874 1178 2947 quatuor

61 2953 132 3016 dies
153 2951 260 3011 facere
275 2943 473 3028 neglexerit,
495 2943 522 3004 si
540 2944 633 3004 ambo
648 2956 844 3007 caussatur-es
862 2947 969 3009 desub
985 2968 1052 3007 uno
1073 2949 1177 3010 Scul-

62 3034 155 3100 dahis
175 3041 267 3108 sunt,
288 3040 367 3090 tunc
385 3047 456 3087 com
481 3035 558 3086 onat
572 3026 623 3104 ei,
645 3026 702 3122 qui
715 3048 857 3089 caussam
875 3052 961 3090 suam
974 3031 1178 3109 reclamavit,
1279 3040 1280 3043 ’

61 3121 130 3216 ipse
152 3111 323 3177 Sculdalris
345 3108 403 3171 sol.
426 3049 485 3170 Vi.
508 3118 540 3170 et
565 3109 666 3172 iudici
694 3131 753 3170 suo
785 3111 933 3173 similiter
952 3113 1010 3174 sol.
1031 3114 1091 3177 VI.
1136 3116 1179 3176 Et

62 3226 90 3266 er
111 3199 245 3262 forsitan
267 3195 345 3271 ille,
367 3213 464 3274 super
484 3213 582 3274 quem
603 3191 841 3272 reclamaverit,
865 3194 1011 3256 infirmus
1034 3205 1101 3274 est,
1124 3207 1179 3258 arnt

61 3291 194 3370 propter
213 3278 386 3340 utilitatem
407 3296 497 3338 suam
517 3275 551 3334 in
568 3275 629 3335 alia
649 3275 774 3337 civitate
790 3298 857 3337 esse
875 3278 1094 3360 dignoscitur,
1118 3302 1179 3342 ex.

62 3374 186 3453 spectet
207 3385 299 3439 eum,
322 3360 399 3420 dum
419 3366 613 3436 revertatur,
635 3367 689 3418 aut
711 3358 750 3419 de
773 3359 955 3422 infirmitate
978 3383 1034 3422 sua
1056 3383 1179 3426 conva-

62 3453 183 3514 lescat:
205 3456 238 3509 et
258 3452 427 3540 postquam
447 3461 591 3501 reversus
611 3440 729 3515 suerit,
750 3450 805 3501 aut
826 3442 865 3502 de
887 3442 1072 3506 infirmitate
1097 3468 1180 3508 con-

61 3531 218 3607 valuerit,
241 3549 268 3589 ει
289 3527 373 3587 infra
394 3533 525 3585 statutos
543 3530 681 3606 quatuor
699 3523 766 3585 dies
786 3524 916 3586 minime
935 3549 1011 3588 eum
1027 3529 1069 3589 ad
1086 3529 1181 3591 iusti-

62 3618 141 3680 tiam
160 3610 343 3675 faciendam
361 3607 575 3683 distrinxerit,
597 3617 767 3689 componat
786 3607 852 3688 ipse
869 3609 1040 3671 sculdahis
1056 3612 1181 3674 solido,

62 3701 120 3766 Vl.
143 3698 226 3760 sicut
246 3694 311 3754 iam
334 3691 455 3752 dictum
477 3697 544 3768 cst,
566 3687 597 3748 ei
620 3687 710 3750 cuius
733 3711 841 3750 caussa
861 3702 923 3767 est,
947 3701 979 3754 et
995 3694 1097 3754 iudici
1122 3715 1182 3756 suo

64 3782 185 3846 solidos
201 3777 258 3843 VI.
301 3774 335 3836 Si
357 3793 432 3836 vero
454 3770 528 3832 talis
551 3787 659 3832 caussa
679 3772 785 3846 fucrit,
807 3774 896 3853 qnod
916 3775 983 3858 ipse
1006 3777 1183 3838 sculdahis

65 3865 244 3928 deliberare
266 3857 397 3918 minime
420 3854 536 3938 possit,
568 3853 682 3935 dirigat
710 3855 815 3916 ambas
847 3865 951 3938 partes
973 3859 1015 3920 ad
1035 3859 1184 3921 iudicem

65 3971 180 4024 suum,
203 3952 236 4006 et
256 3942 283 4004 si
303 3941 406 4003 Iudex
426 3937 495 3998 eius
517 3957 660 3998 caussam
681 3935 781 4019 ipsam
802 3937 999 4017 dilataverit,
1031 3951 1064 4003 et
1096 3941 1184 4003 inem

65 4053 122 4093 sex
145 4028 214 4091 dies
236 4027 322 4084 inter
344 4042 399 4083 eos
418 4041 478 4102 per
494 4019 599 4104 legem
617 4038 682 4078 non
700 4019 905 4096 iudicaverit,
929 4033 1105 4106 componat
1120 4024 1184 4101 illi,

65 4114 123 4197 qui
145 4105 384 4181 reclamaverit,
403 4101 524 4164 solidos
546 4102 617 4164 ΧΠ.
658 4101 701 4164 Et
728 4101 753 4162 si
783 4121 845 4162 neo
868 4103 969 4166 ludex
998 4107 1183 4169 deliberare

65 4194 228 4282 potuerit,
251 4189 371 4276 dirigat
387 4186 473 4249 iutra
492 4185 565 4249 ΧΠ.
596 4181 666 4248 dics
686 4185 793 4248 ambas
815 4193 920 4268 partes
942 4187 1185 4272 inpraesentia
