2632 4822
73 251 146 328 792
387 261 606 320 norisium
642 263 769 320 aranu
806 263 873 318 uis.
895 261 952 318 vr.

10 415 16 426 “
75 407 195 470 carissi
224 405 373 470 oberrare
398 415 601 490 praesumat,
638 401 698 465 sed
710 402 864 489 firmiter
887 405 929 466 in
954 425 999 466 ea
1017 418 1208 488 permaneat,

75 503 110 554 ut
133 491 235 552 Deum
250 508 413 574 possemus
435 487 550 550 tabere
569 483 770 568 defensorem
784 499 884 572 atque
897 489 1110 573 propitium.

519 600 570 663 De
594 603 649 664 Ma
671 603 738 664 icis.

157 683 351 748 LXXXIII.
392 683 517 762 (XXX.)
558 684 593 747 si
612 623 685 766 quis
709 684 834 746 timoris
849 684 921 746 Dei
949 683 1152 764 immemor,
1177 689 1207 750 ad

74 770 193 833 ariolos
202 777 256 830 aut
270 768 311 829 ad
326 766 453 848 ariolae,
474 766 526 827 vel
538 789 610 828 arus
634 768 760 829 icesaut
773 768 1207 852 aliosqualescunqueres·

73 873 211 939 pontum
238 851 365 913 abillis
388 849 429 910 ad
455 791 681 933 accipiendum
701 851 941 914 ambulaverit:
974 864 1160 937 componat
1180 856 1205 913 iu

74 957 165 1002 sacro
193 934 313 1017 palatio
344 932 489 994 medium
514 933 608 1015 pretii
629 933 699 1011 sui,
735 934 818 995 sicut
846 937 1072 1018 appretiatus
1107 937 1205 1014 fuerit,

73 1031 238 1114 tamquam
261 1017 288 1080 si
313 1037 388 1079 eum
410 1013 529 1097 aliquis
551 1016 741 1078 occidisset:
773 1025 806 1079 et
824 1017 973 1099 insuper
1002 1030 1087 1102 agat
1108 1021 1206 1104 poeni-

73 1111 210 1164 tentiam
237 1099 417 1175 secandum
439 1119 601 1160 canonum
629 1099 783 1162 instituta.
826 1100 943 1162 Simili
965 1104 1082 1165 modo
1110 1103 1205 1186 etqui

73 1184 116 1246 ad
137 1184 299 1260 arborem,
333 1202 430 1266 quam
449 1181 563 1242 rustici
590 1180 777 1244 Sanctivum
798 1184 831 1261 l)
862 1195 1018 1263 vocant,
1052 1195 1153 1269 atque
1177 1187 1206 1246 ad

73 1271 223 1333 fontanas
245 1262 441 1341 adoraverit,
462 1272 517 1324 aut
538 1265 760 1349 sacrilegium,
789 1266 844 1327 vel
866 1267 1149 1340 incantationem
1169 1271 1182 1329 s
1194 1304 1206 1316 ·

75 1349 171 1426 ecrit,
193 1347 342 1410 similiter
360 1345 503 1408 medium
522 1347 618 1432 pretii
638 1348 689 1410 sui
705 1358 879 1433 componat
897 1349 936 1410 in
962 1375 1070 1414 sacro
1092 1353 1205 1438 palatio.

72 1429 118 1498 Et
141 1431 168 1492 si
195 1430 407 1514 quiscumque
436 1430 541 1492 sciens
566 1429 705 1492 ariolum
725 1433 777 1494 vel
799 1432 965 1511 ariolam,
1001 1446 1041 1497 et
1071 1458 1140 1496 nou
1166 1457 1205 1496 eas

75 1513 345 1592 manifestaverit,
372 1523 428 1574 aut
448 1513 534 1596 ipsos
554 1513 721 1598 celaverit,
749 1515 806 1598 qui
831 1515 871 1575 ad
895 1515 994 1599 ipsos
1015 1519 1146 1580 ariolos
1165 1527 1206 1578 aut

75 1596 191 1659 ariolus
212 1596 353 1674 vadunt,
393 1605 425 1658 et
458 1618 524 1658 uon
548 1596 816 1676 manifestaverit,
852 1600 1061 1679 praedictae
1094 1624 1205 1686 poenae

75 1679 248 1748 subiaceat.
291 1679 356 1758 Qui
377 1689 485 1742 autem
505 1701 631 1741 servum
653 1703 746 1742 suum
767 1689 822 1741 aut
841 1682 1034 1763 ancillam,
1071 1687 1116 1747 ad
1137 1685 1206 1767 ipsos

75 1761 195 1824 ariolos
217 1771 272 1823 aut
300 1762 433 1839 ariolos,
471 1761 512 1823 ad
542 1760 651 1845 aliqua
679 1783 831 1847 responsa
860 1765 900 1825 ab
934 1766 986 1828 eis
1020 1769 1207 1852 accipienda

75 1844 307 1923 transmiserit,
342 1853 375 1906 et
404 1843 572 1927 probatum
604 1847 736 1926 suerit„
760 1868 903 1930 poenam
934 1862 1137 1934 componat.
1181 1852 1208 1912 si

76 1948 153 1990 vero
175 1949 284 1990 servus
305 1935 360 2000 aut
393 1928 513 1988 ancilla
540 1927 611 1990 sine
632 1929 797 1991 voluntate
820 1929 1049 1995 dominorum
1074 1957 1207 2013 suorum,

77 2021 112 2074 ct
131 2019 254 2072 tantum
276 2033 332 2072 sua
351 2011 561 2090 auctoritate,
595 2013 637 2074 ad
657 2013 795 2073 ariolum
816 2022 871 2072 aut
891 2015 1045 2076 ariolum
1071 2021 1207 2080 ambula-

76 2093 179 2173 verit,
202 2092 350 2156 similiter
369 2093 411 2154 ad
433 2094 542 2176 aliqua
562 2115 612 2156 res
637 2116 715 2156 oasa
737 2094 955 2192 accipienda,
993 2109 1088 2161 tunc
1112 2101 1208 2164 domi·

78 2199 140 2240 nus
162 2198 273 2238 eorum
294 2177 491 2239 venumdare
524 2200 578 2239 eos
608 2118 722 2240 debeat
753 2180 830 2240 soris
851 2179 1084 2262 provinciam.
1128 2187 1169 2246 Et
1187 2183 1208 2243 si

78 2260 262 2344 neglexerit
284 2259 432 2321 dominus
453 2280 565 2321 eorum
590 2257 654 2322 hoc
672 2262 796 2341 facere,
828 2284 926 2346 supra
959 2265 1118 2350 scriptae
1139 2288 1211 2352 poe·

80 2344 334 2405 nae‘subiaceat.
345 2365 350 2422 J
391 2343 433 2409 lI.
454 2343 505 2409 38.
531 2365 556 2404 1.

162 2449 347 2515 LXXXIV.
389 2451 528 2530 (XXXI.)
547 2511 550 2520 ,
569 2451 603 2514 Si
626 2451 699 2535 quis
720 2450 836 2527 iudex,
867 2461 924 2514 aut
948 2454 1135 2534 Sculdais,
1165 2463 1211 2515 aut
1268 2496 1269 2499 =

78 2532 253 2611 Saltarius,
287 2534 339 2595 vel
361 2535 511 2595 Decanus
541 2537 580 2598 de
613 2535 687 2597 loco
708 2534 764 2597 ubi
786 2535 881 2596 arioli
903 2547 962 2598 aut
985 2539 1121 2599 ariolae
1145 2541 1211 2600 fue-

78 2616 164 2693 rint,
195 2616 380 2698 neglexerit
407 2639 426 2676 a
454 2617 551 2678 modo
582 2616 666 2678 intra
694 2627 760 2680 tres
790 2639 917 2678 menses
942 2641 1003 2682 eos
1030 2621 1209 2702 inquirere,

78 2708 111 2760 et
131 2697 290 2776 invenire,
312 2708 344 2760 et
363 2719 421 2781 per
442 2699 523 2760 alios
544 2699 692 2762 homines
713 2699 837 2761 inventi
853 2700 990 2780 fuerint,
1017 2712 1106 2764 tunc
1124 2726 1210 2764 com-

77 2791 179 2865 ponat
200 2779 423 2862 unusquisque
446 2787 494 2859 m)
515 2783 658 2843 medium
678 2783 773 2867 pretii
795 2782 860 2859 sui,
890 2783 977 2845 sicut
1001 2808 1108 2868 supra
1132 2785 1210 2869 legis

78 2872 142 2926 tur.
171 2864 214 2925 Et
235 2862 261 2924 si
282 2863 517 2924 manifestatum
538 2865 653 2943 fuerit,
675 2867 765 2950 quod
785 2864 864 2928 sciat
883 2866 1004 2945 iudex,
1031 2879 1091 2930 aut
1115 2868 1209 2930 Scul-

76 2945 167 3032 duis,
196 2956 229 3010 et
250 2945 422 3024 Saltarius,
454 2955 486 3006 et
504 2948 674 3025 Decanus,
705 2949 761 3010 ubi
780 2948 839 3031 ipsi
858 2948 969 3027 arioli,
1003 2963 1065 3014 aut
1087 2952 1207 3016 ariolae

80 3039 174 3108 sunt,
197 3039 231 3092 et
248 3051 302 3089 eos
321 3049 387 3088 non
412 3029 692 3108 condemnaverit,
714 3040 769 3090 aut
789 3033 968 3114 praemium
991 3035 1133 3115 tulerit,
1156 3041 1207 3093 aut

80 3113 172 3197 quusi
190 3134 301 3177 caussa
320 3110 463 3194 pietatis,
488 3113 541 3173 vel
557 3135 614 3195 pro
635 3115 865 3196 qualicumque
885 3115 1023 3197 iugenio
1054 3119 1206 3180 absolve-

79 3197 138 3274 rit,
169 3196 328 3279 iutegrum
344 3194 507 3276 widrigild
527 3218 621 3256 suum
639 3197 672 3259 iu
697 3197 816 3280 palatio
842 3208 1029 3279 componat.
1077 3203 1162 3262 Nam
1181 3197 1205 3264 si

105 3301 139 3339 er
159 3278 299 3346 iudicem
320 3278 467 3360 inquisiti
483 3273 622 3356 fuerint,
645 3287 678 3340 et
694 3279 762 3340 sine
784 3281 895 3343 notitia
918 3281 1091 3362 sculdais,
1128 3295 1205 3348 tunc

78 3301 194 3426 Iubeas
212 3361 279 3444 ipse
298 3362 397 3426 iudex
423 3371 613 3442 potestatem
631 3361 708 3422 soris
733 3363 930 3445 provinciam
952 3386 1009 3424 eos
1035 3364 1204 3428 vendendi

79 3453 113 3506 et
133 3445 273 3527 pretium
294 3444 353 3512 sibi
374 3443 533 3522 tollendi,
556 3454 651 3526 atque
675 3443 825 3512 habendi,
868 3447 948 3506 Nam
969 3447 995 3508 si
1022 3471 1088 3530 per
1107 3449 1204 3510 Scul-

76 3528 172 3604 daem
194 3528 318 3593 inventi
339 3527 476 3606 suerint,
509 3527 652 3613 medium
675 3528 714 3593 de
740 3529 813 3610 ipso
832 3529 935 3610 pretio
962 3530 1063 3598 tollat
1091 3532 1203 3608 iudex,

78 3611 222 3672 medium
240 3611 397 3673 Sculdais.
439 3613 481 3676 Et
505 3610 531 3676 si
547 3611 701 3678 Decanus
724 3621 778 3672 aut
797 3611 950 3677 Saltarius
970 3613 1061 3694 ipsos
1083 3616 1203 3677 ariolos

78 3703 134 3760 out
159 3693 274 3759 ariolus
295 3693 348 3754 vel
373 3693 623 3775 suprascriptos
647 3694 818 3778 sacrilegos
837 3693 1016 3774 invenerit,
1053 3708 1089 3763 et
1107 3699 1203 3764 Soul-

78 3777 129 3844 dai
157 3797 215 3840 suo
240 3775 506 3854 manifestaverit,
535 3784 615 3838 tunc
640 3777 768 3839 tertiam
793 3786 915 3861 partem
937 3778 1007 3860 ipse
1029 3781 1203 3858 SaltariuS,

77 3870 133 3927 aut
148 3862 298 3925 Decauus
312 3879 371 3942 per
390 3879 487 3940 quem
506 3856 630 3921 inventi
646 3860 787 3939 fuerint»,
810 3861 848 3922 de
869 3860 937 3943 ipso
954 3862 1065 3945 pretio
1085 3865 1205 3928 haheat

76 3997 516 4021 συναφῇ-*Ἠ

144 4077 173 4148 t)
202 4077 242 4132 Al.
271 4076 356 4130 Editt.
390 4076 565 4144 sanguinum.
607 4079 658 4132 Un.
676 4081 743 4136 cod.
769 4084 930 4137 sarzctivam.
1017 4086 1068 4158 m)
1087 4087 1204 4142 Herold.

73 4163 174 4275 {aarum
192 4165 286 4206 eorum
305 4144 339 4206 de
357 4145 495 4205 locosao.
530 4149 573 4207 al.
592 4149 680 4207 codd.
699 4170 796 4232 uuusq.
815 4151 848 4208 de
866 4155 928 4209 loro
947 4171 1023 4226 su05
1041 4173 1151 4236 unusq.
1172 4159 1204 4218 cit

86 4235 147 4288 ooo,
849 4269 852 4274 .
