2640 4838
405 361 407 364 ,
443 292 609 352 euterun
645 295 821 352 nocueris
1110 279 1183 358 709

16 489 19 492 .
73 435 233 516 babuerit,
254 433 394 497 habeant
417 442 450 496 et
472 434 534 518 ipsi
559 434 664 517 legem
690 455 801 512 suam,
830 433 915 496 sicut
940 458 1035 521 supra
1060 441 1181 504 consti.

72 533 179 586 tutum
204 528 262 598 est,
284 527 445 600 tamquam
463 518 489 578 si
512 515 596 577 nihil
620 516 675 576 alii
696 515 877 598 thiogatnm
894 518 1016 584 fnisset.
1045 523 1099 594 Et¹
1112 524 1182 603 ille,

73 605 128 668 cui
152 603 336 686 thingatum
354 609 423 676 est,
453 607 580 660 tantum
604 599 740 677 habeat,
768 609 927 680 quantum
953 597 1008 663 alii
1032 597 1187 688 parentes

71 685 212 772 proximi
240 683 419 745 debuerant
441 681 580 759 hebere,
605 691 660 745 sut
686 681 796 743 Cortis
817 683 916 766 Regia
942 686 1124 770 suscipere,
1153 688 1181 750 si

72 771 124 832 illi
146 769 327 849 tlaingatum
350 785 416 824 non
442 763 563 824 fuisset.
647 767 692 828 II.
720 765 764 839 14.
792 766 837 826 13.

142 854 237 906 Gcose.
274 847 302 900 Si
321 856 412 899 autem
430 844 500 898 filias
518 846 649 912 legitimas
667 863 749 897 unam
768 853 816 912 aut
833 848 923 918 plnres
940 858 1003 920 post
1027 850 1107 905 thina
1124 849 1183 906 Iae-

68 930 130 986 tum
147 917 292 979 habuerit,
316 916 437 969 habeant
452 918 541 988 ipsae,
569 916 590 968 si
609 933 663 967 una
681 915 778 978 fuerit,
798 919 906 970 tertiam
930 929 1050 991 partem3
1076 923 1098 974 si
1126 923 1181 975 duo

70 1001 119 1045 eut
135 994 238 1062 plures,
258 987 407 1040 dimidiam.
461 989 529 1039 Auia
548 987 643 1039 Gnoso.
677 985 782 1038 ‘Totum
799 986 923 1041 similiter
941 999 972 1042 ut
989 992 1112 1046 masculi.

86 1109 89 1116 .
138 1079 217 1114 reru.
253 1060 330 1110 Petre
345 1066 373 1110 te
386 1057 507 1128 appellat
519 1057 661 1118 Martinus,
684 1055 758 1126 qnod
777 1065 808 1109 tn
827 1066 904 1110 tenes
925 1059 976 1111 sibi
990 1063 1063 1114 malo
1085 1062 1181 1116 ordine

65 1141 164 1184 terram
178 1131 209 1182 in
230 1127 280 1182 tali
297 1127 371 1181 loco.
406 1129 485 1180 Pater
500 1136 565 1180 tuus
588 1125 699 1178 donavit
709 1124 775 1176 mihi
787 1126 873 1197 ipsam
884 1136 995 1182 terram:
1013 1147 1079 1184 ecce
1095 1141 1182 1186 carta.

68 1204 148 1254 Pater
166 1217 241 1252 meus
258 1197 325 1248 mihi
350 1195 498 1268 disperavit
512 1213 541 1249 se
562 1193 663 1248 habere
685 1195 755 1248 filios
778 1205 888 1266 propter
908 1199 1110 1267 Infirmitatem,
1134 1203 1180 1256 vel

68 1280 179 1342 propter
198 1277 381 1332 senectutem,
410 1275 519 1337 etpost
546 1266 648 1319 creavit
667 1283 711 1317 me
737 1265 772 1318 de
793 1268 915 1334 legitimo
938 1271 1073 1339 coniugio.
1109 1275 1182 1328 Vere

2 1357 8 1368 ·
65 1338 222 1412 procreavit
237 1347 277 1400 te,
303 1337 352 1389 sed
372 1355 428 1390 non
446 1337 480 1388 de
500 1336 621 1402 legitimo
643 1337 778 1403 coniugio.
814 1338 849 1391 Et
863 1339 902 1392 ita
918 1340 1066 1410 approbet;
1088 1341 1111 1396 si
1125 1359 1180 1396 non

70 1411 208 1482 potuerit,
229 1417 331 1462 taceat.
368 1407 397 1460 si
422 1407 560 1460 masculus
584 1414 640 1468 est,
674 1406 722 1476 qui
743 1407 879 1478 appellat,
906 1419 986 1479 rupta
1010 1421 1071 1465 tota
1096 1421 1180 1466 carta

71 1481 100 1537 si
114 1480 214 1534 femina
238 1487 289 1542 est,
316 1475 363 1548 qni
390 1479 530 1550 appellat,
550 1476 580 1526 in
595 1475 736 1545 praedicta
760 1477 885 1547 portione
902 1479 951 1534 fiat
968 1489 1059 1553 rupta,
1082 1475 1182 1538 secuu-

71 1551 137 1603 dum
159 1549 301 1622 quosdam.
336 1545 394 1600 Sed
419 1556 478 1602 tota
500 1545 624 1598 similiter
648 1555 689 1599 est
707 1563 803 1600 vacua.
1142 1556 1146 1558 ’

152 1618 311 1682 CLXXII.
353 1617 388 1678 Si
415 1618 487 1699 quis
511 1619 562 1681 res
586 1637 657 1678 suas
677 1615 732 1676 ulii
749 1617 897 1701 thingare
922 1619 1082 1699 voluerit,
1113 1641 1180 1683 non

69 1703 234 1779 absconse,
256 1699 314 1762 sed
339 1709 413 1761 ante
435 1700 554 1761 liberos
573 1697 731 1774 homines,
760 1699 864 1782 ipsum
883 1700 1051 1784 garathiux
1071 1703 1180 1782 faciet,

69 1781 300 1868 quatenusqui
324 1781 460 1864 thingat‚
483 1780 593 1864 etqui
618 1780 689 1864 gisil
713 1778 834 1844 suerint
855 1783 897 1863 b),
919 1783 1015 1846 liberi
1037 1787 1121 1866 sint,
1144 1794 1182 1848 nt

69 1867 162 1929 nulla
187 1867 221 1924 in
243 1874 407 1948 posterum
428 1864 551 1926 oriatur
571 1862 719 1938 intentio.

137 1965 218 2002 sonu.
252 1948 331 2000 Petro
349 1955 379 2002 te
401 1948 522 2018 appellat
539 1947 682 2008 Martinus,
703 1945 778 2016 quod
794 1953 826 1999 tu
848 1954 927 2000 tenes
941 1947 966 2000 ei
985 1957 1084 2002 terram
1106 1951 1180 2004 malo

69 2018 202 2072 ordinein
220 2017 271 2070 tali
280 2019 349 2069 loco.
371 2017 528 2088 »lpsaterra
539 2017 771 2086 meaproprlaest:
783 2037 796 2065 u
816 2033 882 2070 ecce
896 2027 980 2081 cortou
993 2029 1114 2092 quamtu
1131 2023 1182 2074 rni-

67 2088 98 2142 hi
117 2087 214 2142 fecisti.
250 2089 351 2140 Contra
369 2089 457 2154 legem
473 2097 514 2140 est
535 2086 593 2157 ipsa
612 2096 697 2150 carta,
722 2086 797 2157 quod
815 2105 871 2138 non
885 2088 985 2141 fuerint
999 2099 1082 2144 testes
1092 2090 1180 2144 liberi.

154 2156 336 2220 CLXXIII.
380 2157 509 2240 siquis
532 2178 584 2220 res
603 2179 674 2221 suas
697 2156 754 2216 alii
775 2157 984 2240 thingaverit,
1007 2170 1039 2222 et
1062 2161 1182 2224 dixerit

68 2242 101 2303 in
126 2241 195 2324 ipso
214 2240 309 2302 thinx
330 2239 465 2323 lidolaip
487 2243 532 2318 i),
554 2238 587 2300 id
604 2240 773 2323 est‚‘qn0d
800 2239 834 2300 in
852 2240 913 2301 ‚die
935 2241 1041 2304 obitus
1059 2245 1110 2305 sni
1131 2265 1182 2306 re·

67 2322 213 2406 liquerit,
237 2345 302 2384 non
332 2322 492 2406 dispergat
517 2323 599 2405 ipsas
620 2343 671 2383 res
703 2331 815 2402 postea
851 2322 963 2385 doloso
986 2325 1121 2405 animo,
1148 2335 1181 2388 et

67 2409 196 2470 fruatur
217 2427 268 2468 eas
290 2426 362 2467 cnm
384 2407 520 2467 ratione.
561 2405 608 2467 Et·
626 2404 741 2470 situlis
762 2406 910 2466 evenerit
938 2408 1120 2486 necessitas,
1145 2417 1183 2470 nt

68 2498 188 2552 terram
208 2510 284 2550 cnm
312 2487 479 2571 mancipiis
507 2489 666 2564 vendere,
699 2494 753 2547 aut
779 2485 852 2548 Ioco
888 2488 1032 2584 pignoris
1059 2513 1181 2574 ponere

70 2573 203 2648 debeat,
229 2581 285 2631 aot
311 2573 381 2632 sine
402 2571 598 2654 mancipiis‚'
624 2569 709 2631 dicat
729 2567 819 2651 prius
849 2569 900 2630 illa
925 2572 979 2633 cui
1009 2571 1182 2656 thingare-

69 2655 126 2718 rit:
145 2655 231 2716 Ecce
248 2651 350 2731 vides,
365 2653 441 2733 quia
454 2653 642 2716 necessitate
660 2652 859 2730 compulsus,
874 2675 925 2716 res
942 2654 1015 2719 istas
1031 2657 1113 2717 vado
1127 2656 1181 2717 da·

69 2753 107 2799 re
127 2746 181 2797 aut
198 2735 358 2806 vendere5
381 2737 415 2797 si
435 2737 493 2797 tibi
518 2737 664 2815 videtur,
686 2734 824 2798 subveni
848 2736 948 2814 mihi,
977 2747 1009 2798 et
1029 2759 1080 2800 res
1097 2737 1181 2820 ipsas

71 2839 229 2893 conserva
250 2819 284 2878 in
303 2827 389 2878 tuam
412 2818 665 2902 proprietatem
699 2820 794 2880 Tunc
809 2817 835 2878 si
850 2819 993 2882 noluerit
1011 2819 1042 2884 ei
1057 2821 1180 2884 subve-

73 2903 143 2964 nire
166 2901 255 3044 qnpld
276 2899 332 3046 al5ii
353 2899 490 2981 dederit,
504 2901 545 2964 sit
565 2901 616 2962 illi
630 2900 743 2965 stabile
758 2910 790 2963 et
810 2899 948 2983 firmum,
970 2903 1028 2986 qni
1049 2924 1182 2990 accepe-

71 2984 127 3052 rit.
245 3028 252 3047 .
278 3005 288 3042 1
317 3003 375 3048 .2,

154 3063 330 3132 CLXXIV.
371 3066 460 3127 Nulli
483 3064 630 3128 donatori
655 3064 753 3127 liceat
769 3066 874 3148 ipsum
893 3058 999 3146 thina,
1020 3066 1107 3150 quod
1123 3089 1182 3130 an-

73 3156 125 3208 tea
150 3146 282 3224 lecerit,
314 3147 432 3210 iterum
454 3149 487 3209 in
511 3149 618 3209 alium'
634 3148 799 3208 hominem
825 3149 1051 3210 transmittere.
1099 3151 1183 3210 Tan·

74 3240 143 3290 tum
169 3239 233 3306 cst,
255 3229 378 3308 utillo,
402 3231 458 3314 qui
477 3231 646 3314 garathinx
670 3231 859 3312 susceperit,
881 3233 961 3292 tales
984 3232 1094 3313 culpas
1115 3251 1182 3290 non

72 3313 170 3374 faciat
199 3312 346 3374 donatori
369 3335 449 3391 suo,
485 3309 596 3395 quales
624 3308 728 3375 solent
756 3313 872 3396 ingrati
905 3313 965 3373 filii
995 3311 1183 3396 parentibus

30 3390 32 3396 ’
73 3397 139 3457 sais
166 3395 296 3471 facere,
325 3416 385 3478 per
411 3417 488 3479 quas
512 3394 768 3478 exheredaretur,
804 3395 945 3476 quaein
977 3394 1040 3457 hoc
1067 3395 1184 3458 Edicto

74 3479 212 3560 scriptae
233 3485 319 3543 sunt.
355 3480 432 3559 Ipse
454 3488 580 3554 autem,
609 3477 666 3560 qui
696 3477 865 3559 garathinx
888 3478 1064 3561 susceperit
1085 3478 1124 3539 ab
1145 3478 1184 3538 il·

73 3563 118 3637 lo,
141 3559 299 3643 quicquid
318 3559 487 3642 reliquerit
512 3561 647 3622 donator
673 3560 705 3619 in
723 3559 837 3620 diebus
857 3559 962 3622 obitus
985 3560 1046 3637 sui,
1068 3558 1184 3622 habent

2 3692 3 3698 ,
74 3643 240 3705 IIccntiam
267 3641 302 3702 in
327 3664 420 3703 suurn
448 3642 626 3704 dominium
649 3643 859 3725 recolligere,
885 3651 917 3703 et
936 3643 1084 3716 debitum
1109 3663 1184 3704 cre-

68 3725 233 3796 ditoribus
261 3725 412 3803 solvere,
443 3735 474 3804 et
499 3723 568 3786 aliis
589 3723 772 3806 requirere3
806 3733 838 3786 et
863 3725 951 3807 quod
979 3725 1013 3786 ln
1044 3724 1182 3787 fiduciae

73 3830 162 3870 nexu
183 3807 323 3892 positum
344 3817 391 3868 est
403 3846 415 3883 ‚v
434 3807 548 3868 reddat
567 3808 721 3885 debitum,
743 3817 775 3876 et
792 3807 935 3891 requirat
957 3829 1027 3870 rem
1049 3807 1083 3869 in
1098 3805 1183 3870 fidn-

41 3893 43 3898 ’
72 3891 142 3953 ciac
163 3913 253 3952 nexu
276 3890 484 3973 subpositum.
548 3891 589 3957 Il.
616 3891 662 3954 15.
683 3891 712 3951 3.

156 3971 315 4035 CLXXV.
358 3973 394 4034 Si
410 3973 482 4056 quis
497 3994 548 4036 res
567 3995 638 4036 snas
655 3974 839 4057 cuicunque
854 3972 1034 4052 donaverit,
1053 3981 1085 4034 et
1101 3979 1185 4056 post·

45 4083 433 4100 *⁴*

144 4111 179 4182 Is)
198 4114 285 4166 Gloss.
305 4113 396 4166 interl,
420 4111 537 4171 Gisilee',
557 4121 647 4162 restes.
727 4109 760 4178 ἰ)
776 4109 818 4163 ΑΙ.
838 4108 923 4162 Codd.
948 4107 1102 4174 lidlnlas’h5
1128 4106 1186 4160 lin-

73 4181 155 4248 dilur
181 4180 330 4252 ladolaip;
348 4181 488 4254 lindr'lajo.
525 4177 857 4234 Herold.bidlsilabibum.
898 4179 1034 4237 Unxcod.
1050 4181 1082 4230 iu
1098 4179 1186 4247 ipsum

72 4253 170 4315 tbs’nx,
198 4251 275 4325 quod
290 4267 330 4306 est
352 4251 421 4314 tait,
450 4250 481 4304 id
496 4263 535 4306 est
551 4247 634 4320 quod.
