2648 4874
128 259 204 337 478
305 283 410 337 areis
429 281 718 340 wrsreoruoauu
738 289 801 342 an.
820 289 875 345 111.
894 289 969 342 nr.
988 291 1034 344 ιν.

126 425 188 487 hus
217 421 382 484 servituri:
420 421 447 483 si
474 432 582 484 tamen
612 425 696 484 lilios
727 425 766 486 de
791 427 890 508 priori
923 429 1073 512 coniugio
1103 419 1235 494 adulter

126 507 183 568 ille
208 507 261 567 vel
283 517 514 586 transgressor,
536 529 594 567 seu
611 507 731 568 'm‘ulier
752 508 818 590 ipsa
841 531 905 569 non
936 513 1092 588 habuerit.
1136 517 1234 591 Quod

126 590 153 650 si
188 590 272 650 lilios
297 587 455 669 legitimos
485 589 604 650 habere
634 590 836 671 probantur,
867 601 947 654 tuuc
975 616 1086 655 omnes
1111 618 1163 656 res
1192 599 1234 658 ad

125 672 257 732 eosdem
279 671 362 732 filios
383 671 602 755 pertinebunt.
645 672 709 752 lpsi
730 683 848 750 tamen,
871 675 904 736 id
924 686 989 752 est,
1018 687 1084 738 tam
1114 679 1234 740 mulier

122 754 192 835 ipsa
214 753 385 832 scelerata,
415 776 511 834 quam
533 755 630 815 etiam
650 754 699 814 vir
727 755 785 816 ille
811 757 866 836 qui
897 757 986 819 illam
1014 761 1232 838 adulterasse,

122 837 176 897 vel
199 857 378 919 sponsasse,
406 837 459 897 vel
481 837 515 895 in
538 836 688 920 coniugio
711 837 769 897 sibi
800 839 935 900 sociasse
967 839 1166 920 dinoscitur,
1197 845 1232 904 in

120 928 277 1002 potestate
299 918 405 995 illius,
429 919 481 979 cui
502 919 640 1001 primum
663 919 825 1002 praedicta
850 922 968 982 mulier
994 934 1087 1004 pacta
1107 927 1231 1003 fuerat,

122 1001 270 1062 servituri
291 1001 475 1062 tradantur:
508 1012 543 1061 ut
573 1002 614 1062 de
635 1001 685 1062 his
715 1002 804 1082 quod
835 1004 975 1066 voluerit
1002 1005 1145 1066 faciendi
1172 1009 1233 1066 ha-

120 1083 195 1144 beat
215 1091 414 1164 potestatem,
436 1092 470 1145 et
487 1083 628 1168 pretium
647 1083 690 1146 ad
710 1085 805 1144 illum
825 1107 978 1170 sponsum
1000 1088 1058 1170 'qui
1087 1089 1231 1169 dederat,

122 1175 308 1228 revertatur.

552 1280 611 1342 IlI.
652 1273 799 1358 turrem.

481 1395 530 1455 De
552 1395 709 1457 adulterio
736 1401 860 1466 uxoris.
894 1391 897 1396 ’

204 1473 238 1535 Si
265 1475 442 1538 cuiuslibet
467 1497 550 1536 uxor
574 1478 768 1539 adulterium
796 1480 933 1559 fecerit,
965 1489 998 1542 et
1026 1480 1231 1565 deprehensa

120 1579 187 1620 non
217 1560 333 1637 fuerit,
366 1571 439 1622 ante
466 1559 606 1620 iadicem
631 1564 886 1642 competentibus
915 1563 1014 1646 siguis
1041 1573 1074 1624 et
1102 1564 1231 1624 iudiciis

120 1639 252 1703 maritus
275 1653 413 1703 accuset.
466 1643 561 1722 Quod
592 1642 618 1703 si
654 1644 799 1704 mulieris
834 1647 1028 1707 adulterium
1060 1647 1229 1708 manifeste

119 1724 278 1808 patuerit,
301 1725 427 1787 adulter
452 1734 484 1786 et
509 1724 652 1786 adultera
679 1728 860 1788 secundum
883 1727 1056 1810 superioris
1078 1729 1159 1810 legis
1176 1750 1232 1789 or-·

121 1806 233 1868 dinem
263 1806 324 1889 ipsi
348 1809 531 1869 tradantur:
561 1817 600 1868 ut
624 1809 713 1904 quod
733 1811 773 1872 de
804 1810 851 1873 eis
881 1813 988 1874 lacere
1010 1811 1166 1889 voluerit,
1195 1811 1229 1870 in

120 1887 191 1952 cius
214 1887 344 1975 proprio
366 1890 517 1954 consistat
537 1890 676 1972 arbitrio.

551 2004 607 2067 lv.
648 2025 796 2080 turrem.

347 2120 386 2182 Si
411 2119 538 2182 adulter
558 2143 627 2180 cum
650 2121 795 2183 adultero
823 2121 995 2190 occidatur.

31 2268 32 2276 χ
202 2203 236 2264 Si
260 2202 442 2266 adulterum
458 2225 532 2263 cum
553 2203 697 2264 adultera
718 2204 849 2266 maritus
868 2207 922 2267 vel
942 2225 1079 2290 sponsus
1101 2205 1228 2268 occide·
1317 2197 1321 2206 ¹

118 2283 178 2364 rit,
205 2307 264 2368 pro
287 2284 449 2347 homicida
470 2305 536 2346 non
557 2295 716 2346 teneatur.

552 2401 595 2464 V·
644 2421 792 2475 aunone.

118 2516 157 2576 Si
174 2529 269 2602 pater
289 2515 344 2576 vel
358 2516 534 2601 propinqui
556 2517 590 2575 in
610 2513 704 2576 domo
725 2515 901 2576 adulteram
924 2515 1225 2598 occiderintfiliam.

200 2599 233 2658 Si
255 2598 355 2658 filiam
375 2598 408 2656 in
434 2597 590 2658 adulterio
613 2607 703 2680 pater
718 2597 751 2656 iu
775 2599 868 2658 domo
890 2619 945 2659 sua
967 2599 1131 2676 occiderit,
1152 2601 1226 2660 nul-

116 2679 181 2740 lam
202 2703 340 2763 poenam
362 2691 417 2744 aut
438 2679 630 2740 calumniam
651 2680 802 2740 incurrat.
856 2679 889 2740 Si
913 2691 998 2742 certe
1021 2703 1092 2742 eam
1121 2703 1226 2742 reser-
1271 2704 1274 2706 ·

115 2785 189 2823 vare
212 2763 369 2841 voluerit,
401 2761 544 2824 faciendi
566 2763 606 2824 de
635 2762 703 2846 ipsa
731 2771 763 2822 et
784 2762 931 2825 adultero
964 2765 1054 2845 quod
1087 2765 1228 2826 volucrit

116 2844 233 2908 habeat
252 2855 451 2928 potestatem.
493 2845 647 2906 Similiter
662 2854 695 2906 et
714 2846 826 2905 fratres
844 2845 908 2907 sive
929 2845 1045 2930 patrui,
1060 2857 1135 2928 post
1156 2847 1225 2908 obi-

51 2957 55 2962 ·
116 2930 186 2990 tum
206 2928 314 3014 patris,
335 2927 479 2991 faciendi
498 2929 638 2990 habeant
656 2937 854 3010 potestatem.

327 3087 328 3090 =
405 3044 462 3107 VI.
524 3052 587 3104 rts.
628 3064 692 3103 ors.
734 3063 821 3103 nens.
861 3062 932 3104 arx.

159 3159 257 3247 Quod
274 3158 358 3222 servi
379 3171 565 3244 praeventos
587 3157 747 3218 adulteros
773 3155 916 3218 occidere
940 3175 1003 3217 non
1027 3156 1183 3222 iubentur.

198 3245 288 3304 Sicut
300 3241 485 3324 parentibus
501 3241 536 3300 in
559 3241 653 3302 domo
667 3247 811 3322 repertos
828 3238 990 3299 adulteros
1008 3259 1122 3300 necare
1144 3261 1223 3299 con-

117 3325 261 3404 ceditur,
292 3327 334 3387 ita
363 3324 525 3422 praeventi
553 3345 571 3382 a
601 3321 698 3384 servis
726 3320 840 3404 perimi
870 3341 935 3381 non
962 3321 1137 3382 iubentur:
1168 3321 1225 3381 sed

116 3433 191 3471 cum
213 3430 268 3469 eos
290 3431 372 3469 servi
398 3405 586 3490 repererint,
609 3405 667 3466 sub
683 3403 817 3464 honesta
841 3403 983 3463 custodia
1002 3413 1145 3477 teneant,
1166 3403 1224 3463 do·
1290 3467 1292 3470 ,

112 3514 176 3553 nec
199 3500 254 3550 aut
276 3489 405 3552 domino
424 3491 554 3566 domus,
585 3497 639 3548 aut
660 3485 760 3546 iudici
781 3485 1031 3568 praesentandos
1051 3487 1224 3546 exhibeant

115 3584 148 3636 et
170 3574 314 3636 detectos
336 3572 431 3634 certis
452 3570 581 3634 indiciis
602 3568 716 3652 legalis
746 3590 852 3652 poena
872 3568 1042 3651 percellat.

525 3687 600 3752 VII.
662 3670 812 3759 arnoul.

115 3804 153 3864 Si
166 3804 275 3890 puella
290 3805 337 3864 vel
355 3803 455 3864 uidua
479 3800 524 3863 ad
545 3801 671 3862 domam
686 3800 815 3860 alterius
831 3819 891 3881 pro
908 3799 1067 3860 adulterio
1087 3800 1223 3877 venerit,

318 3907 445 3980 eamque
468 3884 515 3944 vir
535 3887 602 3969 ipse
624 3885 784 3962 coniugem
808 3883 922 3943 habere
947 3883 1029 3943 velit.

142 3997 145 4002 ’
197 3968 230 4029 si
258 3969 369 4052 puella
390 3987 531 4048 rugenua
552 3966 617 4026 sive
643 3965 738 4037 vidua
759 3965 800 4026 ad
822 3965 951 4025 domum
972 3964 1112 4024 alienam
1130 3964 1224 4024 adul-

114 4051 189 4114 terii
211 4063 325 4113 'caussa
345 4048 486 4126 venerit,
517 4057 549 4108 et
569 4047 669 4130 ipsam
690 4047 748 4107 ille
770 4068 903 4107 uxorem
925 4047 1043 4108 habere
1072 4044 1223 4121 voluerit,

116 4147 148 4198 et
168 4144 334 4217 parentes,
364 4142 400 4194 ut
428 4153 461 4192 se
483 4130 640 4207 habeant,
669 4129 891 4211 acquiescant3
910 4129 980 4190 ¹ille
1002 4132 1141 4210 pretium
1170 4129 1224 4188 det

115 4217 320 4305 parentibus,
341 4223 497 4304 quantum
517 4223 667 4302 parentes
689 4213 818 4296 puellae
839 4211 959 4291 velint,
991 4213 1044 4273 vel
1065 4222 1222 4295 quantum
