2648 4874
126 277 212 351 5‘Ob.
327 285 890 352 nrem=me1aoruouuu·u1s.·1r.
908 295 978 350 ur.
996 298 1028 351 r.

125 438 305 510 mmmm,
327 434 355 498 r'i
372 434 460 498 idam
473 450 554 496 arus
568 441 624 495 aut
644 433 732 509 avla,
754 442 845 518 pater
860 433 913 496 rel
935 443 1036 496 mater
1057 437 1235 516 volueriut,

123 517 317 603 repellendi.
367 517 490 578 Tamen
506 515 533 577 si
550 513 776 597 resipiscentes
797 537 815 576 a
840 537 900 578 sno
928 536 1079 597 excesso,
1106 523 1234 582 veniam

123 625 142 663 a
160 599 412 684 suprascriptis,
433 617 515 681 quos
535 596 750 676 offenderint,
772 598 1034 682 imploraverint,
1057 621 1176 682 eosque
1197 604 1231 662 iu

123 684 257 768 garsiam
270 681 455 766 receperint
472 688 605 764 paterna
621 679 756 762 pietate,
778 689 834 740 aut
845 697 954 741 rerum
964 703 1091 742 enarum
1110 707 1232 746 sueces-

123 786 212 830 sores
226 765 443 826 instituerint:
465 782 571 846 usqua
587 761 754 846 prohiberi
773 763 815 827 ab
831 783 943 824 eorum
963 765 1155 844 hereditate,
1178 789 1232 828 ne.

120 869 185 948 que
205 857 339 932 propter
353 846 576 930 disciplinam,
601 867 665 930 qua
684 846 825 931 correpti
844 855 937 926 snut,
960 845 1122 909 infamiam
1137 860 1231 932 pote·

97 928 100 934 ’
121 940 188 996 aaut
209 931 373 996 ullatenus
393 929 563 994 sustinere.

392 1065 440 1133 ΙΙ.
479 1086 553 1134 aar.
582 1087 658 1130 sue.
687 1086 749 1127 aas.
780 1085 868 1130 caus.
899 1085 967 1132 aex.

146 1184 198 1248 Do
217 1195 315 1269 quota
332 1197 424 1270 parte
444 1185 538 1248 liceat
558 1183 740 1246 mulien'bns
761 1182 902 1245 indicare
924 1184 965 1246 de
986 1184 1113 1249 dotibus
1137 1187 1212 1250 suis.

201 1267 292 1348 Quia
311 1267 480 1346 mulieres,
502 1265 621 1352 quibus
643 1266 766 1326 dudum
786 1287 976 1348 concessum
991 1269 1097 1330 fuerat
1113 1271 1153 1331 de
1168 1271 1234 1334 suis

121 1351 251 1422 dotibus
284 1349 428 1413 iudicare
462 1351 551 1434 quod
577 1347 778 1426 voluisseut,
818 1349 976 1430 quaedam
1006 1353 1234 1434 reperiuntur,

120 1433 236 1519 spretis
256 1431 331 1494 filiis
353 1433 407 1496 vel
430 1431 618 1518 nepotibus,
640 1431 768 1494 easdem
789 1431 880 1494 dotes
902 1431 968 1494 illis
990 1435 1138 1497 conferre
1161 1457 1234 1496 caan

118 1516 238 1600 quibus
258 1515 440 1578 eonstiterit
462 1514 614 1598 nequiter
633 1535 686 1575 eas
708 1514 844 1576 vixisse:
875 1513 950 1575 ideo
971 1534 1101 1580 necesse
1124 1528 1172 1579 est
1192 1519 1235 1578 il-

119 1600 169 1664 los
190 1597 309 1662 exinde
323 1599 499 1682 percipere
521 1595 741 1674 commodum,
768 1617 828 1680 pro
848 1595 968 1678 quibus
989 1599 1137 1661 creandis
1159 1601 1233 1662 lue-

117 1689 169 1745 rat
189 1703 294 1746 assum
317 1689 385 1742 tum
407 1680 604 1764 coniugium.
646 1678 797 1761 Denique
827 1678 1058 1742 constituentes
1080 1681 1232 1746 decerni-

118 1787 208 1842 mus,
232 1772 269 1825 ut
289 1703 329 1825 de
352 1763 426 1826 dote
447 1785 504 1826 sua
525 1763 646 1824 mulier
667 1759 786 1823 habens
808 1761 891 1822 lilios
913 1761 966 1824 vel
989 1771 1139 1843 nepotes,
1174 1788 1233 1828 seu

119 1868 229 1909 caussa
250 1846 407 1908 mercedis
428 1846 573 1914 ecclesiis
595 1844 647 1909 rel
670 1843 795 1905 libertis
817 1845 987 1924 conferre,
1008 1845 1077 1908 sire
1098 1847 1233 1914 cuicun-

119 1951 184 2012 que
206 1928 366 2008 voluerit,
398 1950 463 1989 nou
484 1927 620 2012 amplius
639 1947 736 2008 quam
757 1928 797 1988 de
818 1935 932 2009 quarta
953 1939 1062 2012 parta,
1089 1939 1232 2011 potesta-

118 2023 185 2075 tem
205 2011 330 2077 habeat.
372 2011 451 2072 Nam
469 2020 535 2073 tres
561 2018 667 2095 partes
699 2009 852 2092 legitimis
874 2007 952 2068 liliis
972 2019 1026 2072 aut
1048 2013 1230 2092 nepotibus,

117 2093 232 2157 sensit
251 2114 335 2156 unus
350 2092 417 2156 sive
438 2093 572 2172 forsitan
593 2093 722 2176 plures,
745 2092 865 2174 absque
888 2089 987 2152 dnbio
1002 2091 1155 2155 relictura
1174 2105 1232 2162 est.

118 2179 168 2239 De
188 2185 254 2238 tota
278 2173 409 2238 interim
430 2176 525 2252 dota,
555 2181 634 2237 tuuc
653 2173 759 2235 facere
780 2173 862 2256 qnid
884 2173 1045 2253 voluerit,
1077 2179 1140 2238 erit
1162 2195 1230 2239 mu·

117 2259 208 2320 lieris
236 2268 394 2342 potestas,
425 2259 555 2340 quando
589 2257 717 2317 nullum
745 2255 924 2340 legitimum
952 2257 1056 2320 lilium
1080 2258 1229 2340 filiamve,

117 2352 269 2428 nepotem
291 2341 344 2402 rel
367 2350 497 2422 neptem
517 2339 721 2422 superstitem
747 2339 927 2422 reliquerit.
980 2339 1228 2404 Verumtamen

117 2424 296 2502 foeminas,
318 2427 398 2506 quas
419 2423 591 2506 contigerit
613 2419 737 2484 dnobus
759 2419 838 2484 viris
859 2430 913 2482 aut
934 2423 1070 2506 amplius
1093 2425 1227 2502 nubere,

117 2515 214 2591 atque
237 2526 277 2566 ex
300 2505 346 2566 eis
367 2503 451 2565 filios
473 2525 664 2587 procreare,
699 2525 765 2564 nou
795 2504 841 2566 eis
870 2504 997 2565 licitum
1028 2506 1090 2567 erit
1121 2506 1228 2570 dotem

118 2587 158 2649 ab
189 2587 252 2648 alio
280 2587 395 2649 marito
421 2598 603 2670 acceptam,
635 2586 710 2648 saliis
744 2593 798 2652 aut
817 2586 988 2669 nepotibus
1010 2607 1051 2648 ex
1071 2585 1137 2650 alio
1158 2591 1242 2651 viro·

118 2671 236 2754 genitis
258 2669 350 2732 dare:
372 2669 428 2730 sed
449 2670 671 2752 unusquisque
694 2667 780 2730 filius
801 2667 926 2747 filiave,
948 2689 1048 2752 nepos
1070 2679 1126 2732 aut
1147 2694 1228 2754 nep-

118 2755 177 2831 tis,
206 2774 247 2815 ex
268 2753 336 2835 ipsa
357 2751 445 2814 linea
464 2753 642 2836 procreati,
671 2750 796 2829 dotem,
826 2772 923 2833 quam
951 2773 1029 2812 avus
1056 2761 1112 2812 aut
1138 2764 1231 2836 pater

118 2836 251 2898 illorum
273 2843 485 2916 concesserat,
505 2844 577 2922 post
598 2833 744 2897 mulieris
765 2831 888 2897 obitum
903 2854 964 2920 per
985 2834 1093 2896 omnia
1113 2858 1229 2900 conse·

119 2917 256 3008 qunturi
275 2924 361 2986 aunt.

503 3032 564 3102 111.
597 3057 661 3100 rus.
682 3055 768 3102 cuns.
788 3054 857 3098 aar.

161 3153 218 3217 De
239 3151 289 3212 lais
310 3169 388 3235 quae
406 3163 554 3234 parantes
576 3161 715 3232 tempore
735 3150 916 3233 nuptiarum
925 3147 1015 3234 filiis
1035 3148 1193 3211 dederint.

202 3232 370 3317 Quicquid
391 3231 566 3294 indiscreta
583 3235 752 3313 parentum
771 3233 935 3292 voluntate
957 3231 1163 3309 decernitur,
1185 3233 1234 3293 le-

121 3317 186 3402 gali
209 3337 340 3379 necesse
360 3325 408 3377 est
430 3322 467 3375 nt
486 3335 622 3376 censura
639 3317 836 3380 coiirceatur.
878 3313 1027 3392 Idcirco,
1065 3314 1142 3395 quia
1163 3317 1232 3396 ple·

120 3421 260 3482 rumque
284 3397 460 3481 parentalis
482 3397 639 3458 calliditas
665 3396 783 3480 exigit,
815 3395 849 3457 id
876 3405 1019 3479 tempore
1042 3396 1232 3477 nuptiarum

121 3484 197 3546 liliis
219 3484 357 3558 donaro,
380 3479 468 3562 quod
483 3480 744 3562 quandocunque
765 3478 952 3556 voluerint,
980 3479 1146 3538 auferendi
1171 3478 1231 3538 ha-

120 3568 219 3628 beant
248 3572 450 3648 potestatem:
479 3563 628 3644 abrogata
649 3561 801 3644 deinceps
823 3561 952 3637 eadem,
989 3581 1086 3642 quam
1106 3561 1235 3641 praedi-

123 3659 210 3711 ctum
231 3655 294 3723 est,
315 3655 484 3728 parentum
506 3644 699 3722 calliditate,
732 3643 818 3706 hauc
837 3642 995 3726 perpetim
1017 3643 1122 3724 legem
1144 3665 1234 3703 mau-

121 3751 228 3794 suram
249 3750 308 3810 per
329 3727 437 3788 omnia
458 3727 626 3790 noverint:
661 3736 699 3788 ut
718 3727 745 3786 si
766 3726 847 3808 qnid
866 3747 924 3788 seu
944 3747 1003 3810 per
1023 3724 1233 3786 traditionem

121 3813 190 3888 rei,
221 3833 279 3873 seu
305 3810 600 3893 perscripturum,
634 3808 702 3872 sive
735 3807 943 3870 donationem
970 3806 1145 3868 cuiuslibet
1170 3809 1233 3883 rei,

125 3895 175 3956 rel
204 3914 310 3954 coram
332 3893 466 3955 testibus
493 3892 645 3969 traditae,
678 3901 769 3952 extra
793 3891 937 3974 quadiu
964 3890 1160 3953 ornamentis
1181 3893 1233 3953 vel

122 3976 342 4051 uestimentis,
364 3976 416 4035 rel
436 3974 571 4053 reliquis
594 3971 782 4056 speciebus,
814 3974 897 4035 sicut
921 3973 990 4034 lieri
1017 3973 1151 4049 assolet,
1174 3996 1234 4055 pro

123 4059 278 4142 dignitate
296 4057 490 4138 nuptialium
508 4056 695 4130 foederum,
717 4057 757 4116 ab
775 4056 846 4118 aliis
858 4057 958 4116 fuerit
971 4057 1103 4116 fortasse
1121 4075 1235 4138 accep·

123 4155 210 4219 tum,
232 4141 321 4224 quod
341 4139 453 4220 utique
471 4137 746 4200 commodantibus
768 4138 829 4200 erit
851 4139 1073 4214 reddendum,
1095 4136 1129 4196 in
1147 4161 1234 4198 ruan-

123 4226 234 4312 cipiis,
254 4221 369 4301 terris,
390 4221 514 4300 vineis,
537 4219 709 4309 aedificiis,
732 4221 932 4284 vestimentis
946 4209 1046 4308 atque
1063 4239 1235 4284 ornamen-
