2684 4868
127 229 204 310 5'1'0
228 305 233 308 ,
325 211 741 336 uarswssrcnrisonuss
759 253 824 309 rm.
842 255 997 313 nrnrrr.
1017 257 1049 311 v.

490 414 533 482 ΙΙ,
571 431 635 484 rss'.
664 439 751 485 onas.
783 439 852 486 arr.

127 542 132 558 ,
162 527 611 675 11’ἰὶιἕιίιιᾳιιιέονίρῑιινατε
634 531 740 675 salsa}
761 534 925 618 fecerint,
957 537 1012 606 vet
1029 537 1154 624 satem

143 628 147 638 ’
173 632 177 642 ’
600 629 782 677 entavernt.

125 789 129 796 .
207 732 338 818 Siquis
354 729 553 816 scripturum
572 730 684 791 falsam
710 729 842 811 fecerit,
870 737 925 796 ant
948 731 1148 816 recitaverit,
1179 739 1235 804 vel

124 818 333 907 suppcspepit
367 815 491 895 sciens,
539 813 592 879 vel
622 814 655 873 in
690 811 850 876 iudicium
890 819 1080 900 protulerit,
1117 831 1148 884 et
1179 823 1237 904 qni

78 931 80 936 ·
124 923 236 972 mut
262 898 494 984 suppresserit,
524 895 736 975 subtraxerit,
760 895 951 984 disruperit,
988 908 1021 962 et
1050 901 1239 986 designave-

123 985 188 1062 rit,
223 992 279 1051 aut
312 980 465 1061 diluerit,
486 989 520 1044 et
547 979 693 1074 quisquis
720 978 1100 1062 siguum'adulterinum
1130 987 1241 1070 scnlpa

125 1067 234 1146 serit„
251 1065 368 1136 feeerit
386 1064 438 1130 rel
463 1063 680 1147 impresserit,
708 1063 822 1124 talium
846 1067 1007 1129 scelerum
1029 1067 1094 1147 rei,
1116 1089 1242 1130 eorum-

53 1213 56 1221 ,
126 1171 193 1234 qne
220 1145 364 1226 conscii,
401 1145 479 1210 dum
509 1146 634 1208 fuerint
660 1143 836 1227 publicati,
869 1146 897 1208 si
918 1149 1119 1231 potentiores
1144 1161 1241 1230 sunt,

53 1239 58 1253 ¹
126 1239 274 1316 quartam
300 1237 425 1315 partem
445 1230 636 1292 facultatum
662 1248 791 1288 suarum
812 1229 967 1293 amittant.
1009 1232 1044 1294 Si
1062 1254 1141 1294 vero
1161 1233 1244 1296 slie-

123 1333 171 1376 ω
198 1313 270 1374 iuri
307 1312 448 1376 debltam
483 1311 674 1394 scripturam
703 1311 921 1376 subtraxerint
945 1324 1001 1376 aut
1033 1315 1242 1396 vitiaverint,

128 1397 266 1459 eandem
296 1394 487 1478 scripturum
519 1391 712 1458 subtraxisse
742 1393 796 1458 rel
825 1394 953 1460 vitiasse
987 1419 1096 1459 coram
1131 1398 1243 1462 iudice

125 1500 187 1542 sua
206 1477 409 1564 professione
434 1476 641 1561 depromente
670 1497 755 1558 quac
783 1477 940 1560 professio
969 1502 987 1540 a
1020 1481 1155 1544 testibus
1185 1504 1242 1543 ro⁴

122 1561 240 1624 irorata
266 1559 451 1660 praedictae
482 1560 536 1622 vel
573 1558 704 1623 vitiatas
745 1560 921 1644 scripturae
954 1563 1055 1626 robur
1086 1565 1242 1628 obtineat.

125 1645 227 1723 Quod
256 1667 284 1706 sa
309 1641 550 1706 evidentissime
581 1641 663 1724 quid
694 1642 853 1725 scriptura
887 1644 1105 1725 continuerit,
1133 1668 1243 1710 recor·

126 1726 198 1788 dari
219 1747 285 1788 non
301 1724 481 1810 potuerint,
503 1734 583 1788 tunc
599 1725 656 1788 ille
673 1725 766 1786 cuius
786 1726 944 1809 scriptura
962 1729 1043 1806 fuit,
1063 1728 1180 1792 babeat
1200 1729 1244 1792 li·

123 1809 269 1873 mntism
307 1808 516 1904 comprobare
545 1830 606 1891 per
635 1818 869 1870 sacramentum
894 1831 989 1872 snum
1022 1821 1078 1873 aut
1108 1821 1243 1888 testem,

124 1889 243 1974 quid-i
267 1900 484 1974 suscriptum
506 1889 670 1954 continuit
701 1891 888 1964 evidenterr
920 1901 954 1953 et
980 1895 1024 1956 ita
1056 1895 1166 1957 datum
1192 1915 1247 1958 ve*

122 1975 230 2038 ciclico
249 2019 250 2022 κ
284 1974 491 2052 stimonium,
512 1974 690 2057 scripturae
717 1983 845 2056 reparet
865 1975 1044 2040 veritatem.
1088 1978 1142 2042 ‘Si
1164 1997 1245 2040 vero

91 2100 94 2106 ·
125 2057 235 2121 minor
263 2057 410 2122 extiterit
429 2058 565 2120 facultas
587 2077 722 2136 eorum,
743 2077 840 2139 quam
860 2058 949 2141 quod
969 2059 1041 2122 aliis
1062 2060 1169 2124 fecere
1187 2082 1245 2121 co·

125 2141 305 2224 natipsuut
333 2141 503 2203 damnumr
534 2137 595 2222 ipsi
616 2138 730 2222 procul
754 2139 878 2218 dubio,
909 2163 983 2202 cnm
1010 2141 1063 2205 bis
1085 2165 1167 2226 quae
1188 2142 1247 2202 ha-

123 2223 203 2288 bere
225 2221 398 2301 videntur,
431 2220 500 2287 eius
523 2221 671 2286 seriituti
693 2221 923 2303 subiicientur,
946 2223 999 2285 oui
1022 2227 1170 2288 fraudem
1191 2227 1243 2286 fe-

22 2305 28 2313 ’
126 2307 207 2387 cisse
230 2317 420 2371 noscuntur.
482 2306 532 2368 Dc
554 2314 669 2386 quarta
689 2327 767 2369 vero
789 2315 899 2388 pertc,
932 2328 1029 2389 quam
1058 2309 1128 2370 dari
1147 2329 1244 2390 prae-

123 2387 286 2472 cipimus,
313 2387 468 2470 Principe
497 2388 668 2449 ordinante
690 2389 744 2450 rel
775 2387 883 2449 iudice
914 2397 978 2451 tres
999 2392 1164 2470 portiones
1187 2389 1245 2450 ille

127 2471 285 2554 accipiat,
320 2471 379 2552 qui
404 2468 557 2530 damnum
576 2469 729 2553 pertulit,
761 2479 817 2531 ant
844 2469 911 2556 pati
943 2473 1103 2555 potueritt
1150 2493 1245 2554 quar·
1298 2522 1301 2530 .

127 2561 158 2614 ta
179 2575 256 2616 vero
278 2551 385 2639 regiae
406 2551 557 2652 potestati
582 2562 752 2633 servetur,
781 2559 818 2612 ut
843 2553 924 2635 qnid
951 2555 1070 2617 exinde
1093 2555 1164 2617 lieri
1188 2556 1243 2616 de·

99 2635 222 2716 'hecti
247 2635 283 2696 irs
305 2634 439 2696 arbitrro
459 2633 530 2696 eins
558 2635 718 2702 consistat.
771 2635 968 2698 Hamiliores
990 2657 1066 2698 sane
1097 2637 1243 2701 viliores-

151 2738 192 2781 ue
214 2739 390 2802 personae,
421 2717 499 2797 qnia
519 2717 598 2778 talia
618 2717 737 2780 detecti
759 2717 886 2780 fuerint
903 2719 1099 2800 comississe,
1121 2729 1153 2782 et
1172 2721 1244 2780 iux-

123 2809 141 2862 t
162 2801 384 2884 'superiorem
404 2799 553 2862 ordinem
575 2801 780 2863 conscribere
800 2799 966 2862 debebunt
987 2803 1242 2886 professionem,

126 2890 162 2946 et
179 2891 337 2971 perpetuo
352 2881 406 2944 oni
426 2881 576 2944 fraudem
595 2883 750 2960 feceriut,
772 2883 963 2946 addicantur
979 2885 1023 2946 ad
1040 2884 1243 2947 servitutem.

125 2965 269 3050 Insuper
288 2975 395 3027 antem
415 2975 480 3027 tam
500 2965 657 3044 humiles,
680 2985 776 3046 quam
796 2973 944 3049 potentes
964 2986 1138 3052 personae,
1165 2987 1242 3027 cen-

125 3049 211 3112 tenis
224 3047 433 3132 flagellorum
454 3057 551 3110 arunt
563 3047 749 3120 verberibus
760 3049 971 3111 coercendae.
999 3049 1107 3128 vQuod
1127 3046 1154 3110 si
1174 3069 1241 3110 ser·

125 3133 159 3196 ri
170 3132 234 3194 hoc
245 3131 395 3209 facerint,
416 3140 448 3194 et
461 3151 514 3194 eos
527 3130 627 3192 alieni
641 3131 719 3194 iuris
731 3151 799 3193 esse
808 3131 960 3214 patuerit,
972 3131 1039 3194 illis
1049 3131 1242 3215 consignen-

125 3223 181 3276 tur
202 3213 393 3299 perenuitsr
408 3213 569 3291 servituri,
592 3214 709 3296 quibus
729 3212 919 3295 scripturam
943 3214 1154 3293 subtraxisse,
1185 3222 1243 3274 ant

126 3298 258 3374 celasse,
287 3297 342 3360 rel
369 3296 510 3375 laesisse,
538 3297 664 3358 fuerint
681 3295 856 3380 approbati.
898 3296 995 3374 Quod
1012 3297 1039 3360 si
1055 3297 1241 3360 iubentibus

126 3379 267 3449 dominis
297 3379 364 3442 suis
393 3378 469 3440 talia
507 3379 666 3460 fecerint,
702 3401 797 3441 omne
833 3377 984 3440 damnum
1010 3379 1172 3443 redundet
1200 3379 1242 3439 ad

117 3462 303 3530 deminum.
375 3460 425 3526 lta
465 3461 563 3522 etiam
593 3471 626 3524 et
658 3461 697 3524 de
728 3461 778 3523 his
811 3461 1027 3544 praecipimus
1058 3461 1239 3537 observari,

69 3609 72 3618 ,
125 3546 184 3628 qui
205 3545 377 3630 lucrosno
402 3541 586 3622 studentes,
623 3544 729 3606 aliena
753 3553 944 3607 testamenta
966 3543 1018 3608 vel
1040 3543 1118 3608 alias
1139 3544 1240 3626 scrip·

124 3636 213 3690 taras
240 3627 479 3711 suppresserint
512 3625 789 3705 nutritiaverint,
818 3636 853 3687 ut
883 3625 934 3688 his
960 3625 1078 3707 quibus
1108 3647 1241 3709 compe-

123 3720 217 3788 tunt,
249 3709 407 3794 impedire
435 3709 561 3794 aliquid
592 3708 733 3791 possint:
774 3717 806 3771 et
841 3707 876 3768 hi
905 3708 1055 3774 similiter
1085 3718 1241 3790 tanquam

122 3791 247 3856 falsarii
273 3803 462 3871 teneantur,
506 3802 538 3854 et
565 3790 655 3852 iuxta
680 3791 868 3874 qualitatem
894 3813 1050 3875 personae
1078 3791 1241 3873 superiori

4 3905 5 3912 ¹
122 3877 244 3948 dsmno
270 3877 478 3938 mulctentur.
521 3874 618 3953 Quod
642 3873 669 3937 si
698 3876 737 3936 de
761 3897 855 3956 supra
881 3876 993 3938 taxatis
1018 3873 1168 3956 capitulis
1190 3875 1241 3934 nil

125 3961 278 4023 uidentur
304 3959 467 4033 acoidera,
508 3956 631 4038 idest,
666 3957 725 4038 qui
751 3959 942 4040 scripturam
962 3959 1095 4020 alterius
1120 3977 1242 4038 reppe-

124 4044 229 4105 riatur
249 4043 395 4119 ritiasae,
435 4039 628 4122 disrupisse,
667 4041 815 4119 falsasse,
848 4041 988 4119 celasse,
1019 4041 1072 4103 rel
1104 4040 1131 4102 si
1159 4040 1247 4120 quid.

122 4126 243 4194 imbec
270 4125 343 4208 lege
369 4123 581 4204 coustitutum
600 4133 664 4201 est,
697 4123 879 4186 admisisses
900 4125 957 4186 sed
980 4123 1048 4186 sola
1072 4122 1241 4204 negligen-

112 4210 291 4289 -timpsnmn
313 4217 410 4292 etque
436 4204 584 4286 insanis,
615 4227 709 4270 suam⁴
738 4205 878 4292 quisquc
896 4202 1076 4293 perdiderit
1101 4213 1241 4290 scriptu-
