2632 4822
121 291 196 368 800
414 301 630 357 arurrrruur
663 303 787 360 tecum
821 308 885 362 uu.
902 307 950 363 rr.
1029 295 1037 316 ·

122 467 186 509 nem
203 447 257 502 mei
273 444 364 518 patris.
398 441 434 498 Et
458 441 526 516 quid
544 460 611 514 ego,
642 443 711 517 quid
728 462 805 498 meus
832 452 925 518 pater,
956 451 986 499 et
1009 442 1084 516 quid
1111 445 1167 499 iste
1192 457 1235 516 ptr

122 527 214 575 trenta
232 535 316 571 annor
333 514 464 568 habemus
481 531 636 582 possessam.
673 516 701 568 si
728 515 840 569 dixerit:
864 516 919 569 uon
937 533 1050 588 possum
1071 515 1234 581 defendere,

122 591 249 650 restituat
267 588 292 640 ei
310 587 447 640 damnum.
484 585 615 640 Similiter
631 585 678 638 fiat
695 586 730 638 de
748 589 958 656 comparatione

192 659 227 712 Et
246 655 315 710 haec
333 654 437 725 placita
454 657 605 708 secundum
631 656 780 726 quosdam,
815 658 863 709 sed
886 657 939 710 ita:
968 657 1051 709 Patre
1068 663 1098 709 te
1119 655 1235 727 appellat

122 729 274 790 Martinus,
299 726 373 797 quod
390 733 479 786 terra,
506 743 577 796 quae
602 725 632 777 iu
655 725 705 779 tali
723 727 785 779 loco
811 735 868 789 est,
893 744 977 796 quam
999 733 1035 778 tu
1060 734 1165 788 tenes,
1191 744 1235 782 sua

125 809 173 854 eat.
210 797 274 852 Non
293 795 376 849 debes
397 811 505 848 mecum
521 795 670 866 placitare,
689 796 755 868 quia
771 804 911 850 auctorem
931 795 1034 850 habeo.
1070 795 1174 849 Eamus
1191 796 1235 864 igi·

122 879 168 924 tur
184 869 220 920 ad
237 873 384 920 auctorem.

184 1000 296 1058 mons
322 997 524 1055 turturum
548 999 653 1056 neuls
677 997 725 1056 DE
741 998 841 1055 ANNO
864 998 975 1058 ntem
997 999 1087 1054 EIUS
1106 998 1187 1090 mr

518 1093 635 1166 tueli’tt·
676 1126 847 1172 PROLOGUS·

208 1211 452 1298 Superstitiosus
473 1225 505 1274 et
526 1235 622 1275 uanae
643 1214 857 1276 contentiones
875 1211 1003 1274 assidue
1020 1223 1169 1274 nostram
1178 1211 1235 1272 im·

123 1297 253 1384 pulsare
276 1295 421 1357 videntur
440 1295 635 1359 clementiam
660 1301 705 1374 e).
748 1295 791 1358 Et
816 1295 891 1356 dum
913 1297 960 1356 ad
978 1293 1172 1356 risecandas
1193 1294 1237 1353 in·

126 1381 278 1442 tentiones
297 1379 352 1438 uel
372 1379 583 1463 oppositiones
610 1371 823 1465 improborum
842 1392 951 1440 noster
971 1376 1146 1440 intendere
1168 1376 1236 1436 ani·

126 1483 194 1524 mus
205 1460 352 1540 uidetur,
370 1458 521 1543 quicquid
536 1460 626 1522 nobis
642 1482 710 1522 cum
729 1462 845 1523 nostris
859 1460 1018 1522 iudicibus
1040 1459 1092 1518 vel
1108 1458 1235 1539 reliquis

125 1541 344 1624 Langobardis
370 1556 455 1604 recta
477 1551 744 1628 comparuerunt,
766 1545 846 1606 sicut
866 1545 960 1604 etiam
990 1542 1123 1611 vicibus
1143 1563 1163 1599 a
1180 1560 1235 1628 no·

126 1627 174 1688 bis
196 1636 312 1686 statuta
341 1637 429 1700 sunt,
463 1625 508 1684 ita
527 1637 557 1684 et
583 1646 664 1686 nnnc
687 1626 722 1686 in
739 1637 906 1708 praesente
927 1624 1015 1689 XIX.
1035 1643 1126 1683 anno
1152 1623 1236 1703 regui

126 1710 231 1771 nostri
240 1751 252 1779 ,
278 1705 329 1766 die
363 1705 579 1766 Kalendarum
603 1709 813 1780 Martiarum,
835 1705 1009 1767 indictione
1039 1715 1159 1788 quarta
1181 1705 1236 1764 de·

126 1793 226 1865 eima,
248 1787 394 1849 decidere
423 1801 455 1848 et
485 1787 674 1873 confir-mare
701 1793 735 1850 in
756 1791 847 1850 buius
870 1787 980 1850 Edicti
1000 1789 1237 1929 paginrpsrae-

127 1872 279 1949 vidimus,
311 1885 345 1932 ut
366 1872 395 1930 si
415 1869 529 1931 amodo
554 1870 595 1932 de
619 1873 669 1932 bis
697 1873 861 1956 capitulis,
889 1890 967 1952 quae
986 1890 1087 1954 super
1154 1889 1237 1929 nexa
1305 1873 1307 1956 p

126 1967 219 2025 sunt,
265 1953 372 2036 aliqua
412 1953 543 2016 intentio
581 1957 780 2032 excreverit,
828 1957 908 2015 sicut
954 1954 1146 2030 statuimus,
1193 1951 1237 2011 ita

116 2036 300 2124 finiantur,
315 2049 419 2118 *atque
445 2036 693 2098 determinentur
711 2038 788 2116 lege.

289 2149 339 2212 De
357 2163 456 2214 aetate
475 2147 651 2234 infantum,
690 2162 721 2211 et
738 2151 864 2211 licentia
898 2171 1015 2216 eorum.
1042 2145 1085 2230 s)

1305 2099 1307 2124 l

1305 2127 1307 2156 i

209 2229 342 2296 CXVII.
385 2232 532 2308 (LXIV.)
559 2234 591 2296 si
610 2233 716 2294 infans
733 2243 806 2295 ante
819 2233 861 2295 X.
877 2233 1135 2308 uvillelmus,
1157 2252 1238 2314 quoe
1305 2243 1307 2320 J

131 2335 190 2378 nos
221 2313 433 2394 instituimus,
456 2325 492 2376 ut
512 2315 553 2376 sit
574 2316 715 2400 legitima
736 2325 842 2393 aetus,
864 2314 1023 2398 sponsalia
1044 2315 1155 2376 iacere
1179 2336 1237 2375 vo·
1304 2327 1307 2392 l

125 2394 244 2474 luerit,
276 2397 394 2461 habeat
415 2407 618 2482 potestatem,
647 2407 680 2460 et
707 2407 823 2458 metam
851 2400 980 2468 facere,
1021 2406 1055 2458 et
1081 2418 1238 2480 morgen·
1304 2431 1306 2456 ÷

126 2478 186 2560 gab
207 2478 302 2557 dare,
322 2482 410 2542 iuxta
431 2481 537 2543 Edicti
563 2491 720 2551 tonoremt
743 2490 775 2541 et
794 2479 1023 2564 obligationem
1044 2479 1173 2556 facere,
1205 2485 1238 2539 et

126 2559 347 2623 fideiussorem
369 2585 509 2648 ponere,
539 2571 571 2623 et
590 2562 732 2625 chartam
758 2563 784 2624 si
805 2563 965 2640 voluerit,
987 2583 1047 2644 pro
1068 2561 1128 2622 ista
1155 2582 1238 2622 cau-

126 2664 160 2708 ea
188 2643 336 2711 scribere.
382 2647 423 2710 Et
456 2647 513 2727 qui
539 2635 706 2708 fideiussor
734 2644 898 2723 extiterit,
932 2653 988 2704 aut
1014 2644 1140 2720 scriba,
1175 2639 1237 2724 qui

125 2743 186 2808 pro
220 2745 328 2787 caussa
352 2726 410 2790 ista
440 2728 580 2788 clrartum
606 2728 786 2814 scripserit,
821 2728 943 2789 nullam
972 2727 1094 2788 exinde
1121 2723 1239 2786 habeat

127 2805 363 2870 damnietatem.
406 2810 491 2888 Quia
517 2832 574 2870 nos
597 2831 698 2892 usque
726 2811 766 2872 ad
795 2810 883 2872 illam
919 2819 1054 2871 aetatem
1081 2806 1238 2892 produxi·

126 2909 199 2952 mua
225 2910 366 2952 caussam
386 2891 426 2953 de
449 2890 646 2970 infantibus,
680 2901 718 2954 ut
742 2893 802 2976 ipsi
830 2911 882 2954 res
904 2915 975 2958 suae
997 2913 1064 2952 non
1097 2890 1238 2952 debeant

126 2970 317 3054 naufragare
337 2981 392 3036 aut
414 2973 608 3054 disperdere.
654 2971 735 3036 Nam
763 2996 822 3059 per
844 2976 935 3036 istam
957 2974 1236 3049 coniunctionem,

127 3075 224 3138 quum
243 3057 332 3118 Deus
356 3055 536 3140 proecepit,
556 3058 748 3121 absolvimus
769 3067 805 3118 ut
825 3057 888 3124 fiat.
930 3059 970 3121 11.
994 3079 1044 3140 29.
1065 3057 1097 3123 6.

211 3137 364 3207 cxvlll.
405 3139 540 3212 (LXV.)
579 3141 762 3204 Recolinrus
802 3141 908 3219 enim,
948 3141 1036 3236 quod
1065 3138 1236 3201 statuimus

131 3242 205 3283 cum
233 3223 349 3284 uostris
378 3222 559 3298 iudicibus,
594 3233 631 3284 ut
655 3225 713 3306 qui
740 3223 878 3285 liberum
900 3223 1063 3284 homiuem
1087 3222 1238 3284 occidere

127 3315 372 3388 praesumserit,
394 3326 521 3368 omnem
542 3327 630 3367 suam
650 3306 856 3370 substantiam
877 3307 1008 3371 amittat.
1041 3305 1142 3366 Modo
1157 3324 1236 3366 vero

129 3387 207 3448 dum
235 3395 419 3467 repeterent
439 3387 559 3470 singuli
588 3387 753 3462 homiues,
786 3411 867 3472 qum
891 3391 974 3451 forte
1002 3388 1114 3468 aliqua
1145 3385 1237 3448 duri-

128 3469 173 3528 tia
195 3467 379 3548 detinebar,
413 3473 502 3552 quod
534 3493 648 3555 parens
675 3472 826 3550 illorum,
861 3471 919 3554 qui
952 3471 986 3532 iu
1008 3469 1134 3531 lectulo
1155 3489 1239 3530 uror-

130 3559 204 3611 tuus
231 3551 355 3630 fuerat,
387 3575 447 3635 per
469 3574 630 3616 venenum
651 3555 773 3616 occisus
794 3564 896 3633 esset,
919 3563 951 3616 et
977 3553 1053 3614 dum
1071 3572 1133 3632 per
1155 3574 1239 3635 pug-

130 3654 204 3694 num
227 3631 326 3713 ipsam
347 3657 506 3713 caussam,
528 3637 613 3698 sicut
631 3637 762 3718 antiqua
779 3638 883 3698 fuerat
898 3635 1118 3712 consuetudo,
1142 3656 1241 3716 quae-

128 3736 201 3782 rere
224 3716 456 3799 disponebant,
489 3719 591 3801 gravis
618 3740 726 3780 caussa
754 3719 845 3780 nobis
877 3741 944 3781 esse
971 3715 1173 3799 comparuit,
1204 3726 1241 3778 ut

129 3797 190 3862 tub
211 3820 277 3860 uno
308 3808 398 3862 scuto
418 3822 478 3886 per
504 3823 600 3864 unam
630 3822 789 3885 pugnum,
820 3823 947 3863 omnem
968 3822 1059 3862 suam
1084 3800 1241 3863 substau-

200 4023 236 4090 e)
253 4022 307 4074 tlt.
325 4019 392 4074 Cod
420 4018 566 4090 impulsare
590 4019 759 4076 clementiam
785 4039 842 4073 non
871 4034 986 4074 cessant.
1067 4021 1106 4090 s)
1124 4021 1242 4076 Herold.

130 4089 185 4144 hoc
202 4101 286 4160 caput
304 4109 366 4144 cum
387 4090 565 4159 inscriptione
586 4091 649 4142 anui
668 4091 741 4146 ΧΙΧ.
767 4093 813 4145 sed
835 4092 892 4144 siue
918 4093 1028 4163 prologo
1046 4089 1137 4146 habet
1160 4111 1245 4164 supra
1298 4147 1304 4154 ι

131 4172 192 4232 post
209 4179 270 4243 ¹cap.
290 4160 432 4224 xcviii,
460 4160 499 4214 ita
522 4169 553 4215 ut
578 4179 632 4217 uon
655 4161 728 4217 solus
752 4162 817 4216 oratu
840 4163 959 4234 capitum
977 4162 1136 4231 sedetiam
1155 4181 1245 4222 anuo·

75 4291 79 4300 ,
126 4250 186 4294 mm
205 4240 406 4296 intervertatur.
