2632 4822
64 239 138 317 772
370 253 586 312 murratum
623 249 749 315 arcun
783 249 847 315 nu.
865 250 898 317 v.

132 408 214 452 roan.
250 397 329 450 Petne
352 401 381 447 to
405 396 532 466 appellat
548 395 700 458 Martinus,
728 395 804 466 quod
819 403 851 453 tu
866 396 982 466 rapuisti
1002 407 1091 450 unam
1111 409 1186 450 suan

64 469 276 528 mundoaldam,
306 465 429 520 Mariana.
464 468 506 518 De
527 473 598 520 torto
620 485 663 520 me
689 464 819 538 appellat.
855 465 911 518 Det
936 465 1069 534 vadiam;
1101 469 1125 519 si
1148 486 1186 519 rc·

64 540 191 592 cordatus
217 533 316 596 fucrit,
346 543 377 587 ut
395 536 539 610 enrendqt:
573 537 616 588 sin
637 543 730 588 autem
754 551 828 602 non;
855 535 969 590 idoneet
990 553 1022 588 sc
1041 553 1110 590 cum
1133 541 1185 590 suis
1274 596 1277 605 ¹

63 605 312 664 sacramentalibus.
879 616 882 627 ·
972 624 975 632 ·

130 679 206 731 Haec
223 674 372 747 appellatio
389 666 539 727 secunlum
558 675 630 727 hanc
648 677 746 741 legem.

146 775 290 844 XXXII.
329 775 433 856 llll..)
475 777 524 837 De
553 775 621 854 his,
659 777 715 860 qui
752 779 790 838 de
823 768 939 842 illicito
971 771 1180 858 matrimonio

66 862 132 924 nati
154 865 247 938 sunt,
269 859 322 922 vel
345 867 536 938 nascuntur,
570 859 672 922 idest
695 861 733 920 dc
756 861 923 940 matrinia,
958 873 1016 920 aut
1038 859 1180 939 filiastra,

63 947 115 1010 vel
138 951 292 1028 cognata,
314 963 396 1026 quae
416 941 481 1002 fuit
501 963 583 1002 uxor
601 941 724 1022 fratris,
755 954 809 1002 aut
829 941 921 1017 soror
939 943 1074 1005 uxoris:
1110 945 1182 1027 quia

64 1048 204 1091 canones
227 1023 292 1105 sic¹
310 1023 447 1099 habent,
486 1023 528 1084 de
560 1024 682 1085 <lunius
709 1025 868 1086 sororibus
898 1017 984 1086 sicut
1024 1027 1065 1088 de
1104 1029 1180 1088 duo-

62 1111 123 1175 lius
142 1103 304 1170 tratribus.
345 1107 387 1168 Et
408 1104 465 1188 qui
488 1107 527 1166 de
542 1105 599 1165 tali
621 1107 823 1168 matrimonio
846 1119 938 1168 natus
955 1109 1068 1185 luerit,
1091 1109 1179 1169 heres

63 1191 225 1274 legitimus
247 1188 329 1272 patri
351 1209 409 1249 suo
432 1209 497 1248 non
520 1190 577 1264 sit,
600 1189 656 1249 sed
678 1191 779 1270 ipsam
803 1211 873 1250 rem
900 1185 1180 1274 habeaut'paren-

63 1285 111 1334 tes
130 1270 313 1356 propinqui.
354 1269 442 1332 Etsi
463 1277 611 1352 parentes
632 1272 807 1355 propinqui
829 1295 895 1333 non
918 1273 1044 1336 fuerint
1067 1293 1179 1335 succe-

66 1358 121 1420 dat
143 1355 241 1417 cuntis
262 1353 370 1436 Regia.
433 1351 476 1416 ll.
497 1355 577 1416 8-3.

67 1481 69 1490 ·
146 1435 315 1500 XXXltt.
354 1435 455 1513 (lv.)
504 1437 574 1508 Hoc
602 1445 712 1500 autem
740 1439 809 1498 Deo
840 1447 1006 1500 annuente
1037 1449 1176 1503 statuere

60 1519 292 1604 praevidimus,
326 1528 363 1578 ut
381 1518 506 1578 amodo
529 1519 639 1580 nullus
658 1527 840 1602 praesumat
860 1520 1010 1584 relictam
1034 1521 1076 1586 de
1101 1546 1176 1594 con-

62 1604 210 1677 sobrinn,
248 1609 302 1660 ant
332 1601 462 1661 sobrino
484 1621 540 1661 suo
562 1621 697 1663 uxorem
718 1603 860 1664 ducere.¹
894 1603 929 1661 Si
959 1603 1036 1684 quis
1072 1616 1175 1666 autern

61 1685 143 1761 hoc,
166 1683 255 1766 quod
276 1681 427 1744 illicitum
446 1692 513 1762 est,
535 1685 649 1744 amodo
671 1686 777 1746 lacere
799 1687 1046 1768 praesumserit,
1081 1688 1173 1748 amit-

60 1779 106 1830 tat
128 1788 256 1828 omnem
277 1765 484 1828 substantiam
505 1787 603 1826 suam.
644 1767 686 1826 Et
715 1769 832 1848 quide
853 1768 910 1828 tali
933 1766 1089 1854 coniugio
1111 1781 1173 1830 nati
1264 1823 1265 1826 ,

60 1849 201 1925 tuerint,
222 1847 358 1930 legitimi
377 1847 514 1910 heredes
530 1869 594 1909 non
612 1849 768 1926 existant,
793 1849 853 1910 nisi
874 1859 1024 1931 parentes
1040 1853 1173 1938 propin-

62 1934 134 2016 qui;
163 1943 195 1996 et
210 1933 241 1992 si
262 1926 409 2012 parentes
428 1931 602 2014 propinqui
618 1953 686 1992 non
702 1933 842 2008 suerint,
862 1935 1094 2017 curtisRegia
1108 1931 1174 1995 suc·

61 2017 164 2080 cedat.
205 2017 275 2074 Hoc
297 2022 404 2074 autem
424 2013 499 2074 ideo
519 2014 691 2090 affiximus,
723 2016 800 2096 quia
817 2010 1004 2092 neorese,
1040 2029 1074 2083 et
1091 2021 1173 2100 Papa

61 2098 156 2160 Urbis
177 2099 313 2174 Romae,
352 2096 409 2178 qui
436 2094 480 2153 in·
501 2097 590 2156 omni
617 2097 739 2157 mundo
762 2108 857 2179 caput
877 2092 1094 2160 ecclesiarum
1113 2100 1171 2160 Dei

61 2189 93 2244 et
114 2179 315 2244 sacerdotum
337 2189 401 2255 est,
436 2196 602 2260 persuum
624 2178 792 2262 epistolam
812 2201 870 2241 nos
897 2179 1086 2244 adhortatus
1111 2191 1170 2259 est,

60 2262 180 2330 attale
203 2261 389 2345 coniugium
411 2260 483 2332 fieri¹
502 2259 686 2322 nullatenus
707 2257 973 2343 permitteremus·
1012 2266 1015 2285 '
1035 2265 1081 2329 ll.
1100 2267 1129 2328 8.
1142 2267 1171 2342 4

143 2343 302 2409 XXXlV.
344 2345 420 2423 (V.)
461 2342 546 2406 ltcm
572 2341 637 2406 hoc
667 2366 853 2424 censemus,
886 2355 983 2430 atque
1012 2339 1172 2430 praecipi-

61 2450 143 2503 mus,
163 2435 200 2486 ut
221 2426 332 2488 nullus
353 2435 533 2510 praesumat
553 2436 759 2488 commatrem
780 2450 870 2492 suam
891 2429 1011 2495 ducere
1029 2451 1171 2502 uxorem,
1259 2474 1260 2477 ,

64 2511 201 2570 sed=nec
221 2508 338 2584 liliam,
361 2529 457 2589 quam
479 2510 520 2570 de
529 2529 622 2569 sacro
642 2511 731 2570 fonte
754 2511 921 2574 levaverit:
954 2527 1066 2594 nme
1090 2513 1172 2574 filius

62 2592 131 2652 elns
148 2594 329 2672 praesumat
342 2591 442 2659 liliam
457 2591 548 2652 illius
558 2612 693 2654 uxorem
708 2594 842 2670 ducere,
865 2594 921 2676 qui
936 2597 1172 2665 eum.de2fonte

64 2673 221 2754 suscepit,
246 2674 330 2754 quia
353 2673 534 2754 spirituales
559 2674 702 2756 germani
729 2697 798 2736 esse
817 2686 1008 2738 noscuntur.
1048 2673 1095 2738 'Et
1113 2675 1173 2759 qui

62 2757 127 2815 ltoe
156 2755 276 2820 malurn
304 2757 413 2815 fauere
441 2756 632 2831 tentaverit,
670 2757 782 2838 perdat
808 2780 938 2823 omnem
963 2761 1176 2841 substantiam

66 2857 166 2900 suam.
204 2837 256 2899 Et·
277 2834 339 2896 tilii
370 2837 427 2918 qni
457 2837 497 2897 de
526 2837 585 2898 tali
616 2838 732 2900 illicito
762 2842 966 2904 matrimonio
988 2853 1175 2918 naseuntur,

65 2919 203 2980 heredes
225 2939 292 2985 esse
323 2939 389 2977 non
422 2919 559 2996 debent,
595 2920 658 2980 nisi
686 2923 860 3006 propinqui
888 2935 1055 3005 parentes:
1100 2925 1176 2987 etsi

90 3001 243 3086 ropinqui
262 3009 411 3084 parentes
431 3016 497 3062 non
526 3002 666 3080 fuerint,
699 3005 799 3066 curtis
827 3007 925 3089 Regia
954 3009 1110 3070 succedat
1137 3009 1176 3067 ei.

98 3080 131 3146 hi
152 3093 257 3146 autem
276 3077 399 3144 inventi
421 3081 558 3160 fuerint,
580 3081 637 3166 qui
658 3087 868 3170 suprascripta
890 3089 1006 3149 illicita
1030 3091 1178 3187 coniugia

69 3167 298 3246 contraxerint,
320 3165 361 3228 de
382 3166 543 3248 praesenti
564 3177 761 3250 separentur,
783 3180 814 3231 et
833 3177 965 3256 poenae
980 3189 1179 3258 suprascrip-

69 3262 122 3312 tae
144 3250 342 3314 subiaceant.
404 3247 450 3310 ll.
469 3247 501 3310 8.
523 3251 551 3312 5.

43 3387 47 3394 ,
71 3393 74 3402 ,
139 3349 230 3388 roan„
259 3334 337 3383 Petre
361 3339 390 3384 te
409 3324 530 3402 appellat
546 3323 678 3398 ltla'rtinus
695 3341 760 3388 tuus
779 3327 872 3397 irater,
898 3329 974 3406 quod
993 3346 1025 3388 tu
1043 3335 1130 3390 habes
1149 3329 1181 3390 ad

71 3401 227 3469 coniugium
255 3402 369 3454 Mariam
394 3409 471 3453 tuam
496 3401 670 3466 matrineam,
709 3414 759 3459 aut
782 3407 895 3457 Mariam
919 3405 1044 3459 relictam
1072 3411 1108 3460 de
1135 3418 1181 3460 tuo

69 3466 250 3534 consobrino,
286 3480 335 3523 aut
355 3471 469 3524 Mariam
491 3479 568 3523 tuam
596 3483 759 3538 comatrem3
797 3476 831 3527 de
855 3480 949 3538 torto„
983 3472 1091 3530 'Probet
1114 3477 1182 3548 ipse,

72 3545 119 3618 qui
143 3541 271 3612 appellat
310 3543 412 3594 Sinon
432 3542 551 3613 potuerit
574 3541 647 3611 ipse,
683 3543 731 3614 qui
753 3545 905 3614 appellatus
932 3555 991 3608 est,
1027 3547 1103 3598 iuret
1124 3567 1183 3600 cum

50 3615 127 3668 ,uuis
147 3610 416 3674 sacramentalibus,
449 3621 477 3665 et
495 3611 517 3662 al
541 3621 665 3680 parentes
685 3614 828 3666 'noluerint
848 3614 935 3672 facere
954 3617 1183 3685 appellationem,

71 3686 223 3752 adseratur
247 3681 283 3732 de
307 3691 384 3752 parte
405 3681 518 3754 publica
541 3680 624 3736 faciat
644 3701 693 3752 pro
718 3701 840 3754 separare
860 3684 1023 3750 coniugium.

156 3781 283 3852 XXXV.
305 3783 389 3860 (Vl.)
430 3782 465 3844 Si
493 3781 566 3863 quis
594 3783 664 3844 siue
692 3781 856 3852 'voluntate
881 3787 976 3868 Regis
1005 3785 1040 3845 in
1076 3779 1209 3870 quali»¹

55 3875 215 3954 ‘cumque
233 3867 363 3928 civitate
381 3872 496 3926 contra
517 3863 657 3926 indicem
682 3888 777 3928 suum
797 3869 990 3930 seditionem
1005 3870 1186 3952 levaverit,

38 3962 133 4018 ¹utut
150 3943 284 4032 aliquod
305 3948 427 4008 malum
446 3947 578 4021 fecerit,
600 3949 654 4010 vel
677 3970 751 4009 eum
770 3949 840 4012 sine
861 3950 945 4032 regis
966 3953 1114 4016 iussione
1128 3977 1187 4016 ex·

60 4027 200 4122 ‘pellere
221 4030 412 4114 quaesierim
434 4039 490 4090 aut
509 4029 602 4090 alteri
624 4029 769 4092 homines
788 4033 830 4093 de
844 4033 943 4092 altera
955 4034 1086 4098 civitate
1110 4059 1186 4100 con-

76 4131 128 4182 tra
153 4110 248 4178 clliatn
277 4111 458 4188 civitatem,
492 4120 547 4174 ant
577 4112 677 4172 alium
707 4113 864 4192 iudicem,
899 4125 935 4174 ut
962 4139 1079 4195 supra,
1116 4121 1188 4184 sine

44 4216 61 4246 ='
75 4196 338 4286 amarissimo
357 4193 549 4260 seditionem
565 4195 725 4276 fecerint,
747 4206 802 4260 aut
816 4218 891 4260 eum
906 4200 1073 4284 expellere
1091 4225 1191 4287 quae·
