2640 4838
150 235 226 314 686
526 255 694 316 nnrcrnra
729 251 908 324 normms

145 396 205 485 qui
231 417 308 461 eum
340 407 603 540 composnerunt.
638 399 732 463 Etsi
760 424 795 466 ce
826 405 1072 502 purificaverit,
1108 411 1155 476 sit
1181 414 1269 479 abso-

144 483 233 546 lutus
258 503 276 541 a
299 481 396 563 eulpa
429 481 597 544 nomicidii.
639 483 674 546 Si
700 495 807 548 tamen
824 511 857 548 ιιι
877 493 1016 554 concilio
1040 496 1168 576 fuerit,
1190 521 1270 560 eom·

145 574 263 652 ponat,
294 575 329 626 ut
352 585 467 646 supra,
489 563 610 626 solidos
633 566 703 635 XX.
720 579 776 631 ant
798 571 839 632 de
861 571 932 657 ipso
957 578 1098 640 consilio
1118 582 1270 664 purificet

143 672 196 734 se,
235 649 260 709 si
288 648 442 732 potuerit,
511 649 534 713 1.
565 670 594 730 9.
623 671 647 710 ι.
1208 713 1213 726 ‚

210 747 290 787 sonu.
302 731 382 782 l‘etre
401 737 428 780 te
441 731 564 802 appellat
576 731 719 796 illartinns,
740 735 815 804 quod
825 745 855 790 tu
866 737 992 794 occidisti
1000 749 1111 814 patrem
1121 763 1211 801 snum.
1230 749 1269 802 De

139 806 283 856 torto‘··tne
308 800 461 872 appellasti.
501 801 528 852 Si
550 803 764 858 manifestaverit
795 825 823 860 se
849 809 999 875 occidisse,
1038 813 1089 870 det
1108 819 1267 877 ¹vvadiade

140 873 358 936 emendacione,
379 878 427 924 unt
450 887 497 940 per
512 887 558 933 se,
588 882 636 925 ant
661 891 722 926 eum
747 877 814 930 aliis.

211 945 290 997 Petre
309 953 338 996 te
364 941 486 1012 appellat
510 943 643 995 Martinus
662 947 736 1016 qnod
763 955 795 1000 tu
816 947 941 1004 occidisti
966 959 1183 1022 patremsuum.
1218 959 1266 1012 Fe·

138 1013 184 1080 ci,
214 1015 263 1065 sed
288 1031 350 1067 eum
377 1013 427 1064 illo
447 1019 474 1063 et
498 1010 556 1064 iiio.
601 1014 674 1069 Volo
699 1033 742 1068 me
764 1019 901 1084 adunare,
939 1031 967 1074 et
991 1022 1075 1074 simul
1104 1043 1141 1079 co
1151 1063 1263 1082 .....

136 1083 292 1150 aduncbis,
318 1083 395 1154 quod
424 1081 492 1134 mihi
511 1085 730 1153 composuerint,
756 1096 785 1141 ct
805 1098 837 1142 tu
857 1100 887 1144 te
904 1093 1074 1146 subtraxisti.
1119 1099 1181 1150 Aut
1198 1097 1265 1152 iuret

158 1156 212 1215 uod
238 1171 296 1210 non
325 1153 509 1220 subtraxerit,
550 1163 600 1208 aut
628 1166 775 1228 componat
797 1160 870 1216 sicut
893 1161 948 1214 alii.
1009 1164 1046 1216 Et
1063 1165 1088 1216 si
1113 1167 1261 1234 inaraverit,

136 1175 187 1282 det
204 1244 280 1278 suam
298 1234 409 1295 partem.

221 1294 316 1358 Xlll.
360 1296 394 1355 Si
421 1293 495 1376 quis
517 1292 684 1356 dommum
708 1318 803 1359 sunm
826 1299 1002 1378 occiderit,
1039 1301 1113 1386 ipse
1137 1306 1260 1368 occida-

133 1389 207 1454 tur,
239 1389 271 1442 et
304 1376 330 1439 si
356 1375 428 1460 quis
456 1377 562 1461 ipsum
595 1377 759 1454 hominem
790 1382 1028 1464 defensaverit,
1060 1387 1123 1468 qui
1159 1389 1260 1452 domi.

133 1486 211 1526 num
241 1484 334 1524 suum
361 1457 535 1540 occiderit,
568 1461 610 1522 sit
638 1463 810 1546 culpabilis
833 1465 986 1533 DCCCC.
1008 1469 1109 1535 solid.
1142 1473 1260 1534 medie·

131 1555 230 1608 tatem
241 1545 322 1628 Regi
340 1554 372 1605 et
383 1543 589 1604 medietatem
606 1547 794 1626 parentibus
813 1549 942 1614 mortui.
976 1551 1019 1611 Er
1044 1551 1103 1635 qni
1119 1554 1162 1614 ad
1173 1555 1257 1617 illins

132 1631 253 1690 mortui
281 1627 433 1687 iniuriam
463 1626 690 1688 vindicandam
717 1631 925 1712 denegaverit
949 1633 1127 1708 solatium,
1161 1638 1256 1720 siqni-

129 1711 204 1775 dem
216 1723 344 1794 rogatus
358 1708 475 1785 fuerit,
498 1710 722 1793 unusquisque
740 1706 911 1796 componit
925 1715 1019 1778 solid.
1039 1719 1076 1784 L,
1099 1721 1257 1784 medieta-

68 1787 71 1794 ’
128 1794 313 1874 temJlegi,
338 1803 370 1854 et
397 1789 839 1856 medietatemcntsolaiium
859 1797 1081 1880 denegaverit.
1127 1803 1155 1868 i.
1175 1825 1207 1886 9.
1228 1826 1253 1865 2.

211 1874 305 1943 xiv.
347 1875 381 1937 si
407 1877 481 1958 quis
513 1874 726 1938 homicidium
761 1882 998 1962 perpetraverit
1028 1883 1190 1947 absconse
1221 1889 1251 1948 in

125 1964 271 2041 Berone,
295 1955 399 2021 lihero
419 1959 471 2020 vel
498 1963 609 2036 se'rvo,
635 1959 688 2020 vel
709 1963 846 2040 anciila,
868 1971 900 2022 et
919 1985 1003 2024 unns
1025 1965 1176 2046 fuerint,
1200 1979 1251 2031 ant

126 2048 371 2121 duo.tantum,
422 2042 479 2124 qui
520 2041 623 2125 ipsum
660 2042 871 2105 homicidium
903 2047 1037 2125 fecerit,
1074 2063 1249 2134 componat

123 2125 283 2195 DCCCC.
306 2121 437 2190 solidos.
480 2123 513 2187 Si
537 2147 614 2185 vero
636 2127 745 2210 plures
771 2127 912 2208 fuerint,
944 2129 970 2190 si
995 2129 1250 2214 ingenunsfne-

121 2214 187 2290 rit,
216 2208 360 2295 qualiter
385 2210 419 2269 in
445 2207 627 2306 garathingi
654 2218 705 2288 c),
749 2209 855 2293 ipsum
873 2211 1090 2274 homicidium
1123 2238 1249 2300 compo·

121 2305 187 2358 nni.
245 2293 278 2356 Si
306 2315 416 2356 servus
441 2301 496 2352 aut
517 2292 623 2356 aldius
646 2291 708 2370 d),
736 2304 909 2376 componat
936 2294 1042 2377 ipsum
1067 2309 1245 2379 mortuum,

121 2389 158 2438 ut
183 2377 377 2462 appretiatus
408 2375 523 2448 fuerin
555 2377 631 2439 etsi
654 2375 755 2458 spolia
783 2376 823 2436 de
853 2378 922 2456 ipso
949 2389 1078 2440 mortno
1107 2384 1243 2464 tulerit,

120 2460 221 2522 idest
242 2457 382 2543 pluslaib
409 2465 443 2528 e)
464 2467 636 2541 componat
660 2457 779 2520 solidos
802 2459 918 2520 LXXX.
983 2462 1007 2527 1.
1038 2484 1069 2544 9.
1097 2465 1129 2530 3,

189 2559 276 2598 orosa,
305 2541 335 2594 'Si
356 2539 417 2612 quis
433 2557 513 2604 rmus,
530 2542 574 2594 vel
590 2541 645 2594 duo
656 2540 744 2602 liberi,
764 2541 942 2596 homicidium
958 2541 988 2595 in
1002 2543 1141 2600 absconso
1155 2549 1184 2601 in
1197 2548 1243 2600 ba-

116 2611 184 2666 rone
202 2613 293 2665 *libero
323 2611 556 2682 perpetraverint,
585 2629 691 2665 omnem
715 2611 896 2663 substantiam
916 2631 996 2665 sunm
1021 2617 1165 2672 amittant.
1214 2621 1241 2671 Si
1318 2637 1319 2640 ’

115 2685 226 2737 veroin
253 2700 348 2743 servo,
379 2682 429 2734 vel·
456 2681 575 2746 aneilla,
609 2692 636 2735 et
660 2700 729 2733 unns
753 2682 852 2745 fuerit,
889 2691 937 2735 avit
956 2684 1012 2735 duo
1034 2694 1169 2751 tantum,
1195 2691 1241 2761 qui

115 2755 205 2825 ipsum
229 2750 413 2806 hmmcidium
432 2750 549 2806 fecerint
571 2753 699 2805 DCCCC.
724 2753 826 2804 solidos
853 2763 1025 2822 componant.
1073 2757 1122 2810 Ita
1147 2768 1240 2812 tamen

114 2823 234 2896 quodsi
260 2841 332 2878 unus
363 2838 454 2876 servus
485 2821 582 2890 privati
608 2821 725 2874 hominis
743 2823 853 2892 fuerit,
879 2823 926 2893 qni
956 2840 1081 2890 servum,
1116 2829 1165 2886 vel
1193 2847 1240 2881 an-

113 2895 207 2955 cillam
226 2894 254 2946 in
278 2893 410 2946 absconso
437 2891 604 2944 interfecerit
634 2893 758 2944 tradatur
783 2894 818 2945 ad
844 2893 1026 2946 occidendum
1055 2904 1083 2949 et
1112 2899 1239 2952 dominus

112 2962 172 3018 e'ius
198 2983 247 3036 pro
269 2962 370 3016 illicita
394 2979 476 3015 causa
509 2963 563 3014 Lx.
591 2961 691 3014 solidos
722 2974 875 3034 componat.
935 2965 962 3016 Si
996 2981 1061 3017 vero
1093 2968 1155 3022 duo
1179 2969 1239 3022 fne-

109 3037 175 3101 rint,
193 3037 241 3089 det
256 3033 381 3088 dominus
398 3032 509 3084 illorum
526 3033 676 3084 seeundum
692 3032 762 3084 hanc
782 3035 870 3099 legem
888 3033 989 3087 solidos
1003 3034 1137 3091 DCCCC.
1162 3041 1239 3111 Quo-

58 3131 60 3134 ·
109 3109 184 3160 niam
208 3110 230 3160 ni
261 3105 347 3167 cervi,
376 3104 423 3155 vel
446 3119 537 3154 servus
564 3103 680 3154 liberum
707 3102 844 3156 hominem
862 3103 1029 3157 interfecerit
1048 3106 1077 3157 in
1099 3107 1236 3180 abpconso

110 3195 175 3232 cum
192 3180 337 3244 voluntate
352 3172 456 3225 domini
478 3173 529 3235 sui,
548 3174 644 3243 perdat
674 3174 799 3226 dominus
826 3191 890 3224 suus
916 3191 1023 3226 omnem
1047 3178 1235 3234 substantiam

109 3267 194 3304 suam.
232 3247 260 3302 Si
271 3265 334 3300 vero
349 3244 452 3315 absque
463 3245 617 3305 voluntate,
632 3245 757 3314 purificet
766 3249 794 3296 s'e
808 3245 932 3298 dominus
946 3245 1022 3308 inde,
1041 3256 1070 3298 et
1083 3261 1238 3322 componat

109 3321 198 3390 ipsum
224 3329 378 3377 mortuum,
408 3324 437 3368 et
464 3313 576 3386 insuper
607 3315 695 3386 ipsum
712 3333 818 3367 servum
845 3315 935 3366 tradat
953 3318 981 3368 in
1003 3334 1104 3370 manus
1135 3339 1236 3392 paren·

107 3399 167 3446 turn
186 3389 318 3442 defuncti.
372 3385 400 3438 Si
425 3402 488 3437 vero
509 3403 600 3438 servus
620 3387 696 3452 Regis
716 3383 769 3436 hoc
793 3387 897 3438 malum
925 3385 1021 3439 fecerit
1046 3402 1235 3460 componatur

107 3478 143 3514 ex
168 3469 244 3532 parte
269 3457 382 3530 publica
413 3474 528 3526 persona
559 3465 684 3520 mortua,
716 3463 796 3525 prout
825 3453 981 3525 appreciata
1011 3455 1094 3508 suerit
1123 3471 1153 3514 et
1179 3480 1235 3514 ser.

105 3549 156 3586 vus
179 3531 361 3600 suspendatur
378 3543 458 3597 super
479 3526 584 3578 fossam.
623 3527 651 3578 Si
673 3544 737 3580 vero
761 3525 852 3596 plures
877 3525 985 3578 dnobus
1010 3527 1090 3578 liberi
1114 3531 1232 3593 fuerint,

105 3603 128 3654 si
154 3603 309 3668 ingennus,
337 3599 385 3670 qui
407 3597 560 3666 occiditur,
594 3604 643 3648 aut
668 3597 782 3648 libertus
807 3596 888 3647 fuerit
911 3614 1018 3648 omnem
1043 3600 1233 3656 substantiam

104 3689 183 3724 auam
207 3673 341 3724 amittant
378 3668 536 3730 Sinervas,
566 3667 614 3737 qui
636 3667 786 3729 occiditur,
823 3672 871 3717 aut
893 3665 1008 3719 libertus
1030 3667 1136 3733 fuerit,
1157 3690 1233 3726 com.

103 3732 212 3814 ¹ponant
240 3743 345 3812 ipsum,
386 3747 419 3792 ut
446 3738 611 3808 appretiatus
638 3737 736 3790 fuerit.
780 3731 904 3788 Sivero
930 3738 1020 3806 plures
1048 3739 1174 3807 fuerint,
1207 3744 1230 3796 si

105 3831 213 3876 servus,
250 3814 297 3866 vel
327 3827 403 3864 serva
434 3809 534 3872 fuerit,
572 3807 635 3878 qui,
674 3824 780 3878 quaeve
811 3805 964 3870 occiditur,
999 3821 1169 3878 componat,
1198 3823 1232 3866 ut
1318 3864 1320 3877 ⁴

104 3885 276 3955 appreciatus
302 3881 513 3952 appreciataque
539 3879 640 3937 fuerit,
674 3887 702 3931 et
732 3877 866 3946 si'spolia
892 3877 928 3930 de
947 3878 1006 3950 ipso
1027 3890 1142 3935 mortuo
1166 3885 1230 3957 quis

101 3956 198 4008 tulerit
217 3954 306 4006 idest
331 3952 481 4022 pluderap,
508 3957 654 4019 componat
676 3949 707 4002 in
731 3949 842 4015 stagild.

61 4101 65 4112 Ι
117 4106 119 4110 ’
173 4109 561 4234 C)A·l‘m³,⁸1'gargahangli·i,
582 4109 614 4160 in
631 4124 724 4181 angar·
746 4109 893 4235 ςιλιίιίηςίς
921 4107 1137 4234 aglarlgathunffi
1158 4129 1228 4235 Ξαν·
1319 4176 1320 4181 ¹

100 4185 305 4328 slim...
336 4184 650 4319 let-..maara
721 4179 748 4251 ..
1103 4186 1156 4310 ‚v
