2648 4874
248 337 354 392 Lsors
374 331 819 397 rememoreramus.
839 332 912 392 τιτ.
930 335 951 390 ι.
1084 315 1157 390 cot

58 483 147 544 nulus
169 499 318 539 arrarum
339 477 469 536 nomine
499 476 590 535 datus
611 471 712 534 fuerit
732 473 981 556 velacceptns,
1012 478 1160 556 quamvis

55 567 228 645 scripturae
252 580 318 620 non
348 559 582 634 intercurrant,
612 556 797 617 nullatenus
818 557 986 637 promissio
1007 560 1159 635 violetur,

53 671 124 708 caru
138 667 203 726 qna
220 643 313 702 datus
328 649 375 700 est
397 641 554 716 annulus,
577 645 608 700 et
630 637 776 698 delinitio
797 637 879 699 fucta
896 660 1003 702 coram
1018 643 1161 702 testibus.

52 733 117 792 Nec
139 733 240 787 liceat
261 724 318 784 uni
340 723 422 805 parti
443 744 532 784 suarm
549 723 715 782 immutare
733 721 936 802 aliquatenus
950 723 1161 803 voluntatem,

53 813 80 874 si
101 833 173 892 pars
194 809 296 868 altera
317 807 471 887 praebere
493 825 684 865 consensum
707 803 864 875 noluerit;
899 803 956 866 sed
983 807 1162 866 secundum

54 896 163 973 legum
184 889 352 963 ordinem,
384 889 483 947 altera
504 885 733 947 constitutione
755 885 838 948 dotis
860 887 1008 972 impleta,
1037 888 1163 972 nuptia·

54 997 126 1039 rum
147 974 237 1036 inter
257 993 311 1033 eos
331 979 503 1054 peragatur
521 968 596 1030 festi
618 967 797 1035 celebritas.

342 1084 401 1149 lv.
455 1106 517 1146 ιιι.
559 1105 624 1146 (ιιι.
665 1105 752 1148 aens.
791 1105 861 1151 aex.

55 1205 103 1266 Ne
129 1185 365 1266 confluimus
390 1202 500 1261 aetatis
524 1202 657 1262 nranrcs
681 1199 844 1281 foeminae
863 1201 1102 1288 dispensentur,
1132 1217 1163 1265 et

441 1281 481 1343 de
504 1284 627 1344 biennio
647 1285 770 1368 placiti,

139 1367 195 1429 lus
216 1373 349 1426 naturae
369 1373 449 1426 tunc
479 1366 637 1428 directum
660 1365 693 1424 in
716 1387 805 1447 spem
824 1367 1056 1449 procreationis
1077 1370 1164 1430 futu·

56 1473 111 1514 rae
131 1448 371 1524 transmittitur,
392 1449 522 1528 quando
544 1449 729 1529 nuptiarum
749 1450 863 1512 foedus
883 1451 980 1512 totius
994 1453 1166 1533 solempni·

57 1537 133 1595 tatis
155 1529 330 1593 concordia
351 1532 528 1591 ordinatur.
568 1534 648 1592 Nam
668 1532 695 1592 si
717 1541 772 1592 aut
792 1540 914 1609 aetate,
939 1544 993 1594 aut
1014 1556 1165 1615 persona·

59 1639 133 1678 rum
155 1613 388 1694 incompetenti
418 1613 625 1690 conditione,
661 1613 845 1674 adnectitur
865 1615 981 1696 copula
1002 1617 1166 1698 nuptialis,

60 1699 142 1782 quid
163 1705 260 1758 restat
281 1697 314 1754 ιιι
336 1694 567 1777 procreationis
589 1694 732 1778 origine,
762 1697 824 1758 nisi
854 1706 889 1756 ut
916 1699 1004 1777 quod
1025 1698 1168 1758 nascitu-

61 1803 135 1844 rum
157 1788 222 1856 est,
263 1786 317 1837 aut
353 1776 506 1838 dissimile
536 1788 663 1850 maneat
696 1788 753 1840 aut
778 1779 946 1840 deforme?
985 1780 1050 1840 Nec
1080 1780 1168 1842 enim

60 1863 183 1948 poterit
204 1862 238 1920 in
260 1859 347 1940 pacis
369 1859 541 1920 concordia
562 1855 668 1936 nasci,
692 1861 781 1942 quod
803 1881 862 1943 per
883 1860 1077 1922 discordiam
1098 1861 1166 1920 ori-

62 1946 146 2029 ginis
168 1942 314 2004 noscitur
333 1940 492 2002 seminari.
547 1941 703 2005 Videmus
733 1944 828 2004 enim·
841 1944 996 2022 quosdam
1017 1965 1083 2003 non
1106 1941 1171 2003 ari·

62 2032 121 2089 dos
150 2046 258 2085 amore
293 2032 444 2101 naturae,
482 2023 538 2084 sed
561 2023 687 2084 illectos
709 2023 893 2106 cupiditatis
915 2027 1054 2096 ardore,
1094 2024 1170 2084 filiis

62 2110 129 2172 suis
150 2118 213 2168 tam
236 2106 418 2166 inordinate
439 2106 608 2187 disponere
629 2105 761 2167 foedera
782 2106 987 2188 nuptiarum,
1009 2115 1045 2166 ut
1065 2107 1099 2166 in
1120 2127 1173 2167 eo·

62 2215 138 2254 rum
159 2190 236 2250 actis
259 2211 320 2249 nec
341 2196 442 2248 aetate
465 2209 599 2249 concors
621 2189 662 2248 sit
682 2189 784 2266 ordo,
817 2211 877 2249 nec
899 2190 1050 2250 moribus.
1091 2191 1173 2250 Nam

65 2295 142 2335 cum
162 2273 241 2334 viris
262 2291 313 2332 res
333 2271 391 2330 illa
413 2270 540 2332 dederit
560 2289 701 2348 nomen,
724 2272 813 2350 quod
836 2273 867 2332 vi
889 2273 1044 2332 foeminas
1065 2281 1172 2353 agunt,

67 2357 119 2418 isti
140 2376 200 2436 per
219 2352 433 2435 repugnantia
464 2361 597 2413 naturae
618 2355 786 2413 conamina
807 2355 945 2414 maribus
966 2354 1090 2436 puellas
1112 2377 1174 2414 au-

64 2443 246 2520 teponunt,
279 2436 356 2496 dnm
376 2435 554 2496 infantibus
575 2435 830 2498 adulescentulas
852 2436 1099 2518 disponsationis
1121 2458 1174 2496 co-

90 2520 145 2580 ula
175 2518 394 2599 coniungunt:
429 2518 539 2598 sicque
567 2539 625 2600 per
653 2518 763 2579 aetatis
792 2529 1015 2601 praeposterae
1036 2529 1173 2600 tempus,

65 2543 244 2665 bonestatis
276 2601 403 2660 lucrum
436 2599 536 2660 dilabi
566 2609 687 2681 cogunt
718 2601 758 2660 ad
791 2601 1009 2684 impudicitiae
1036 2601 1172 2683 lapsum,

67 2686 146 2747 dum
166 2685 349 2766 puellarum
369 2681 496 2744 avidior
517 2693 550 2744 et
568 2682 704 2744 maxima
725 2691 809 2744 aetas
830 2705 915 2745 seros
931 2684 1101 2764 tardosque
1123 2685 1174 2744 ri-

66 2788 181 2830 rornm
202 2765 402 2846 contempnit
428 2775 596 2846 expectare
621 2774 806 2844 proventus.
848 2766 895 2829 Ut
917 2787 992 2847 ergo
1014 2768 1096 2826 male
1124 2787 1175 2827 or·

69 2851 179 2910 diaeta
196 2847 381 2930 propagatio
417 2847 522 2908 eneris
538 2848 572 2906 in
598 2846 744 2906 ordinem
768 2871 786 2908 a
807 2849 1104 2910 transductionibns
1125 2869 1176 2910 re·

69 2933 206 2992 ducatur
228 2929 370 3007 illicitis,
396 2868 497 2990 liuius
519 2927 683 2991 sanctione
706 2929 892 2991 decernitur
912 2931 1010 3012 legis,
1045 2941 1081 2991 ut
1102 2933 1174 2992 foe·

70 3016 173 3074 minae
196 3011 331 3083 minoris
354 3033 479 3094 semper
499 3011 609 3072 aetatis
630 3010 707 3072 viris
729 3013 902 3074 maioribus
921 3015 954 3072 in
970 3012 1174 3073 matrimonio

72 3097 315 3178 dispensentur:
337 3095 431 3154 aliter
453 3091 647 3176 dispensatio
669 3095 769 3173 facta,
791 3095 815 3156 si
838 3117 994 3177 unapars
1017 3093 1176 3156 contrudi-

72 3200 143 3239 cere
173 3177 340 3254 videatur,
374 3175 467 3236 nullo
496 3176 586 3236 modo
618 3197 747 3238 manere
778 3177 916 3240 iubetur.
966 3179 993 3238 A
1024 3179 1075 3240 die
1099 3197 1175 3238 vero

70 3257 252 3342 sponsionis
287 3279 388 3340 usque
417 3258 457 3318 ad
484 3259 668 3337 nuptiarum
698 3259 782 3319 diem
813 3281 878 3320 non
909 3260 1044 3342 amplius
1080 3280 1177 3341 quam

71 3343 205 3403 biennio
238 3349 441 3423 expectetur:
479 3341 540 3400 nisi
570 3351 624 3400 aut
651 3353 842 3423 parentum,
884 3354 938 3403 aut
964 3341 1176 3424 cognationis,

70 3425 123 3487 vel
146 3432 235 3485 certe
256 3443 446 3505 sponsorum
467 3423 626 3504 ipsorum,
657 3423 683 3484 si
705 3429 865 3506 perlectae
887 3428 951 3485 sint
971 3425 1034 3484 iam
1055 3423 1177 3500 aetatis,

69 3507 206 3568 honesta
228 3515 261 3566 et
281 3505 478 3567 conveniens
500 3505 638 3566 adfuerit
660 3509 827 3568 consensio
847 3509 1031 3568 voluntatis.
1073 3508 1106 3567 si
1126 3529 1179 3565 au·

69 3599 134 3650 tem
157 3588 191 3647 ιιι
214 3588 277 3649 hoc
297 3588 427 3648 foedere
449 3587 528 3646 inita
560 3596 651 3669 pacta
680 3590 734 3649 rel
764 3591 967 3651 definitiones
997 3610 1055 3670 pro
1086 3589 1178 3649 elon-

70 3671 198 3754 gatione
222 3670 406 3752 nuptiarum
428 3669 607 3731 communis
627 3671 778 3733 voluntas
800 3673 966 3731 immutare
989 3671 1178 3748 decreverit,

68 3763 124 3814 aut
145 3753 172 3814 si
193 3773 255 3834 per
276 3752 498 3813 necessitatem
520 3775 582 3811 una
605 3775 740 3834 persona
763 3755 920 3830 defuerit,
953 3775 1017 3812 non
1042 3753 1178 3836 amplius

69 3857 166 3918 quam
188 3836 330 3895 duorum
351 3845 655 3916 annorum'tempus
676 3836 879 3917 prolongatio
907 3836 1096 3900 continebit.
1137 3837 1180 3894 Et

68 3921 95 3980 si
115 3939 228 3979 rursus
251 3917 306 3976 vel
328 3917 478 3998 quotiens
499 3917 569 3976 fieri
592 3939 656 3977 non
680 3919 885 3994 convenerit,
906 3917 1031 3978 biennii
1055 3926 1179 3976 tantum

67 4001 102 4060 in
125 3999 320 4062 definitione
342 4001 480 4080 spatium
502 3999 571 4064 erit.
612 4000 717 4060 Aliter
738 4002 933 4080 quandoque
956 4008 1011 4058 aut
1037 4021 1181 4058 arrarum

69 4092 123 4143 aut
143 4084 326 4164 scripturae
348 4082 508 4142 celebrata
530 4083 691 4143 confectio
714 4103 778 4142 non
801 4084 929 4147 valebit.
972 4081 1006 4142 si
1032 4081 1106 4162 quis
1127 4103 1180 4140 an-

69 4174 132 4226 tem
161 4163 376 4226 coustitutum
407 4164 604 4226 delinitionis
632 4173 756 4246 tempus
778 4165 896 4248 absque
917 4165 1104 4226 necessitate
1128 4164 1180 4224 vel

70 4247 249 4311 voluntatis
273 4245 484 4310 consensione
506 4247 641 4332 implere
663 4248 840 4329 distulerit,
862 4269 1015 4332 suamque
1038 4247 1183 4311 voluuta-
