2684 4868
253 271 356 332 arcis
376 274 668 334 wrsrcoruouun
688 278 752 332 us.
771 276 848 334 vm.
868 278 941 334 rrr.
960 280 1009 338 ιν.
1128 263 1201 340 593

85 413 141 478 rel
168 422 275 477 cetera
300 413 450 476 animalia
477 415 605 497 generis
627 417 851 498 cuiuscunque
879 409 941 480 it'er
972 421 1138 501 agentium
1161 424 1202 488 ut

85 498 218 560 domum
233 519 323 559 suam
335 498 519 559 inclusarus
535 499 725 576 adduxerit,
747 521 806 581 per
822 501 887 562 duo
905 502 1009 583 capita
1024 509 1202 570 tramissem

86 591 220 663 cogatur
242 581 429 642 exsolveres
452 581 478 642 si
499 601 576 642 vero
599 590 635 642 ut
656 604 720 642 non
739 591 917 664 ¹pascantur
938 584 1119 666 expulerit,
1143 607 1204 670 per

85 673 228 745 quatuor
256 662 359 744 capita
392 662 571 726 tremissem
600 664 754 747 accipiat,
789 665 847 746 qui
880 661 1010 748 excepit
1037 669 1202 740 iniuriam.

85 745 226 826 Quodsi
244 745 346 820 haec,
369 754 402 807 et
417 767 499 827 quae
519 747 668 830 superius
687 747 771 809 dictu
793 756 887 824 sunt,
909 770 1020 811 servus
1037 753 1202 818 nesciente

85 829 218 890 domino
243 828 452 900 commiserit,
476 852 493 888 a
515 830 641 891 Comite
667 829 806 892 civitatis
823 831 875 892 vel
895 853 913 892 a
937 831 1203 898 indiscussum

84 911 295 994 flagellorum
316 910 431 973 ictibus
459 912 648 974 verberetur
670 922 703 973 et
725 911 875 976 dominus
899 915 985 978 servi
1004 915 1128 980 nullam
1146 939 1201 980 cu·

13 1061 16 1068 .
85 994 265 1080 lumpniem
285 1003 341 1056 aut
362 993 591 1056 detrimentum
611 995 776 1058 sustineat.

485 1143 626 1210 XXVII.
668 1166 817 1221 snrrqus.

206 1262 256 1323 Ne
274 1263 337 1324 iter
354 1259 514 1342 agentibus
532 1281 650 1346 pascua
669 1283 733 1322 non
754 1259 902 1323 conclusa
926 1273 1075 1333 vetentur.

164 1343 233 1407 Iter
260 1355 391 1426 agentes
422 1344 457 1404 in
485 1344 610 1427 pascuis
631 1365 715 1426 quae
737 1346 889 1406 conclusa
912 1368 977 1408 non
999 1359 1076 1410 sunt
1098 1348 1200 1434 depo·

83 1446 162 1488 nere
177 1427 347 1506 sarcinam,
370 1437 402 1489 et
425 1427 567 1488 iumenta
589 1429 642 1488 rel
664 1427 763 1488 boves
786 1449 916 1509 pascere
940 1433 1004 1492 non
1026 1440 1200 1496 retentura

84 1509 129 1570 ita
151 1518 187 1571 ut
209 1531 274 1571 non
297 1509 332 1569 in
354 1531 421 1570 uno
445 1509 516 1570 loco
538 1510 729 1592 plusquam
752 1510 870 1588 biduo,
907 1511 969 1574 nisi
998 1513 1061 1574 hoc
1090 1514 1129 1574 ab
1159 1537 1200 1576 eo

84 1592 178 1653 cuius
200 1613 315 1674 pascua
338 1601 412 1654 sunt
434 1591 655 1672 obtinuerint,
690 1600 938 1660 commorentur.
979 1596 1047 1656 Nec
1068 1595 1199 1658 arbores

83 1675 220 1735 maiores
240 1675 291 1736 rel
316 1675 528 1760 glandiferas,
561 1675 622 1736 nisi
643 1675 838 1759 praestiterit
859 1677 967 1758 sylvae
989 1676 1157 1754 dominus,
1179 1701 1200 1752 u

83 1755 193 1820 radice
221 1757 398 1830 succidant,
452 1759 567 1820 Remus
596 1769 703 1820 autem
732 1758 773 1820 ad
802 1759 978 1844 pascendos
1008 1761 1109 1825 bores
1130 1781 1197 1824 non

81 1835 316 1924 prohibeantur
337 1849 559 1924 competenter
580 1837 736 1904 incidere.

458 1983 621 2050 XXVIII.
662 1987 819 2066 Arctous.

127 2104 171 2168 Ur
188 2105 245 2190 qui
265 2107 299 2168 in
320 2105 457 2167 transitu
466 2101 617 2188 fluminis
638 2104 792 2245 cubiturum
805 2104 910 2189 sarit,
932 2105 1072 2170 latorem
1093 2129 1167 2194 sepe

543 2189 660 2248 cirrum
687 2200 727 2248 et.
938 2215 940 2224 ¹

163 2270 230 2351 Qui
252 2270 287 2331 in
310 2291 349 2331 eo
370 2269 443 2331 Ioco
464 2268 520 2330 ubi
550 2268 702 2330 transitus
731 2269 878 2332 fluminis
899 2281 947 2334 est
967 2274 1197 2338 culturam-rs

80 2353 183 2432 cerit,
206 2354 260 2416 vel
280 2361 489 2436 praeruptum
510 2350 621 2434 ripae,
656 2361 711 2414 aut
732 2353 788 2414 ubi
808 2373 927 2436 pecora
947 2365 1117 2420 transeunt
1135 2382 1196 2441 pn*

79 2438 180 2499 tuerit
201 2437 394 2512 excludere,
427 2446 459 2496 et
479 2435 595 2496 fecerit
615 2434 748 2496 fortasse
770 2437 933 2516 culturas,
969 2461 1078 2522 sepem
1099 2445 1197 2504 etiarn

79 2521 188 2581 facere
210 2540 275 2580 non
296 2526 450 2579 moretur.
492 2517 590 2595 Quod
608 2517 634 2578 si
652 2537 716 2576 non
734 2519 863 2590 fecerit,
887 2528 920 2581 et
941 2522 1065 2604 aliquid
1088 2525 1198 2608 damp-

80 2603 116 2662 ni
137 2601 239 2663 fuerit
264 2623 322 2683 per
342 2600 426 2660 hanc
445 2599 661 2682 negligentiae
681 2621 757 2662 suae
783 2600 990 2665 inutilitatem
1014 2627 1202 2688 perpessus,⁸

80 2684 167 2746 nihil
189 2682 428 2766 compositionIs
443 2681 606 2763 abaliquo
624 2682 777 2763 accipiat:
798 2684 877 2767 quia
898 2687 1132 2769 negligentiam
1151 2691 1194 2752 il·

79 2768 145 2830 lius
169 2767 210 2828 ad
230 2768 406 2849 dampnum
427 2764 559 2825 alterius
581 2765 763 2827 redundare
786 2787 850 2827 non
875 2771 1039 2832 convenit.

162 2877 286 2948 XXIX.
329 2879 377 2942 De
399 2879 590 2942 dr'scretione
612 2880 900 2944 concludendorum
917 2883 1096 2964 fluminum.
1156 2897 1160 2909 “

161 2965 313 3027 Flumina
336 2963 475 3041 maiora,
504 2963 538 3024 id
560 2963 613 3024 est
627 2985 686 3044 per
707 2985 788 3046 quae
812 2959 914 3028 isocen
935 2977 990 3028 aut
1011 2968 1066 3028 alii
1087 2969 1192 3052 pisces

49 3101 53 3110 .
79 3048 231 3109 maritimi
261 3043 490 3129 subriguntur,
532 3046 585 3107 vel
615 3046 747 3108 forsitan
778 3047 859 3109 retia
892 3059 948 3109 aut
977 3071 1192 3135 quaecuuque

79 3129 270 3194 commercia
301 3129 437 3191 veniunt
462 3127 611 3206 navium,
653 3129 763 3191 nullus
789 3130 829 3190 ad
856 3129 1038 3215 integrum,
1081 3145 1193 3194 contre

77 3216 254 3275 multorum
283 3232 452 3273 commune
484 3211 710 3290 commodum,
744 3234 819 3274 suae
850 3215 1072 3276 tantummodo
1099 3215 1192 3276 utili·

77 3296 137 3358 tati
161 3295 368 3358 consulturus
398 3294 566 3372 excludat,
601 3294 657 3355 sed
682 3316 783 3376 usque
810 3295 851 3356 ad
874 3296 1016 3358 medium
1043 3298 1191 3376 alveum,

76 3378 132 3440 nbi
158 3379 316 3440 maximus
345 3377 445 3460 ipsius
467 3375 615 3438 fluminis
643 3397 818 3438 concursus
839 3386 907 3455 est,
940 3401 1049 3462 sepem
1070 3380 1190 3442 ducere

76 3483 144 3522 non
167 3471 314 3535 vetetur,
347 3469 384 3520 ut
404 3458 467 3519 aliu
488 3460 640 3520 medietas
662 3459 864 3521 ditersorum
886 3459 997 3524 usibus
1018 3461 1121 3523 libera
1143 3485 1191 3522 re·
1278 3459 1280 3470 ’

75 3545 254 3628 IInquatur.
296 3543 330 3604 Si
344 3542 416 3626 qula
439 3549 549 3602 contra
569 3542 632 3603 hoc
651 3541 787 3620 fecerit,
810 3545 941 3604 exclusa
962 3544 1062 3627 ipsius
1087 3567 1104 3604 a
1126 3547 1191 3606 Co-

75 3627 155 3689 mite
184 3626 322 3689 civitatis
348 3635 405 3687 aut
426 3623 534 3686 iudice
555 3623 624 3686 sine
645 3624 754 3706 aliqua
776 3626 982 3686 excusatione
1005 3638 1189 3710 rumpatur:

76 3720 108 3771 et
130 3709 156 3770 si
184 3709 379 3771 honestioris
403 3707 469 3768 loci
497 3728 635 3790 persona
656 3715 720 3783 est,
743 3705 784 3772 X.
806 3706 926 3768 solidos
947 3708 1003 3770 det
1021 3709 1087 3771 illis
1107 3733 1189 3798 quos

75 3790 233 3873 impedire
255 3801 389 3854 conatus
411 3799 471 3862 est;
494 3788 520 3852 si
545 3811 622 3850 rero
641 3787 778 3850 inferior
795 3811 932 3871 persona
947 3791 1067 3869 fuerit,
1090 3794 1189 3874 quin-

73 3897 137 3959 que
160 3875 280 3936 solidos
302 3875 373 3952 det,
395 3880 428 3934 et
450 3874 487 3938 L.
511 3872 642 3954 flagella
661 3871 824 3954 suscipiat.
867 3873 966 3952 Quod
989 3873 1016 3933 si
1040 3874 1078 3935 ab
1100 3886 1187 3935 utra·

34 4007 36 4014 ,
72 3979 137 4041 que
158 3968 248 4041 parte
270 3956 367 4018 huius
389 3954 537 4016 fluminis
558 3956 623 4016 duo
644 3955 844 4033 manserint,
880 3976 943 4016 non
976 3956 1074 4018 liceat
1102 3958 1189 4019 into-

70 4063 163 4124 grum
185 4042 310 4102 flumen
334 4038 520 4117 excludere,
543 4046 579 4097 ut
600 4035 684 4096 dicat
705 4039 929 4120 unusquisqne
952 4059 1077 4118 eorum,
1099 4041 1189 4122 qnod

70 4122 275 4186 medietatem
297 4145 373 4185 suae
394 4120 492 4204 partis
515 4119 714 4182 excluseritt·
735 4121 793 4182 sed
814 4121 897 4184 alter
916 4123 1083 4204 superius,
1105 4123 1188 4182 alter

69 4206 227 4287 inferius,
250 4207 413 4270 clusuram
432 4204 539 4268 facere
561 4224 602 4267 ex
623 4201 796 4268 medietate
816 4203 964 4268 fluminis
990 4227 1056 4268 non
1073 4205 1187 4290 probi-

941 4314 991 4390 38
