2640 4838
144 252 217 336 705
499 256 666 322 tntc'mtt
698 255 875 322 ΙΟΠῙΙΕῙΕ

142 414 187 480 rit
204 362 269 496 per
285 405 400 492 legen.
457 400 503 466 Et
530 399 557 467 si
584 399 617 466 si
642 395 911 484 thingstsassruon
939 398 1197 486 inriteliquid
1223 401 1262 467 de

142 495 258 572 rebus,
285 495 411 553 tantum
440 485 570 586 libertas
595 479 952 580 illipesmeneat111.
973 484 1026 581 34.
1046 483 1079 551 5,
1107 530 1121 544 ,.

226 569 398 704 cmu-
417 570 453 632 St
472 588 547 653 quis
573 563 1077 714 queisquerrtvppmsizlpgmmpp
1094 566 1187 712 ⁸dipsas
1210 577 1263 631 aut

141 665 254 810 illd}
260 653 641 824 ’,ttlttftttt
649 670 697 810 1²²
689 669 770 796 id.
783 671 889 796 'ott'
902 669 1021 796 ai'd
1044 671 1179 796 aad
1194 673 1264 815 ἐξ,

141 826 229 913 qued
262 829 312 886 est
342 817 517 884 medicare*
541 813 705 878 naturales
731 813 798 911 filii
815 848 818 859 ·
834 814 949 879 uncias
970 825 1138 960 quatuor,
1173 817 1262 964 quod

142 919 191 976 est
210 905 307 972 tertia
331 923 424 988 pars,
453 910 486 964 et
507 905 659 988 parentes
684 896 820 982 legioni
841 897 955 962 ancias
996 917 1073 979 nas,
1102 921 1172 982 quo
1216 909 1262 964 cst

140 1001 232 1140 ιω·
247 983 642 1136 matiana
656 999 723 1142 a
921 979 1036 1046 ιι·
1065 981 1158 1068 ¹⁶⁶³·

167 1096 222 1138 ΠΙΙ
705 1107 713 1124 ·
755 1111 764 1132 s
917 1110 921 1118 ·
1242 1088 1246 1098 ¹

226 1150 344 1219 CLIX.
381 1148 419 1212 si
440 1087 514 1236 qdis
534 1085 874 1230 dereliqueriiatiam.
885 1146 1203 1232 legitimarum,
1230 1157 1260 1212 at

143 1240 244 1305 lilium
260 1230 442 1300 naturalem
454 1244 578 1308 unns,
598 1239 656 1292 snt
669 1227 799 1312 plures,
830 1230 964 1296 etalioa
977 1229 1260 1316 parenteaproxi-

143 1345 222 1402 mos,
241 1315 423 1402 aequaliter
438 1311 589 1376 dividant
603 1311 813 1375 substantiam
826 1314 993 1392 defuncti,
1010 1313 1050 1380 id
1067 1316 1173 1394 estin
1198 1325 1259 1378 tres

143 1415 258 1494 partes.
298 1399 383 1463 Filia
401 1395 547 1480 legitima
566 1395 704 1478 accipiat
724 1395 836 1460 uncias
851 1405 1005 1484 quatuor,
1024 1393 1118 1482 qnod
1134 1407 1187 1460 est
1202 1406 1260 1459 ter·

208 1485 485 1631 anteat:
500 1475 690 1624 tiam
709 1485 1090 1626 attremat
1104 1479 1260 1624 arel

144 1582 404 1734 dddtedrproximi
424 1581 661 1741 fronduerint:
680 1578 760 1710 tirio
785 1584 894 1710 cinis
913 1583 1014 1730 liegii
1026 1583 1260 1734 ῗιιιοίρίιξῖςὲ-

145 1759 193 1804 sas
208 1741 347 1817 quatuor
362 1748 486 1792 unctas.
545 1723 715 1806 11.14.6.
1317 1733 1318 1798 s

228 1811 320 1878 CLX.
361 1809 397 1874 si
423 1807 498 1894 quis
523 1803 735 1892 dereliquerit
757 1805 858 1872 filiam
880 1806 1057 1896 legitimam
1077 1831 1181 1876 unam
1210 1800 1260 1894 ant

145 1901 268 1988 plures,
288 1901 321 1960 et
340 1889 445 1956 filium
459 1889 641 1954 naturalem
655 1911 758 1956 unum
775 1903 832 1954 ant
851 1890 962 1978 plures
969 1937 980 1972 ,
1001 1903 1033 1956 et
1048 1913 1198 1961 sororem
1211 1891 1258 1964 le-

141 1982 289 2072 gitimam
305 1997 404 2042 unam
421 1981 477 2038 aut
497 1973 625 2058 plnres,
653 1971 771 2038 tollant
788 1971 895 2056 filiae,
929 1981 963 2037 et
978 1998 1104 2042 sorores
1125 1975 1216 2044 inter
1228 1995 1259 2040 se

146 2055 757 2237 ῗέἒὲἳῖῗῗῖι.3ιὶἒίῗέἓὶἱῖῗῖἲέἰίἰί
774 2057 1261 2226 tttttttltatltt

108 2217 115 2232 ’
147 2219 295 2317 parentes
306 2225 451 2312 legitimi.
464 2221 544 2286 Etsi
554 2185 703 2308 parentes
713 2221 848 2306 legitimi
861 2245 928 2287 non
939 2187 1073 2304 inierint,
1084 2223 1198 2290 Curtia
1206 2225 1262 2290 Ile·

170 2316 200 2374 ia
216 2310 369 2394 suscipiat
384 2306 466 2394 ipsas
484 2305 563 2368 duas
576 2304 699 2386 uncips,
712 2305 803 2388 quod
819 2311 866 2370 est
877 2316 1060 2450 sestapars.
1088 2309 1156 2373 Pro
1166 2327 1262 2384 ,mun-

149 2339 326 2458 dio'antem
339 2411 375 2454 sn
401 2410 436 2452 ra
448 2386 649 2472 scriptarum,
664 2386 781 2452 tollant
796 2385 957 2453 naturales
994 2389 1029 2450 lii
1045 2387 1178 2455 tertiam
1195 2411 1262 2474 par·

150 2489 230 2550 tenu
244 2486 276 2540 et
289 2413 426 2537 heredes
437 2469 584 2554 legitimi,
595 2479 651 2565 ant
663 2469 769 2534 Curtia
778 2469 878 2554 Regia
889 2481 994 2556 partes
1009 2471 1098 2548 duas.
1119 2469 1165 2538 ΙΙ.
1179 2475 1225 2554 rlp
1235 2465 1261 2540 8.

231 2555 340 2624 CLXI.
382 2553 417 2618 Si
431 2551 555 2616 fuerint
573 2550 633 2612 lilii
646 2551 794 2638 legitimi,
809 2563 841 2616 et
857 2554 1073 2637 naturalesd),
1090 2564 1124 2618 et
1139 2578 1264 2624 sorores

150 2653 214 2704 tam
231 2638 405 2724 legitimae,
426 2656 524 2720 quam
539 2635 711 2716 naturales,
725 2657 783 2718 pro
797 2635 932 2698 mundio
948 2657 1060 2698 eorum
1074 2635 1196 2704 tollant
1209 2637 1265 2700 filii

150 2723 285 2811 legitimi
303 2719 382 2784 duaa
396 2729 514 2803 partes,
533 2717 693 2780 naturales
706 2740 782 2783 vcro
799 2725 921 2801 partem
936 2720 1073 2780 tertiam.
1098 2714 1146 2785 ΙΙ.
1164 2723 1213 2800 14.
1225 2745 1254 2806 9.

234 2801 369 2869 cLXlt.
410 2799 445 2864 si
470 2799 593 2862 fuerint
620 2797 681 2861 lilii
697 2799 850 2883 legitimi,
881 2809 915 2862 et
936 2799 996 2861 filii
1012 2804 1178 2868 naturales
1203 2805 1265 2868 duo

154 2898 209 2954 aut
224 2888 355 2973 plures,
367 2889 399 2947 et
418 2881 592 2968 contigerit
612 2904 722 2962 cneus,
745 2892 780 2946 ut
797 2904 942 2954 unusex
960 2883 1161 2953 naturalibus
1178 2887 1266 2950 occi·
1312 2880 1315 2889 ⁴

46 3020 53 3033 ι
154 2995 207 3038 eus
231 2969 351 3046 fuerit,
381 2964 499 3028 tollant
521 2963 658 3047 legitimi
678 2965 791 3030 fratres
813 2986 872 3049 pro
895 2967 1131 3047 compositione
1155 2969 1266 3052 ipsine,

154 3053 243 3143 quod
261 3049 456 3135 appretiatus
478 3046 588 3125 luerit,
609 3058 714 3132 partes
734 3048 831 3110 duas:
862 3049 1045 3128 naturales,
1063 3052 1122 3136 qui
1139 3071 1268 3114 renisu·

33 3171 35 3174 ·
155 3138 259 3201 serint
283 3155 360 3198 sero
375 3127 504 3194 tertiam
521 3139 651 3214 partem.
686 3129 836 3192 Facultae
863 3151 943 3193 vero
972 3131 1062 3195 illius
1085 3135 1208 3204 mortni
1229 3133 1267 3195 ad

156 3219 316 3303 legitimos
335 3216 448 3277 frames
463 3221 654 3290 revertatur,
676 3222 709 3274 et
727 3233 792 3274 nen
807 3212 847 3273 ad
868 3214 1041 3276 naturales.
1081 3214 1165 3278 Ideo
1181 3235 1267 3314 prae·

156 3303 297 3367 vidimus
314 3298 377 3360 hoe
393 3302 526 3440 propter
540 3293 659 3357 faidam
675 3293 915 3380 deponendam,
941 3295 977 3358 id
998 3305 1046 3361 est
1063 3295 1267 3362 inimicitiam

157 3381 396 3471 pacificandam.
479 3375 504 3445 i.
534 3379 580 3456 ¹4·
607 3398 653 3444 so.

241 3462 394 3529 CLXlll.
434 3459 469 3521 Si
489 3460 563 3544 quis
584 3459 618 3520 in
637 3467 737 3522 morte
755 3460 896 3543 parentis
916 3461 966 3524 sui
982 3459 1153 3527 insidiatus
1170 3459 1270 3525 fuerit

159 3551 255 3612 idest
278 3547 306 3609 ei
326 3545 426 3608 frater
444 3543 477 3603 in
496 3550 598 3604 morte
616 3540 723 3604 fratris
740 3540 790 3603 sni
809 3553 863 3604 aut
875 3543 1020 3623 barbani,
1041 3547 1132 3627 qnod
1152 3554 1202 3608 eet
1258 3577 1269 3590 ·

59 3683 64 3694 .
158 3643 262 3709 treus,
283 3649 341 3692 seu
364 3625 550 3688 consobrini
570 3623 738 3686 insidiatus
755 3623 870 3699 suerit,
900 3627 1031 3706 atille,
1060 3627 1117 3688 cui
1137 3627 1200 3690 insi
1228 3626 1272 3688 ia·

159 3724 210 3779 tus
229 3712 340 3787 fuerit,
362 3709 465 3770 lilium
482 3729 545 3770 nou
563 3706 743 3788 reliquerit,
766 3727 830 3768 non
848 3707 889 3767 sit
909 3708 966 3771 ille
985 3709 1095 3788 heres,
1119 3709 1162 3772 de
1177 3710 1272 3772 cuins

159 3798 264 3860 anima
286 3792 446 3868 tractavit,
466 3790 523 3852 sed
541 3789 596 3849 alii
618 3797 765 3870 parentes
780 3789 935 3870 prosimi;
953 3801 994 3853 'ct
1011 3791 1037 3852 ai
1059 3789 1141 3855 alios
1158 3811 1274 3878 paren·

160 3891 208 3942 tea
231 3876 393 3968 proximos
414 3893 478 3933 non
499 3871 659 3947 habuerit,
689 3880 768 3932 tunc
789 3871 837 3931 iili
862 3871 970 3936 Gurtis
985 3872 1089 3957 'Regia
1109 3877 1275 3942 succedat.

159 3967 209 4026 De
230 3961 335 4021 anima
353 3967 459 4016 autem
480 3953 568 4013 iilius
585 3953 764 4014 homicidae
784 3953 875 4015 sitin
896 3964 1058 4038 potestate·
1072 3958 1171 4039 Regis
1194 3957 1278 4020 indi·

112 4069 116 4074 ’
162 4065 234 4108 caro
253 4041 342 4124 quod
361 4037 412 4099 illi
432 4034 600 4120 placuerit.
629 4037 793 4117 desiero,
814 4059 894 4122 quas
909 4036 1071 4103 homicida
1088 4042 1277 4127 reliquerit,

233 4215 263 4285 d)
280 4211 390 4270 lietold.
410 4221 461 4264 aut
478 4207 627 4264 naturales.
