2648 4874
144 271 223 348 tro,
362 284 467 343 mers
484 287 775 350 wrsrcomonuu
792 291 857 356 ur,
877 295 913 347 n.
931 295 1004 351 mr.
1022 295 1046 353 1.

144 433 257 518 luerit,
280 438 336 492 aut
358 429 577 498 evacuandam
594 431 808 517 quandoque,
836 433 890 496 rel
911 433 1045 497 silenter
1069 435 1251 514 mussitans,

143 517 198 580 vel
236 522 343 596 aperte
377 514 538 579 retulinus
567 515 720 600 proloqui
745 516 892 578 detectus
920 516 1090 596 extiterit,
1127 518 1255 580 cunctis

142 598 308 662 Palatinae
332 594 498 677 dignitatis
526 609 560 661 et
584 598 773 678 consortiis,
800 608 833 660 et
855 599 968 661 officiis
999 620 1075 661 mox
1101 600 1253 680 nudatus,

143 681 289 742 omnium
314 699 423 739 rerum
446 701 576 741 suarum
596 680 762 746 dimidiam
781 679 903 764 partem
923 682 1055 758 amittat,
1084 691 1117 742 et
1139 682 1174 742 in
1200 684 1254 744 de·

141 773 253 848 putato
276 760 339 823 sibi
364 760 437 822 loeo
456 764 627 836 redactus,
652 765 786 826 atotius
809 765 925 831 Palatii
948 773 1074 825 maneat
1101 764 1252 827 societate

141 847 296 910 seclusus.
337 843 519 927 Religiosus
542 845 638 913 etiam
658 846 767 928 quise
789 845 823 907 in
846 848 959 908 eadem
980 848 1075 928 culpa
1097 847 1252 912 devolve·

141 929 201 1010 rit,
223 926 322 992 simili
344 947 455 989 rerum
473 928 679 1014 proprietatis
702 950 778 994 suae
802 929 973 1014 dispendio
994 930 1184 998 subiacebit.

398 1107 476 1179 th.
504 1133 578 1181 nov.
605 1133 721 1180 anuas.
741 1134 804 1181 aas.
824 1135 911 1180 aens.
931 1135 1000 1177 arx.

140 1260 191 1322 De
210 1260 261 1321 his
282 1259 339 1344 qui
361 1272 473 1322 contra
490 1261 691 1346 Principem,
713 1261 769 1322 vel
792 1273 932 1342 gentem,
967 1272 1022 1323 aut
1039 1261 1179 1347 patriam
1203 1281 1253 1324 re·

395 1342 543 1424 fugiunt,
572 1345 628 1404 cel
647 1344 818 1408 insolentes
842 1345 994 1408 existunt.
1285 1407 1288 1414 Δ

222 1424 361 1504 Quantis
382 1425 540 1486 hactenus
563 1426 745 1488 Gothorum
772 1426 876 1508 patria
908 1446 1062 1488 concussa
1091 1425 1134 1487 sit
1158 1424 1255 1488 eladi·

143 1507 204 1570 hus
213 1551 226 1580 ,
256 1507 452 1590 quantisque
479 1508 599 1590 iugiter
613 1509 777 1591 quatiatur
797 1506 934 1570 stimulis
956 1509 1188 1592 profugorum,
1218 1529 1254 1568 ac

143 1589 285 1651 nefanda
304 1589 454 1672 superbia
476 1589 674 1668 deditorum,
704 1613 746 1653 ex
773 1612 812 1653 eo
834 1612 939 1673 poene
963 1593 1090 1652 cunctis
1107 1599 1155 1653 est
1183 1611 1255 1673 cog·
1278 1621 1282 1630 ²

145 1673 270 1750 nitum,
309 1672 398 1754 quod
426 1681 458 1734 et
484 1674 605 1755 patriae
634 1673 886 1736 diminutionem
919 1673 1114 1750 ostendunt,
1145 1682 1177 1734 et
1195 1693 1254 1756 per

138 1753 224 1816 hanc
245 1753 448 1817 occasionem
466 1755 590 1838 potius,
610 1777 709 1839 quam
730 1756 1019 1839 expugnandorum
1037 1755 1180 1816 hostium
1201 1777 1255 1816 ex·

139 1847 308 1900 ternorum
334 1859 421 1897 arma
451 1859 577 1900 sumere
606 1859 701 1922 saepe
731 1838 966 1923 compellimur.
1015 1841 1057 1900 Ut
1088 1859 1165 1920 ergo
1189 1846 1254 1897 tam

139 1921 210 1984 dira
231 1919 391 1982 temeritas
411 1922 541 1982 tandem
554 1921 641 1984 victa
659 1922 827 2006 depereat,
849 1929 880 1982 et
898 1922 931 1981 iu
950 1920 1137 1985 huiusmodi
1155 1930 1257 1982 trans«

141 2003 339 2088 gressoribus
369 2004 539 2066 manifesta
564 2004 687 2066 scelera
712 2026 778 2066 nou
808 2004 1015 2087 reliquantur
1045 2003 1181 2065 ulterius
1205 2002 1254 2061 in-

139 2086 271 2171 punita,
304 2085 366 2148 hac
395 2107 490 2148 omne
517 2109 715 2170 peractum
742 2087 881 2149 valitura
910 2087 983 2170 lege
1011 2087 1188 2162 sancimus,
1217 2094 1255 2144 ut

140 2170 329 2252 quicunque
349 2189 390 2230 ex
406 2179 549 2252 tempore
569 2171 769 2232 reverendae
787 2168 958 2230 memoriae
970 2167 1255 2230 ChintilaniPrin-

140 2252 240 2334 cipis,
270 2251 430 2333 usquead
451 2273 573 2314 annum
586 2253 679 2336 regni
699 2254 802 2315 nostri
822 2255 892 2314 Deo
913 2253 1043 2314 favente
1062 2251 1253 2327 secundnm,

138 2337 218 2397 vela
233 2334 340 2408 modo,
359 2335 483 2395 etultra
500 2336 539 2396 ad
550 2336 716 2397 adversam
730 2345 857 2417 gentem
868 2335 921 2396 vel
934 2343 1118 2398 extraneam
1131 2344 1255 2416 partem

137 2416 283 2500 perrexit
300 2416 368 2476 sive
383 2418 585 2499 perrexerit,
605 2427 660 2478 aut
671 2419 769 2480 ctiam
780 2418 828 2479 ire
843 2418 964 2495 voluit,
986 2419 1040 2478 vel
1057 2418 1254 2498 quandoque

138 2499 298 2574 voluerit,
328 2505 366 2556 ut
391 2499 637 2562 sceleratissimo
665 2521 746 2562 ausu
777 2509 889 2562 contra
916 2508 1047 2584 gentem
1073 2499 1255 2562 Gothorum

138 2582 193 2646 vel
215 2581 350 2663 patriam
373 2591 503 2664 ageret,
531 2593 587 2644 aut
608 2584 741 2645 sortasse
766 2592 904 2645 conetur
921 2583 1124 2666 aliquatenus
1146 2604 1253 2665 agere,

139 2673 172 2726 et
191 2674 301 2745 captus
326 2662 395 2724 sive
416 2663 563 2736 detectus
584 2665 711 2745 estitit,
737 2667 788 2729 vel
817 2665 981 2742 extiterit,
1012 2687 1071 2726 seu
1099 2665 1140 2724 ah
1165 2687 1254 2726 anno
1317 2691 1320 2698 ·

137 2745 231 2828 regni
264 2744 367 2806 nostri
394 2746 501 2828 primo
525 2757 558 2809 et
587 2749 740 2833 deinceps
768 2748 927 2832 quispiam
966 2747 1050 2808 intra
1081 2747 1160 2808 fines
1195 2769 1254 2828 pa-

138 2830 220 2890 triae
256 2828 437 2892 Gothorum
462 2852 691 2914 quamcunque
727 2831 1006 2894 conturbationem
1035 2840 1090 2892 aut
1120 2831 1258 2892 scauda-

137 2913 207 2973 lum
223 2910 255 2969 in
268 2911 529 2974 contrarietatem
539 2915 632 2998 regni
645 2915 746 2976 nostri
768 2915 822 2976 vel
839 2914 942 2996 gentis
963 2915 1070 2974 facere
1094 2913 1255 2990 voluerit,

137 2994 204 3056 sive
229 3015 270 3054 ex
292 3001 437 3076 tempore
457 2997 559 3058 nostri
585 2996 753 3080 regiminis
776 2996 840 3058 tale
860 2994 985 3076 aliquid
1003 3017 1099 3076 agere
1117 2996 1178 3056 uel'
1193 2995 1258 3056 ‹lis-

136 3096 259 3161 poncre
288 3087 421 3139 conatus
445 3088 492 3140 est
513 3088 569 3139 ant
591 3080 707 3156 fuerit,
729 3089 846 3161 atque,
864 3070 953 3159 quod
974 3077 1144 3160 indignam
1165 3076 1265 3140 dictu,

137 3159 286 3236 videtur,
333 3159 367 3220 in
400 3183 515 3223 necem
545 3162 598 3223 vel
626 3161 840 3222 abiectionem
866 3170 1025 3238 nostram,
1049 3163 1115 3220 sive
1146 3160 1273 3220 subse-1

137 3241 311 3326 quentium
332 3263 467 3326 regum,
498 3244 668 3306 intendere
695 3244 748 3306 vel
778 3242 955 3304 intendisse
986 3243 1130 3324 proditus
1159 3242 1255 3301 ride-

139 3335 195 3386 tur
217 3345 284 3386 esse
305 3326 358 3386 vel
383 3327 498 3388 fuerit:
521 3327 639 3388 horum
663 3326 808 3387 omnium
833 3325 994 3393 scelerum
1016 3325 1069 3386 vel
1093 3324 1190 3386 unius
1213 3345 1256 3384 ex

138 3407 190 3469 his
219 3406 357 3490 quisque
380 3429 454 3471 reus
479 3410 647 3487 inventus,
685 3407 910 3469 irretractabili
928 3409 1088 3469 sententia
1116 3416 1256 3467 mortem

138 3489 295 3573 excipiat,
340 3512 400 3552 nee
445 3493 526 3572 ulla,
548 3494 578 3555 ei
609 3492 648 3553 de
671 3500 778 3552 cetero
815 3491 856 3552 sit
892 3488 1023 3552 vivendi
1057 3490 1184 3550 indulta
1209 3489 1255 3549 li·

137 3573 255 3638 bertas.
296 3573 340 3635 Et
366 3574 392 3635 si
416 3577 506 3636 nulla
526 3575 637 3636 mortis
655 3574 780 3636 ultione
800 3573 978 3656 plectatur,
1006 3581 1038 3633 et
1059 3572 1186 3653 pietatis
1204 3572 1254 3630 in-

137 3657 226 3716 tuitu
255 3679 272 3714 a
298 3655 445 3738 principe
474 3658 526 3721 illi
552 3658 653 3719 fuerit
681 3657 747 3720 rita
769 3677 936 3732 concessa,
959 3663 1014 3716 aut
1044 3655 1257 3716 effossionem

136 3739 281 3822 perferat
302 3739 490 3818 oculorum,
519 3741 701 3804 secundum
728 3738 818 3820 quod
842 3738 876 3798 in
901 3738 973 3820 lege
994 3737 1054 3798 hae
1083 3737 1256 3819 hucusque

139 3825 246 3884 fuerat
265 3822 494 3898 constitutum,
523 3832 577 3886 aut
601 3823 787 3884 decalvatus
811 3829 918 3882 tamen
944 3819 982 3886 C.
1002 3818 1130 3903 flagella
1149 3820 1256 3882 susci·-

137 3904 223 3988 piat‚
262 3913 293 3965 et
319 3905 380 3964 suh
408 3906 540 3966 arctiori
572 3907 625 3966 uel
649 3913 807 3987 perpetuo
847 3904 910 3966 erit
934 3903 1121 3984 religandus
1151 3903 1254 3964 exilio

137 4007 284 4071 poenae,
307 3997 339 4048 et
368 3987 501 4070 insuper
525 3987 617 4048 nullo
642 4009 784 4070 uuquam
809 3995 952 4068 tempore
975 3987 1015 4046 ad
1037 3984 1177 4047 Palatini
1201 3986 1255 4043 of-

77 4061 82 4072 ’
137 4070 204 4132 licii
232 4089 422 4132 reversurus
454 4081 500 4132 est
526 4069 730 4153 dignitatem
757 4069 814 4130 sed
835 4067 1121 4150 servnsPrincipis
1138 4069 1258 4144 factus,

139 4163 173 4215 et
185 4151 244 4214 sub
263 4163 420 4236 perpetua
444 4153 606 4216 servitutis
627 4151 764 4214 cathena
784 4151 817 4210 iu
842 4150 1003 4234 Principis
1031 4158 1186 4232 potestate
1203 4171 1258 4210 re-.

75 4301 81 4322 ,
138 4235 268 4316 dactus,
295 4245 425 4302 aeterna
447 4237 610 4300 tenebitur
629 4233 720 4300 exilii
743 4233 938 4322 religatione
970 4232 1152 4301 otiatura
1168 4253 1254 4320 quaa
