2648 4874
268 266 376 324 11111
395 267 687 324 111111ο11111111
712 267 844 326 11111.
864 269 936 326 111.
956 266 993 330 11
1111 245 1185 334 ros

69 411 223 496 probatur
249 427 412 481 eversum,
435 405 511 468 tiliis
538 416 768 488 postmortem
792 409 902 472 matris
923 409 963 471 de
988 412 1183 480 1111111111-

68 495 188 556 tatibus
210 492 372 552 sarciatm.
418 491 497 550 Post
523 489 645 550 obitum
669 511 747 551 vero
771 491 900 568 matris,
932 495 1056 575 portio,
1088 519 1187 582 quam

69 587 172 638 mater
197 580 384 660 acceperat,
408 572 449 633 ad
471 571 556 633 filios
584 573 763 654 aequaliter
785 584 982 648 revertatur3
1013 580 1089 660 quia
1118 601 1184 643 nou

69 666 206 744 possunt
229 656 268 717 de
298 665 431 738 paterna
451 655 630 740 hereditate
658 654 807 716 fraudari.
850 658 993 736 Quodsi
1019 674 1122 724 1111111
1144 667 1185 728 nd

70 743 148 803 alias
173 740 301 823 nuptias
327 740 408 799 forte
428 737 601 815 transierit,
624 758 663 798 ex
689 759 726 799 ea
749 738 801 799 die
820 741 1088 805 usufructuariam
1113 767 1182 827 por·

70 826 211 900 tionem,
237 841 333 903 quam
356 819 512 881 debonis
540 820 646 880 mariti
665 822 771 882 fuerat
795 833 986 903 consecuta,
1013 825 1073 886 lilii
1102 828 1186 890 iuter

71 908 212 1054 pleliqalpas
236 927 288 967 res
306 910 479 988 paternas,
511 902 631 985 quiex
655 923 694 964 eo
718 901 785 964 nati
814 915 889 968 sunt
918 908 1089 994 coniugio,
1111 911 1184 973 viu-

94 991 125 1052 ic
167 995 237 1050 unt.

482 1095 554 1158 XV.
616 1115 765 1171 11111111.

90 1215 139 1278 Ne
160 1232 248 1276 uxor
267 1211 328 1273 sibi
344 1191 488 1272 ¹vindicet
506 1206 598 1307 quod
620 1211 769 1306 maritum
797 1229 867 1272 cam
893 1212 995 1274 servis
1019 1215 1085 1278 etus
1106 1217 1161 1280 ad-

455 1312 589 1376 quisisse
611 1293 797 1354 constiterit.

153 1398 289 1462 Maritus
303 1395 336 1458 si
363 1418 437 1459 cum
461 1394 559 1457 servis
588 1394 698 1456 uxoris
723 1417 797 1458 suae
825 1396 951 1480 aliquid
979 1402 1178 1486 adquisieritl

71 1484 124 1548 vel
151 1482 187 1542 iu
218 1479 425 1564 expeditione
456 1478 581 1560 aliquid
615 1477 697 1538 lucri
734 1477 833 1540 fuerit
857 1496 1064 1564 consecutus,
1097 1487 1178 1565 nihi,

72 1567 192 1631 exinde
220 1584 302 1624 uxor
321 1584 340 1623 a
361 1561 430 1623 viro
458 1569 640 1644 praesumat
662 1569 825 1643 repetere,
851 1583 913 1624 neo
940 1566 1010 1649 ipso
1033 1569 1178 1646 vivente,

72 1672 134 1712 nec
163 1655 238 1732 post
262 1645 332 1707 eius
363 1644 507 1704 obitum:
542 1644 599 1706 sed
623 1643 674 1706 vir
700 1643 757 1726 qui
783 1665 915 1708 uxorem
941 1672 1030 1710 suam
1062 1672 1180 1712 secun-

72 1735 149 1796 dum
176 1751 297 1792 saoram
317 1726 504 1809 scripturam
527 1726 626 1787 habet
647 1726 681 1787 in
707 1735 884 1809 potestate,
913 1730 1063 1792 similiter
1087 1743 1119 1795 et
1144 1733 1178 1792 in

71 1815 172 1879 servis
195 1812 265 1874 eius
290 1819 483 1893 potestatem
502 1809 653 1886 habebit,
682 1819 715 1870 et
744 1811 852 1870 omnia
872 1833 954 1893 quae
977 1835 1049 1874 eum
1079 1817 1178 1878 servis

70 1897 180 1960 uxoris
201 1893 354 1957 suae'vel
384 1891 449 1953 suis
476 1891 510 1951 in
538 1891 742 1974 expeditione
759 1892 951 1976 acquisivit,
978 1895 1012 1954 in
1041 1918 1097 1958 sua
1117 1919 1178 1994 po-

69 1990 186 2042 testate
207 1974 436 2060 permaneant.¹
466 1978 528 2037 Pro
543 1976 658 2037 'eadem
677 1975 802 2035 scilicet
818 1975 959 2038 ratione:
975 1977 1049 2060 quia
1070 1980 1096 2040 si
1116 1980 1176 2062 ipsi

70 2063 174 2139 servi,
205 2063 281 2122 dum
306 2081 379 2120 cum
406 2056 537 2119 domino
562 2078 619 2119 suo
649 2057 683 2116 in
710 2058 915 2139 expeditione
942 2063 1178 2122 conversaban-

70 2155 143 2223 tur,
168 2141 293 2224 aliquid
316 2139 518 2202 admisissent
538 2140 622 2200 forte
648 2141 868 2224 dampnosum,
890 2141 947 2202 ille
968 2143 1023 2223 qui
1051 2165 1106 2204 eos
1125 2165 1177 2205 se-

71 2249 147 2290 cum
171 2225 307 2287 duxerat
318 2270 328 2302 ,
352 2233 385 2284 et
405 2222 436 2283 ei
458 2222 582 2305 aliquid
605 2225 750 2284 fecerant
770 2225 942 2318 augmenti,
962 2223 1030 2308 ipse
1056 2248 1114 2308 pro
1130 2226 1176 2288 eis

69 2321 103 2372 et
122 2329 313 2405 responsum
339 2307 468 2367 daturus
491 2313 596 2383 esset,
630 2316 663 2367 et
685 2305 958 2388 compositionem,
983 2307 1009 2368 si
1031 2309 1176 2391 culpabi-

68 2395 118 2454 les
138 2393 277 2452 furssent
296 2389 431 2450 inventi.
472 2387 566 2449 Unde
587 2388 671 2449 bene
694 2387 838 2467 iubetur,
860 2397 896 2449 ut
917 2383 1000 2450 sicut
1028 2391 1174 2472 lucrum,

67 2476 114 2537 ita
135 2483 168 2538 et
187 2476 363 2558 dampnum
383 2472 424 2533 ad
445 2492 478 2532 se
509 2470 658 2533 dominus
680 2469 805 2534 noverit
834 2473 1072 2555 pertinendum.

342 2609 430 2673 XVI.
494 2631 555 2671 rus.
598 2630 662 2672 ons.
704 2631 789 2671 nous.
831 2632 900 2673 nux.

86 2731 137 2792 De
158 2729 209 2790 tis
229 2745 308 2814 quae
328 2727 383 2788 cir
402 2737 433 2786 et
456 2745 543 2786 uxor
563 2724 597 2784 in
623 2721 767 2820 coniugio
788 2727 949 2790 constituti
970 2731 1153 2814 conquirere

565 2819 710 2872 otuermt.

149 2896 236 2955 Dum
271 2891 495 2972 cuiuscunque
526 2827 690 2970 dignitatis
720 2898 775 2949 aut
807 2889 1037 2954 mediocritatis
1067 2894 1173 2954 mariti

65 2999 206 3064 persona
220 2975 313 3036 uxori
327 2974 428 3036 fuerit
440 2971 594 3033 nobiliter
612 2981 708 3052 atque
730 2982 950 3058 competenter
966 2976 1127 3055 adiuncta,
1142 2987 1174 3038 et

66 3062 189 3146 pariter
208 3059 354 3119 viventes
376 3056 499 3138 aliquid
525 3056 818 3137 augmentaverint,
847 3059 900 3119 vel
922 3057 956 3117 in
978 3058 1173 3140 quibuscun-

67 3166 131 3226 que
152 3143 251 3203 rebus
282 3139 445 3222 quippiam
466 3137 649 3222 profligasse
670 3138 730 3198 visi
754 3138 897 3217 fuerint,
930 3150 1025 3222 atque
1055 3163 1172 3223 prove-

67 3228 136 3288 niat
156 3234 194 3285 ut
216 3245 301 3284 unus
323 3245 364 3284 ex
388 3223 440 3282 his
469 3220 596 3281 maioris
615 3218 663 3280 rei
691 3229 724 3281 et
748 3223 911 3284 facultatis
942 3222 1089 3284 dominus
1111 3225 1171 3284 sit:

67 3311 109 3370 de
132 3307 281 3370 omnibus
302 3306 499 3388 augmentis,
522 3313 576 3364 aut
594 3301 871 3386 profligationibus
892 3307 1012 3388 pariter
1033 3306 1172 3387 conqui-

65 3391 158 3467 sitis,
187 3398 308 3450 tantam
336 3398 460 3471 partem
479 3386 703 3468 unusquisque
736 3386 889 3464 obtineat,
921 3399 1072 3470 quantam
1101 3389 1170 3449 eius

65 3473 255 3536 facultatem
283 3471 395 3532 fuisse¹
419 3469 612 3531 omnimodis
643 3468 704 3530 sihi
733 3470 840 3530 dehita
870 3470 922 3531 vel
955 3471 1061 3532 habita
1095 3493 1171 3552 pos-

67 3556 166 3618 sessio
189 3553 378 3614 manifestat.
435 3554 484 3614 111
513 3562 550 3613 ut
576 3553 602 3612 si
634 3552 775 3633 aequalis
798 3553 1024 3614 ‘abundantiae
1048 3552 1170 3613 domini

66 3647 171 3716 sunt,
202 3658 260 3720 pro
286 3636 391 3719 parvis
425 3636 530 3697 rebus·
545 3634 761 3696 contentionis
791 3634 1069 3717 intemperantiam
1104 3659 1170 3697 non

66 3729 239 3784 assumant.
281 3718 366 3798 Quia
392 3717 522 3780 difficile
546 3727 610 3794 est,
639 3727 674 3778 ut
700 3717 734 3778 111
763 3725 850 3776 tanta
880 3719 1038 3800 aequitate
1067 3720 1173 3780 facul-

66 3813 113 3865 tas
135 3823 250 3865 eorum
270 3800 371 3885 possit
391 3799 541 3883 aequari,
565 3820 605 3860 ne
636 3799 670 3858 in
700 3809 898 3882 quocunque
930 3801 1077 3874 videatur
1106 3824 1171 3862 una

66 3907 137 3968 pars
158 3884 251 3947 alteri
273 3905 448 3966 superesse.
489 3884 568 3944 Nam
589 3881 616 3942 si
634 3881 801 3946 evidenter
820 3883 916 3944 unius
938 3885 1073 3944 facultas
1089 3885 1173 3947 alte-

66 3969 132 4030 rius
158 3967 403 4052 possibilitatem
424 3963 601 4048 transgredi
621 3964 785 4040 videatur,
816 3975 852 4026 ut
881 3967 1027 4048 superius
1049 3967 1171 4027 dietum

66 4061 131 4128 est,
160 4052 251 4112 iuxta
281 4049 493 4132 quantitatem
519 4048 644 4110 debitae
668 4046 877 4131 possessionis
904 4049 965 4110 erit
993 4060 1025 4110 et
1057 4049 1170 4111 divisio

67 4133 230 4215 portionis.
275 4135 381 4213 Quam
410 4131 471 4194 sibi
493 4141 565 4214 post
586 4130 840 4212 uniuscuiusque
869 4142 1003 4192 mortem
1024 4131 1170 4194 vindica-

67 4215 113 4278 bit
138 4237 278 4302 persone
309 4224 487 4300 superstes,
517 4223 550 4276 et
576 4223 631 4276 aut
653 4214 726 4276 filiis
746 4214 813 4276 suis
834 4223 888 4274 aut
908 4216 1046 4299 propriis
1067 4215 1170 4278 relin-

880 4331 927 4399 32
