2648 4874
274 302 379 358 Lssals
398 300 508 356 wrstn
521 301 698 356 emortus
716 303 780 355 snt.
800 300 850 357 111.
870 301 942 358 nr.
959 303 990 360 r.
1101 286 1180 361 aar

72 441 176 506 niendi
200 441 309 503 aditus
331 462 395 502 nou
417 448 609 523 praestetur.
652 439 748 518 Quod
770 439 796 502 ei
818 441 1010 524 contigerit,
1048 455 1085 506 ut
1105 465 1177 510 curn

71 527 188 588 domini
220 526 387 584 voluntate
423 521 617 583 adulterium
644 522 869 602 commisisset,
918 525 1091 606 adquirens
1121 553 1179 610 per

68 607 320 670 fornicationem
349 605 680 687 pecuniamudomino
712 627 793 677 suo,
826 617 858 668 et
885 628 925 668 ex
957 607 1019 669 hoc
1049 612 1178 692 publice

67 691 167 752 fuerit
193 689 384 764 convictus,
417 689 484 769 ipse
508 687 656 748 dominus
678 689 817 748 eundem
840 709 1009 750 numerum
1031 693 1179 775 flagello·

66 797 157 850 rum,
180 772 238 854 qui
260 771 409 852 superius
432 770 471 829 de
500 770 610 830 eadem
639 770 828 830 continetur
850 772 986 848 aneilla,
1018 777 1179 856 suscipiat.

67 854 229 916 Similiter
250 864 284 914 et
306 853 345 914 de
366 852 442 933 ipsis
464 849 679 933 praecipimus
700 853 874 931 custodiri,
907 875 990 935 quae
1012 879 1071 938 per
1092 857 1179 920 vicos

70 947 103 999 et
143 938 240 998 villas
273 935 308 994 in
338 930 488 995 adulterii
519 934 754 996 cousuetudine
794 936 917 997 fuerint
947 937 1178 1020 deprehensae.

66 1021 166 1098 Quod
183 1019 210 1080 si
221 1015 321 1078 iudex
337 1036 397 1099 per
413 1016 662 1098 negligentiam,
683 1025 739 1077 aut
754 1017 886 1080 fortasse
899 1019 1058 1081 beneficio
1074 1031 1180 1082 reteu·

65 1112 137 1180 tus,
168 1102 246 1161 talia
278 1099 356 1178 ¹vitia
385 1099 568 1181 requirere,
598 1106 654 1159 aut
686 1100 874 1178 contestari,
903 1102 955 1163 rel
986 1103 1179 1185 distringere

67 1182 231 1262 noluerit,
254 1205 272 1242 a
293 1180 418 1242 Comite
447 1180 585 1243 civitatis
609 1183 643 1246 C.
672 1181 798 1264 flagella
827 1183 995 1265 suscipiat,
1027 1195 1060 1248 et
1080 1187 1177 1251 XXX.

69 1267 185 1330 solidis
206 1264 321 1328 reddat
341 1263 389 1340 ei,
412 1263 466 1323 cui
491 1285 508 1323 a
530 1263 622 1325 nobis
643 1265 743 1325 suerit
762 1264 957 1328 ordinatum.

358 1377 486 1444 XVIII.
528 1401 780 1446 reumaticus.
821 1403 890 1442 unx.

229 1462 279 1523 De
304 1459 505 1522 immunditia
526 1461 721 1522 sacerdotnm
741 1473 772 1522 et
794 1465 1019 1526 ministrorum.

152 1545 239 1626 Quia
266 1553 386 1626 quanto
415 1543 513 1625 magis
541 1544 732 1605 munditiam
760 1544 864 1606 carnis
893 1567 980 1606 sacra
1008 1551 1179 1612 auctoritas
1285 1553 1288 1560 ’

70 1629 227 1712 imperat,
258 1636 348 1688 tanto
367 1625 451 1688 hanc
472 1635 620 1709 appetere
651 1625 750 1709 ipsius
777 1627 939 1689 ministros
969 1627 1039 1689 eius
1060 1631 1180 1693 clamor

67 1713 240 1774 informat:
271 1708 345 1769 ideo
375 1718 407 1770 et
429 1729 486 1769 nos
518 1729 638 1791 ponere
670 1709 767 1769 finem
799 1709 932 1771 inlicitis
958 1711 1087 1772 ausibus
1117 1714 1198 1776 rite'

68 1794 315 1877 compellimur,
349 1791 500 1873 quoniam
528 1800 560 1852 et
582 1789 643 1871 ipsi
671 1791 790 1854 divinis
822 1793 953 1854 nutibus
975 1791 1179 1858 devotissime

67 1880 199 1964 placere
222 1894 386 1939 conamur.
446 1874 549 1955 igitur
569 1893 797 1955 quemcunque
820 1875 913 1934 etiam
934 1874 1178 1957 presbyterum,

69 1962 243 2023 diaconum
270 1966 366 2035 atque
394 1957 649 2034 subdiaconum,
681 1958 751 2016 Deo
781 1965 873 2016 votae
900 1957 1036 2036 viduae,
1066 1962 1179 2040 poeni·

69 2041 169 2117 tenti,
193 2061 252 2100 scu
277 2039 459 2120 cuicunque
480 2037 620 2119 virgini,
644 2038 695 2098 rel
717 2037 926 2099 mulierculae
947 2042 1101 2119 seculari,
1125 2054 1181 2105 aut

69 2122 224 2205 coningio
255 2127 309 2180 aut
337 2121 496 2182 adulterio
525 2119 732 2181 commixtum
759 2141 825 2181 esse
854 2119 1096 2184 evidentissime
1121 2148 1180 2207 pa-

70 2205 189 2282 tuerit,
212 2225 288 2264 mox
301 2203 362 2263 hoc
382 2203 559 2286 Episcopus
580 2202 646 2262 sire
664 2202 782 2280 iudex,
805 2211 841 2262 ut
860 2203 1059 2284 repererint,
1082 2211 1179 2268 talem

72 2287 351 2358 commixtionem,
386 2287 584 2370 disrumpere
605 2307 668 2344 non
694 2284 868 2350 retardent.
908 2285 1049 2348 Reducto
1071 2301 1179 2350 autern

73 2374 132 2434 illo
170 2371 205 2428 in
248 2367 298 2430 sui
334 2367 498 2429 Pontificis
537 2376 745 2449 potestatem,
787 2367 847 2427 sub
869 2369 1099 2448 poenitentiae
1131 2373 1180 2432 la-

72 2461 181 2516 menta
210 2451 299 2510 iuxta
326 2471 431 2512 sacros
456 2453 603 2510 Canones
631 2450 810 2532 deputetur.
863 2451 968 2528 Quam
1002 2452 1179 2516 districtio·

72 2538 122 2599 nis
160 2534 382 2604 severitatem,
411 2533 438 2594 si
469 2532 662 2594 Pontificum
690 2544 797 2614 torpor
820 2529 954 2613 implere
985 2537 1177 2617 neglexerit,

72 2620 164 2682 idem
184 2617 334 2677 Pontifex
356 2616 434 2676 duas
463 2614 559 2675 libras
581 2613 650 2673 auri
678 2613 753 2674 fisco
774 2617 951 2694 persolvat,
976 2625 1007 2677 et
1034 2619 1178 2682 commis·

70 2722 146 2765 sum
168 2699 282 2758 malum
301 2697 465 2758 vindicare
488 2717 553 2756 nou
576 2696 708 2761 differat.
759 2698 855 2773 Quod
876 2697 901 2758 si
924 2700 1085 2782 corrigere
1114 2701 1176 2764 hoc

72 2781 273 2865 nequiverit,
301 2789 356 2840 aut
385 2779 560 2840 concilium
580 2779 737 2861 appellet,
774 2788 828 2838 aut
857 2779 952 2862 Regis
979 2780 1041 2842 hoc
1063 2783 1178 2844 auditi·

69 2867 131 2928 ltus
155 2864 296 2928 nunciet.
345 2861 497 2923 Mtdieres
527 2881 623 2938 vero,
654 2883 738 2942 quae
760 2859 825 2923 illis
857 2863 979 2923 fuerint
1004 2867 1176 2947 praedictis

70 2945 260 3010 immuditiis
290 2944 489 3026 implicatae,
522 2943 665 3004 centenis
688 2942 822 3024 flagellis
842 2965 861 3003 a
883 2944 1042 3008 iudicibus
1062 2949 1178 3010 verbe·

73 3039 206 3106 rentur,
242 3036 274 3088 ct
299 3025 527 3088 commiscendi
556 3046 588 3086 se
620 3024 684 3085 illis
706 3027 810 3087 aditus
831 3027 962 3088 omnino
984 3029 1176 3112 denegetur:

72 3120 195 3174 servata
223 3110 262 3169 ab
289 3110 455 3192 Episcopis
485 3110 589 3170 etiam·
608 3128 705 3185 super
731 3106 794 3168 hoc
828 3110 950 3170 scelere
979 3110 1012 3170 in
1038 3123 1176 3196 utroque

73 3216 151 3256 sexu
177 3202 305 3276 patrum
325 3192 503 3266 sententia,
536 3211 618 3274 quae
641 3192 808 3250 Canonum
830 3191 966 3253 decretis
994 3199 1177 3275 agnoscitur

70 3276 227 3338 ordinata.
268 3277 305 3334 Iu
319 3273 512 3335 ulciscendis
530 3283 635 3334 autem
649 3273 951 3336 talibnsscelerihus
972 3297 1036 3336 non
1061 3279 1177 3358 passim

70 3361 181 3420 damus
208 3357 379 3418 accusandi
401 3358 452 3418 rel
473 3355 631 3438 puniendi
649 3355 832 3433 licentiam,
868 3356 931 3416 nisi
949 3368 1004 3416 aut
1023 3361 1175 3422 manifes-

69 3443 109 3502 tis
133 3439 263 3500 indiciis
286 3440 430 3520 patuerit·
446 3439 569 3514 scelus,
599 3445 653 3497 aut
676 3437 818 3519 legitime
838 3439 937 3499 fuerit
956 3439 1093 3522 idipsum
1107 3465 1173 3502 ma·

69 3525 138 3584 lum
160 3530 342 3582 accusatum
364 3530 458 3602 atque
480 3520 681 3595 convictum,
710 3531 869 3601 quatenus
899 3521 989 3581 nulla
1010 3523 1178 3586 videamur

69 3605 253 3666 intentione
279 3604 331 3664 vel
362 3603 476 3664 ordine
496 3612 623 3684 patrum
649 3601 828 3682 transgredi
853 3612 1022 3685 praecepta
1046 3616 1175 3669 sancto·

68 3709 159 3766 rum,
195 3695 251 3746 aut
275 3685 404 3748 obviare
428 3685 669 3768 sacris-regulis
694 3685 909 3766 antiquorum.
1165 3711 1166 3716 ¹

69 3829 158 3898 Tru.
186 3827 233 3901 V·
273 3827 332 3896 De
356 3827 501 3898 incestis
526 3836 563 3894 et
587 3824 758 3917 apostatis
790 3832 896 3917 atque
929 3827 1172 3902 masculorum

477 3921 782 3998 concubitoribus.
1099 3937 1102 3942 '

383 4052 408 4122 Ι,
452 4075 512 4113 rus.
555 4073 619 4117 cns.
661 4073 747 4116 nens.
787 4072 856 4116 aar.
976 4113 977 4120 χ

291 4137 340 4200 De
363 4137 515 4215 coniugiis
534 4148 564 4196 et
588 4133 753 4194 adstiteriis
785 4136 952 4201 incestivis.

147 4219 266 4284 Nullus
294 4228 474 4304 praesumat
507 4217 546 4280 dc
584 4238 701 4300 genere
735 4217 832 4300 patris
865 4219 916 4282 vel
941 4205 1078 4300 matris,
1101 4223 1173 4284 v‚avi
