2684 4868
114 234 189 319 583
307 251 417 310 uenis
431 252 721 312 wtstcoruonun
739 256 806 314 cu.
824 261 901 313 vm.
918 257 992 318 nr.
1010 259 1061 316 111.

110 392 203 468 ‚horle
226 391 400 462 incisorem
420 393 521 457 fuerit
541 402 753 470 contestatus,
768 405 815 457 ‘et
841 406 960 479 postes,
972 400 1093 464 incisor
1113 403 1226 488 fuerit,

116 477 194 542 dum
215 475 350 554 incidit,
374 477 521 555 occisus,
543 494 627 540 mors
649 477 718 539 eius
740 477 928 544 nullatcnus
948 485 1141 565 requiratur.

544 621 601 686 IV.
642 644 791 700 unimus.

117 710 167 824 di,
174 694 344 846 grltlll¹15¹lc
349 698 446 823 liene
466 741 585 820 incisa,
612 741 679 804 sive
700 742 880 816 combusta,
902 742 1222 831 dampnosoncntict.

126 854 154 908 sl·
198 845 522 929 Sinde-bentevpucte
542 847 644 909 incise
665 849 723 926 sit,
747 859 802 911 eut
830 871 871 912 ex
901 852 1011 934 ulique
1038 863 1127 934 purte
1146 856 1222 939 ignis

114 931 367 1010 sonbmlngnct
392 930 452 990 illo
467 930 530 1012 ⁴qui
549 931 669 1012 ubsque
688 931 764 992 dolo
785 931 954 1011 incideret,
976 935 1028 997 vel
1049 932 1226 1000 incendent

116 1017 291 1095 conpellet,
315 1013 570 1073 &meremor
598 1013 766 1088 ceciderit,
796 1016 887 1076 nullu
904 1017 947 1077 ¹ci
976 1037 1038 1098 pro
1060 1020 1226 1102 mmpno,

115 1096 205 1180 qpssl
215 1095 434 1180 epmrninam
453 1095 575 1157 achoris
596 1097 717 1157 factum
738 1106 805 1176 est,
830 1099 991 1160 calumnia
1012 1111 1204 1164 mouentum·

353 1242 394 1311 V.
435 1264 575 1318 Arctous
604 1265 802 1320 uovrrruour
823 1267 998 1315 eneruem.

116 1361 167 1423 De
190 1361 279 1425 vinca
302 1360 403 1422 incisa
426 1358 475 1422 vel
495 1357 599 1420 evulsa
620 1359 684 1422 sive
701 1372 919 1440 concremata,
944 1375 1036 1446 atquc
1060 1361 1102 1424 de
1116 1362 1231 1448 frngi-

547 1443 604 1504 bus
625 1445 795 1527 usurpatis.

122 1584 170 1618 mn
200 1554 265 1633 Qui
286 1551 416 1616 cineam
438 1549 601 1630 inciderit,
623 1551 851 1631 eradicaverit,
873 1553 926 1617 vel
942 1553 1132 1620 ¹incenderit
1153 1554 1230 1618 ulie·

118 1636 339 1716 amputatio
356 1635 527 1698 -dcsertum
548 1633 756 1716 produxerit,
784 1635 863 1698 dues
884 1638 1026 1718 aequalis
1047 1637 1155 1699 meriti
1177 1639 1231 1701 vi·

120 1743 216 1798 nus,
250 1718 383 1781 domino
405 1715 475 1780 cius
498 1715 610 1778 vineoe
632 1717 807 1779 reformare
829 1729 978 1801 cogatur,
1006 1727 1042 1782 ct
1060 1730 1230 1802 praeterea

118 1804 268 1873 dominus
290 1801 406 1867 vineoe
436 1799 525 1860 illins
546 1798 690 1860 desertae
711 1798 796 1861 hanc
824 1802 865 1863 ad
887 1803 936 1863 ins
960 1823 1053 1864 suum
1074 1825 1231 1870 revocure

118 1884 343 1948 nnmtdubitst
399 1882 433 1946 Si
455 1903 533 1946 vero
553 1903 613 1964 per
634 1881 822 1945 violentiam
844 1884 951 1966 fruges
972 1885 1160 1968 collegerit,
1195 1897 1231 1950 et

116 1971 244 2051 frugem
267 1969 300 2028 in
330 1966 431 2047 duplo
459 1964 622 2043 restituet,
659 1974 693 2025 et
721 1965 883 2048 quidquid
911 1968 1043 2044 evertit,
1082 1969 1230 2033 redinte-

118 2072 209 2135 grare
230 2059 401 2132 procuret;
424 2048 467 2108 itu
483 2056 608 2124 tumen,
630 2056 667 2107 nt
688 2069 762 2109 cum
783 2059 980 2109 sacramento
997 2050 1228 2134 colligentium

116 2156 177 2220 per
197 2141 323 2215 tempus
345 2129 583 2194 vindemiarum
617 2130 747 2212 duplum
778 2130 876 2212 ipsius
898 2132 999 2214 frugis
1020 2133 1253 2215 compositio·⁸
1318 2187 1320 2192 .

117 2239 199 2289 nens,
213 2216 383 2289 sestituet„
427 2212 520 2276 Servi
550 2232 627 2274 sero
652 2213 722 2274 sine
751 2212 956 2275 dominorum
977 2214 1063 2276 iussn
1086 2216 1162 2276 tulin
1183 2217 1229 2279 ls-

118 2299 168 2359 cie
195 2307 241 2357 tes
262 2319 322 2386 per
342 2296 485 2378 singulas
505 2294 586 2357 vites
608 2295 730 2357 decena
750 2295 880 2378 flagella
902 2297 1026 2358 extensi
1054 2297 1227 2381 accipiant,

119 2321 428 2463 etlrlges'ttonino
446 2375 636 2442 restituent:
659 2387 714 2438 aut
734 2377 760 2439 si
783 2378 931 2440 dominus
954 2399 1146 2462 componere
1171 2374 1228 2442 noss

118 2453 217 2522 luerit
225 2459 394 2552 „persen
415 2460 496 2521 uites
513 2459 652 2521 solidum
664 2460 811 2528 reddunt.
854 2461 950 2540 Quod
966 2461 991 2523 si
1007 2461 1108 2524 maius
1121 2463 1230 2545 damp-

118 2537 200 2637 ipii'm‘
213 2535 377 2626 ¹c‘r'e'veiit',
399 2551 432 2604 et
453 2539 602 2625 dominus
624 2563 817 2628 componere
838 2543 1000 2626 noluerit,
1020 2565 1150 2610 serrum
1168 2555 1230 2607 tra-

119 2618 393 2727 turgescens:

549 2739 609 2808 VI.
650 2761 800 2818 urricus.

301 2871 304 2877 '
380 2859 419 2932 Si
436 2877 524 2954 repes
540 2857 701 2920 incidatur
718 2859 767 2920 vel
785 2857 982 2927 incendatur.

156 2945 160 2951 ’
203 2942 238 3005 si
257 2940 330 3024 quis
350 2962 411 3026 per
432 2941 565 3021 aliquod
581 2942 718 3023 spatium
737 2962 828 3024 sepes
852 2940 1052 3022 incenderit,
1072 2943 1125 3006 vel
1149 2942 1229 3005 inci·

120 3025 205 3088 derit
221 3018 357 3102 alienas,
392 3023 563 3085 simaioris
584 3023 646 3084 loci
663 3045 800 3105 persona
826 3033 892 3102 est,
922 3045 1014 3108 sepes
1032 3036 1174 3108 reperet,
1196 3033 1229 3086 et

119 3109 320 3192 prodtsmno
340 3105 521 3172 satisfaciat.
575 3107 608 3166 Si
639 3106 720 3187 qnid
748 3114 853 3166 tamen
883 3107 1012 3190 dampni
1034 3109 1165 3170 domino
1187 3108 1227 3168 dc

118 3190 457 3257 f1·ucti-bus.accidisse
486 3189 710 3270 cognoscitur,
750 3198 782 3250 et
811 3188 986 3270 dampnum
1014 3192 1116 3254 solvat
1146 3191 1232 3253 sicut

118 3274 279 3358 inspectio
300 3271 452 3335 hahuerit
472 3271 725 3348 aestimantium,
758 3281 789 3332 et
821 3280 985 3354 practerea
1018 3273 1131 3336 decem
1150 3273 1232 3336 soli-

120 3358 177 3422 dos
199 3357 321 3419 neddut
363 3353 427 3416 Sed
449 3355 543 3416 etde
566 3354 680 3415 eodem
701 3375 832 3435 campo,
854 3353 909 3436 qui
924 3356 1048 3417 fructus
1062 3357 1160 3416 habet
1177 3355 1232 3419 vel

118 3437 244 3515 habult,
266 3447 299 3502 et
320 3437 359 3497 de
381 3446 471 3517 prato
493 3435 560 3498 sive
583 3436 623 3498 dc
643 3437 797 3498 concluso
818 3437 858 3498 V,
881 3437 1000 3500 solidos
1018 3438 1234 3520 compellatur

120 3524 297 3592 exsolvere.
338 3521 388 3580 De
410 3540 449 3580 eo
469 3540 547 3580 vero
568 3540 691 3600 campo,
713 3519 747 3578 in
770 3541 835 3601 quo
857 3518 941 3580 nulli
964 3523 1088 3584 fructus
1102 3521 1235 3603 sepibus

120 3605 375 3679 claudebantur,
398 3623 521 3684 ,sepem
544 3602 765 3664 tantummodo
794 3604 970 3664 reformare
1004 3613 1147 3684 cogetur.
1196 3602 1233 3664 si

119 3711 206 3763 sero,
221 3678 285 3752 boc
310 3705 450 3766 persona
473 3684 611 3746 inferior
632 3685 764 3761 fecerit,
792 3685 896 3746 solrut
916 3685 1090 3769 dampnum
1113 3685 1154 3748 dc
1177 3706 1234 3748 ee·

120 3771 254 3842 stimulis
269 3767 449 3842 fructibus,
481 3788 519 3828 ac
542 3788 650 3848 sepem
673 3778 818 3848 reparet,
841 3777 873 3828 et
897 3771 933 3830 L.
955 3767 1082 3851 flagella
1101 3768 1233 3850 publice

120 3853 284 3936 suscipiet.
340 3851 439 3929 Quod
466 3849 493 3915 si
520 3870 630 3924 servus
657 3849 721 3910 hoc
752 3850 883 3911 domino
910 3852 1077 3913 nesciente
1100 3851 1235 3927 fecerit,

121 3937 349 4016 etvdsmpnutn
373 3934 498 4008 solret,
528 3941 559 3995 ct
594 3954 702 4015 sepem
725 3943 870 4014 reperet,
894 3943 928 3995 et
951 3943 1083 3999 centum
1106 3933 1235 4015 llsgella

120 4020 284 4100 sumpisse
321 4015 477 4096 Quodsi
500 4014 539 4078 de
561 4017 781 4084 cusn2luctum
809 4016 926 4094 fuerit,
962 4037 1070 4098 sepem
1096 4026 1237 4081 tentum-

121 4103 216 4163 modo
236 4103 405 4176 reformet,
435 4119 517 4180 quae
542 4097 653 4158 collisa
683 4107 739 4172 est.
783 4098 868 4180 Quia
895 4097 1018 4160 crimen
1041 4098 1236 4174 siderium}

120 4194 246 4272 potest,
273 4181 362 4270 qnod
383 4202 448 4244 nou
471 4188 519 4244 est
540 4201 581 4244 ex
604 4180 772 4246 voluntate
793 4181 1005 4246 commissum.
1093 4263 1094 4270 ἵ
