2632 4822
138 241 214 318 att
420 257 641 335 claremaus
669 259 793 316 moun
817 263 883 317 ns.
900 265 950 320 u.

134 419 215 468 nen,
240 399 317 472 quod
338 407 371 454 ta
395 395 553 452 adulterasti
568 397 683 452 Mariam
701 418 779 454 suam
799 419 918 456 uxorem.
954 404 1014 472 Ego
1038 403 1201 462 adultciari
1219 422 1261 480 per

135 481 214 528 tuasu
239 468 396 536 licentiam
422 467 599 539 autprobct,
626 478 675 523 sut
694 471 744 525 fiat
760 472 877 526 traditus
896 475 926 526 in
944 492 996 528 sua
1011 492 1112 527 manu.
1222 525 1225 532 ,

221 570 378 637 CXXXI.
408 569 618 649 (LXXVIII.)
650 571 684 631 Si
696 573 828 653 quisres
841 596 913 634 suas
926 575 1216 637 commendaverit
1228 578 1257 636 in

138 657 370 735 cuiuscumque
381 652 498 714 casade
508 653 689 714 conliberto
698 677 754 715 suo
763 656 866 717 libero
875 657 1022 735 homine,
1040 669 1076 718 et
1087 658 1257 741 contigerit

137 751 173 802 ut
187 738 361 802 adveniens
377 736 430 796 fur
443 736 525 818 ipsas
542 757 593 797 res
605 737 728 797 furatus
744 738 857 816 fuerit,
879 749 912 803 et
930 740 940 799 i
965 762 1000 800 se
1018 740 1054 800 in
1074 742 1169 801 cuius
1193 764 1256 803 casa

136 845 189 885 res
211 822 296 904 ipsae
307 821 457 896 fuerunt,
478 817 664 893 reddiderit,
676 829 736 879 aut
760 821 787 882 si
802 842 866 881 non
890 844 926 883 re
953 823 1099 901 diderit,
1122 824 1254 886 reddere

133 915 241 966 tamen
277 903 391 964 debete
421 922 479 962 nos
510 899 553 960 ita
579 901 744 962 statuimus
774 911 807 964 et
828 904 1026 983 diffinimus,
1069 916 1109 968 ut
1131 907 1190 988 qui
1210 928 1254 969 res

134 986 255 1048 alienas
276 984 514 1046 commendatas
536 984 728 1066 susceperit,
751 995 783 1046 et
804 1007 856 1046 eas
877 987 1081 1069 perdiderit,
1113 990 1254 1052 restituat

135 1070 167 1132 ei
185 1069 278 1152 ipsas,
301 1067 392 1128 cuius
413 1069 562 1138 fuerunt;
582 1075 615 1127 et
633 1075 742 1147 postea
763 1070 885 1129 furtum
905 1070 1010 1153 ipsum
1032 1071 1063 1131 si
1087 1073 1253 1134 inventum

132 1154 249 1230 fuerit,
282 1149 313 1212 ei
336 1157 508 1231 componat
528 1149 595 1230 ipse
615 1151 686 1228 fur,
722 1151 761 1222 de
784 1153 876 1212 cuius
899 1174 971 1212 casa
1003 1153 1098 1235 ipsas
1126 1173 1181 1214 res
1204 1177 1252 1216 sa-

131 1236 260 1318 puerit,
296 1241 350 1294 aut
377 1233 499 1292 furatus
527 1231 634 1297 fuerit.
693 1232 792 1312 Quod
819 1235 893 1295 ideo
923 1235 969 1294 sic
999 1236 1251 1320 prospeximus,
1302 1237 1303 1242 ’

134 1317 288 1400 quoniam
310 1316 337 1376 si
359 1314 416 1375 ille
441 1323 612 1396 componat
630 1316 753 1376 furtum
781 1317 857 1398 ipsi,
896 1317 989 1379 cuius
1019 1339 1078 1380 res
1110 1321 1250 1398 fuerunt,

131 1411 241 1484 postea
265 1399 322 1461 ille
345 1396 435 1458 cuius
457 1418 560 1458 casam
580 1398 683 1478 rupit,
718 1407 884 1481 quaereret
914 1399 945 1460 ei
966 1411 1144 1482 rupturam
1166 1425 1249 1474 casae
1301 1427 1303 1472 ξ

133 1505 228 1562 suae,
264 1492 297 1544 et
324 1501 390 1541 uon
418 1501 586 1562 possumus
608 1480 641 1537 in
662 1501 727 1539 una
749 1503 858 1543 caussa
881 1483 958 1542 duas
982 1484 1173 1546 calumnias
1194 1486 1251 1546 im·
1301 1477 1303 1536 i

131 1575 255 1651 putare.
297 1563 441 1644 Ideoque
470 1563 517 1624 sic
546 1561 637 1624 nobis
658 1562 777 1624 iustum
798 1564 900 1625 visum
922 1573 992 1644 est,
1025 1577 1066 1628 ut
1089 1569 1169 1645 ille,
1198 1570 1249 1650 qui
1301 1559 1303 1568 '

133 1671 206 1710 suas
226 1669 277 1708 res
299 1644 552 1720 commendavit,
585 1644 718 1727 recipiat
738 1667 792 1707 eas
813 1649 851 1708 ab
873 1648 959 1731 ipso,
995 1648 1036 1710 de
1063 1651 1161 1711 cuius
1184 1673 1249 1712 casa

130 1731 315 1829 perierunt:
348 1736 380 1788 et
410 1729 476 1810 ipse
511 1729 550 1790 de
582 1727 671 1787 cuius
694 1749 765 1788 casa
785 1729 889 1812 ipsum
908 1733 1031 1792 furtum
1056 1733 1180 1809 exivit,
1213 1737 1248 1795 als

131 1835 200 1897 spso
231 1813 347 1872 farone
375 1819 507 1892 quaerat
534 1810 800 1892 compositionem
828 1815 983 1874 et'tollat
1004 1815 1095 1876 sicut
1117 1815 1175 1876 lex
1196 1827 1247 1878 est.

130 1897 172 1959 Et
194 1896 262 1977 ipsc
291 1897 361 1970 fur,
390 1893 468 1953 licet
489 1895 674 1954 malefactor
696 1893 752 1972 sit,
780 1915 846 1956 non
867 1895 984 1958 habeat
1005 1898 1047 1959 de
1072 1919 1142 1958 una
1165 1920 1249 1960 caus·

131 2000 166 2042 sa
189 1978 266 2039 duas
288 1976 473 2037 calumnias.
535 1978 575 2036 ll.
597 1999 645 2058 27.
672 1998 696 2036 1.

197 2078 276 2113 roan.
313 2061 390 2111 Petro
421 2068 450 2111 te
480 2059 601 2130 appellat
632 2059 783 2122 Martinus,
830 2060 905 2128 quod
935 2059 997 2130 ipse
1029 2061 1166 2132 deposuit
1197 2063 1245 2118 tibi

127 2138 207 2185 tanta
224 2148 274 2182 sua
291 2129 420 2191 mobilia,
439 2147 510 2198 quae
529 2129 658 2182 valebant
674 2129 775 2180 solidos
792 2128 849 2193 XXs
884 2133 961 2184 Petra
979 2141 1008 2184 te
1032 2134 1163 2202 appellat
1179 2135 1245 2185 Mar-

129 2201 221 2263 tinus,
258 2201 333 2271 quod
357 2199 522 2268 ipse.habet
545 2209 645 2252 certam
665 2200 882 2268 suspectionem,
918 2201 994 2270 quod
1017 2207 1053 2254 tu
1080 2204 1175 2258 tulisti
1197 2203 1245 2256 sibi

129 2271 165 2324 ad
189 2271 291 2323 furtum
315 2279 393 2324 tanta
413 2269 542 2334 mobilia,
571 2285 643 2340 quae
660 2269 791 2323 valebant
806 2270 906 2321 solidos
924 2271 980 2323 XX.

159 2373 210 2434 De
232 2372 349 2432 ancilla
370 2371 611 2513 alterius'plucssi
630 2391 719 2432 servo
740 2382 795 2430 aut
812 2371 945 2432 Aldiom'
965 2392 1022 2434 suo
1039 2349 1210 2456 'copulatu
1222 2385 1227 2402 ²

211 2451 383 2516 CXXXII.
428 2453 501 2531 (LX
550 2453 609 2526 X.)
651 2452 686 2512 si
723 2453 795 2534 quis
831 2453 1058 2515 fraudulenter
1091 2455 1241 2516 ancillam

130 2535 271 2596 alienam
291 2535 419 2613 tulerit,
442 2534 627 2610 etdixerit,
657 2535 745 2614 quod
766 2556 836 2595 eam
857 2557 965 2596 servus
986 2546 1041 2597 aut
1064 2537 1175 2598 aldius
1196 2539 1242 2620 ip-

127 2617 193 2680 sius
213 2615 339 2678 tulisset
358 2618 398 2678 ad
419 2637 570 2693 uxorem,
593 2626 625 2676 et
656 2627 767 2698 postea
792 2617 907 2678 veritas
929 2618 1104 2680 clarefacta
1132 2621 1241 2696 fuerit,

127 2700 217 2781 quod
238 2720 304 2759 non
327 2721 397 2760 eam
419 2700 485 2781 ipse
507 2720 635 2773 servus,
667 2708 721 2759 aut
747 2699 850 2762 aldius
877 2701 1023 2777 tulisset,
1061 2710 1147 2762 tuuc
1175 2703 1241 2785 pri-

126 2804 214 2844 mum
235 2781 379 2840 omnium
398 2782 513 2842 reddat
533 2782 636 2863 ipsum
656 2780 868 2866 mancipium,
892 2783 982 2844 cuius
1003 2784 1126 2862 fuerit,
1151 2795 1184 2846 el
1204 2786 1241 2846 sit

127 2865 197 2927 eius
219 2863 354 2940 ancilla,
389 2863 479 2924 cuius
509 2871 601 2922 antea
629 2862 705 2923 fuit:
740 2874 772 2925 ct
793 2864 868 2941 ille,
902 2865 960 2946 qui
981 2865 1070 2928 hanc
1092 2867 1239 2929 fraudem

126 2951 234 3011 facere
262 2945 504 3028 praesumserit,
537 2945 591 3005 det
618 2943 750 3027 insuper
770 2946 865 3008 aliam
885 2949 982 3010 talem
1004 2949 1167 3010 ancillam
1187 2959 1239 3010 aut

125 3029 242 3092 aldium
264 3028 373 3090 eidem·
389 3027 533 3106 homini,
556 3026 609 3088 cui
629 3028 775 3088 fraudem
795 3029 927 3110 fecerit,
950 3040 983 3093 et
1002 3032 1120 3092 reddat
1143 3054 1237 3115 opera

126 3114 166 3175 de
201 3113 268 3195 ipsa
298 3109 434 3189 ancilia,
473 3131 570 3191 quam
598 3109 821 3178 fraudulenter
848 3113 942 3194 tulit,
980 3115 1140 3196 quamdiu
1170 3137 1237 3177 eam

126 3195 212 3281 apud
233 3216 266 3255 sc
287 3193 444 3260 hahuerit.
508 3195 548 3252 11.
575 3214 619 3252 12.
640 3192 670 3254 8.
758 3204 768 3212 “

191 3295 273 3330 roan.
308 3279 386 3329 Petre
410 3285 440 3328 te
465 3275 586 3346 appellat
609 3273 759 3340 Martinus,
785 3275 859 3348 quod
876 3286 907 3330 tu
922 3278 1010 3332 tulisti
1023 3278 1141 3330 Mariam
1162 3295 1236 3332 suam

126 3348 274 3410 ancillam,
302 3355 350 3398 aut
372 3346 473 3398 aldium
495 3363 543 3428 per
564 3343 702 3408 liaudcm,
730 3346 848 3400 dicendo
875 3348 949 3420 quod
970 3349 1150 3401 Marcoardus
1173 3357 1236 3400 tuus

125 3419 232 3481 aldius,
259 3426 308 3470 aut
321 3433 429 3477 servus,
451 3416 559 3469 tulisset
577 3431 635 3466 cam
657 3415 692 3466 ad
711 3433 840 3483 uxorem3
868 3427 896 3470 et
910 3418 1031 3487 perdidit
1047 3428 1157 3472 tantam
1174 3435 1238 3488 ope·

125 3506 199 3550 ram,
226 3505 297 3557 quae
311 3486 399 3540 valuit
412 3487 444 3541 V.
463 3486 512 3538 sol.
548 3481 703 3556 Approbet,
729 3487 879 3539 secundum
896 3489 1044 3558 quosdam,
1071 3487 1235 3560 appellator,

124 3561 148 3612 si
170 3567 267 3629 potest.
303 3556 332 3608 Si
348 3574 418 3624 non,
443 3556 556 3609 idoncet
573 3574 601 3610 se
618 3554 779 3623 appellatus.
816 3557 927 3611 sivero
945 3575 1001 3609 non
1017 3558 1157 3628 potuerit,
1177 3560 1237 3611 red-

126 3630 175 3684 dat
191 3629 287 3699 ipsam,
306 3635 336 3681 et
352 3637 498 3698 componat
515 3626 595 3679 aliam
613 3625 697 3679 talem
714 3625 794 3680 simul
813 3643 875 3680 cum
893 3628 991 3696 operis,
1011 3631 1236 3700 quadeuapud

124 3716 154 3754 se
172 3699 279 3752 habuit.

211 3787 404 3856 CXXXIII.
446 3788 606 3866 (LXXX.)
660 3785 693 3848 Si
727 3786 799 3869 quis
825 3787 910 3849 liber
936 3786 1035 3850 horno
1064 3789 1101 3850 in
1131 3813 1237 3854 casam

127 3876 257 3940 alterius
278 3874 444 3934 introieret
464 3871 505 3931 ad
525 3869 740 3945 residendum,
764 3869 841 3930 etei
863 3890 996 3931 censum
1016 3873 1237 3954 reddendum,

104 4013 106 4018 .
128 3971 160 4023 et
180 3967 290 4042 postca
310 3954 433 4037 aliquid
451 3951 564 4015 emerit
583 3952 621 4013 de
641 3950 707 4011 illis
722 3951 835 4030 rebus,
857 3973 936 4033 quas
956 3975 1066 4014 secum
1086 3957 1237 4019 adduxe-

42 4059 45 4063 '
127 4046 187 4121 rit,
209 4039 338 4124 quaudo
359 4038 393 4096 in
415 4037 515 4119 ipsam
539 4056 642 4097 casam
662 4032 819 4096 introivit:
849 4042 904 4093 aut
923 4035 1057 4096 forsitan
1080 4037 1238 4103 habuerit

102 4120 105 4129 “
126 4148 178 4188 res
191 4126 230 4186 de
244 4119 379 4182 muliere
400 4141 472 4196 sua,
495 4127 527 4179 et
541 4117 657 4178 exinde
673 4115 806 4193 emerit,
829 4117 921 4178 etsie
936 4119 1108 4199 probatum
1116 4123 1220 4186 fuerit

125 4219 205 4273 tunc
220 4207 324 4293 ipsum
341 4200 505 4287 negotium
521 4199 657 4264 dimittat
679 4199 712 4260 in
739 4197 806 4281 ipsa
829 4219 916 4278 casa,
947 4210 978 4263 et
1001 4203 1142 4287 recipiat
1157 4227 1236 4290 pre-
