2640 4838
117 260 194 349 726
493 285 661 344 emerunt
699 285 876 341 aorrrams

118 429 287 496 vindicare
309 451 374 492 non
398 427 557 511 potuerit,
585 426 840 511 quanticumque
861 428 926 512 sint
947 427 1009 488 filii
1031 427 1153 516 ipsius,
1185 454 1244 515 per
1317 469 1318 472 =

118 529 214 578 'suum
235 511 442 596 dispendium
463 520 638 594 comparet,
662 521 693 572 et
713 513 845 594 proprio
868 511 1000 577 domiuo
1015 515 1143 590 reddat,
1167 536 1242 596 qna·

119 597 294 660 renuerint
317 602 448 656 matrem
470 603 658 676 sequantur.
706 593 749 654 Et
777 594 804 658 si
833 606 944 655 auctor
971 609 1121 664 mortuns
1145 599 1242 660 fuerit

118 682 189 744 sine
209 679 383 742 heredibus
405 677 575 758 legitimis,
605 687 638 736 et
655 677 790 738 facultas
813 677 913 758 ipsius
932 683 1076 743 auctoris
1095 683 1137 744 ad
1156 681 1241 742 Cur-

119 774 185 826 tem
200 763 285 844 regis
305 761 470 836 ceciderit,
495 760 585 819 nulla
600 761 642 819 sit
659 759 828 842 repetitio:
850 762 895 822 sic
914 770 1034 841 tamen,
1057 774 1095 824 nt
1114 766 1173 825 det
1193 787 1241 824 sa-

119 855 331 923 cramentnm,
354 843 442 926 quod
462 842 501 901 ab
520 842 577 902 illo
597 854 828 926 comparasset,
860 844 951 906 cuius
971 864 1025 908 res
1046 848 1088 908 ad
1107 849 1240 909 Curtem

118 930 216 1013 Regis
232 927 430 990 ceciderunt.
495 925 606 990 11.56.
635 947 658 990 r.

188 1028 271 1064 roan.
308 1011 389 1064 Petro
406 1017 435 1060 tc
455 1026 487 1078 ap
509 1009 577 1060 ellat
594 1007 745 1074 Martinus,
774 1007 850 1082 quod
875 1017 906 1063 tu
929 1017 1009 1064 tenes
1035 1009 1090 1064 sibi
1108 1009 1181 1064 malo
1199 1029 1239 1064 or·

119 1080 183 1134 dine
201 1081 314 1134 Mariam
331 1096 407 1130 suam
426 1027 563 1130 ancillans.

189 1152 233 1206 lta
250 1152 285 1204 sit
304 1149 452 1220 appellatio
470 1148 634 1270 pacandum
653 1148 750 1206 asinos.
787 1147 841 1200 Sed
860 1147 900 1201 ita
920 1165 977 1202 esse
997 1147 1103 1221 debet).

189 1225 269 1276 Petro
286 1229 315 1272 te
333 1219 455 1288 appellat
489 1236 601 1280 oannes,
629 1218 703 1288 quod
723 1221 790 1270 baec
810 1237 859 1272 sna
878 1229 917 1273 est
937 1220 1055 1284 ancilla,
1084 1227 1113 1272 et
1130 1225 1162 1273 tn
1183 1239 1239 1274 eam

118 1290 170 1346 sibi
190 1291 349 1346 contendis:
367 1287 451 1358 (sacta
468 1288 542 1358 prius
560 1288 669 1342 actione
687 1289 722 1342 ad
740 1287 943 1358 exhibendum).
963 1291 1024 1342 b'on
1042 1289 1129 1343 debes
1147 1291 1239 1345 adver-

119 1383 164 1415 sus
189 1381 233 1414 me
259 1359 407 1432 placitare,
432 1359 498 1430 quia
523 1376 571 1426 ego
592 1359 742 1428 comparavi
760 1359 844 1430 ipsam
865 1359 995 1412 ancillam
1014 1359 1049 1412 de
1068 1363 1237 1414 Marcoardo.

118 1435 162 1486 Da
180 1433 260 1486 variis
278 1433 312 1482 de
331 1439 450 1482 auctore.
487 1429 555 1482 Nam
572 1428 594 1480 si
614 1429 685 1481 actio
707 1427 735 1480 in
753 1447 809 1480 rem
827 1431 918 1491 fuerit,
939 1437 965 1480 ct
983 1431 1127 1500 possidens
1147 1444 1239 1484 aucto-

119 1521 174 1555 rem
195 1501 330 1560 babuerit,
356 1518 412 1552 non
429 1510 572 1552 exercetur
589 1515 620 1549 ea
640 1500 712 1551 actio
732 1507 826 1551 contra
844 1509 989 1553 auctorem.
1034 1501 1068 1554 Et
1086 1503 1239 1554 secundnm

119 1581 224 1628 veteres
250 1573 285 1624 sit
307 1570 376 1633 hoc,
408 1587 476 1640 quos
502 1569 548 1622 hic
576 1567 715 1637 sequitnr3
745 1569 810 1640 quia
836 1570 1044 1638 Langobar-dus,
1059 1589 1168 1642 semper
1193 1573 1238 1623 dat

121 1655 276 1706 auctorem,
305 1650 333 1692 et
357 1649 498 1710 nunquam
528 1647 582 1691 stat
606 1640 668 1691 loco
697 1641 827 1692 auctoris.
856 1650 885 1693 at
912 1643 1045 1692 Romanus
1063 1660 1170 1711 semper
1188 1651 1238 1695 stat

119 1714 183 1766 loco
202 1712 335 1774 auctoris,
363 1719 391 1762 et
414 1727 556 1780 nunquam
580 1709 627 1760 dat
653 1718 798 1761 auctorem.
834 1711 988 1763 vendidisti
1015 1718 1047 1762 tu
1066 1711 1135 1762 mibi
1154 1713 1237 1783 ipsam

120 1781 271 1835 ancillam?
298 1781 357 1832 Non
374 1780 435 1832 leci.
471 1783 527 1832 aut
543 1779 641 1850 probet
660 1781 733 1850 qarod
751 1779 802 1831 sibi
819 1779 960 1842 vendidit,
988 1789 1035 1831 aut
1060 1781 1169 1833 bellum
1195 1781 1241 1832 arl-

121 1853 209 1906 ordint
237 1854 271 1904 de
298 1851 428 1912 terciata,
458 1859 506 1903 aut
530 1849 627 1919 perdat
643 1851 727 1919 ipsam
745 1850 882 1902 ancillam.
928 1850 955 1902 Si
974 1851 1087 1903 dixerit:
1115 1851 1170 1920 Ego
1189 1851 1238 1905 tihi

120 1923 242 1986 vendidi,
264 1930 291 1974 et
310 1921 360 1972 tibi
378 1922 441 1974 volo
459 1929 529 1971 stare
546 1920 574 1970 in
593 1930 748 1972 auctorem:
768 1922 815 1972 det
831 1921 921 1980 avarita,
942 1922 1016 1990 quod
1035 1929 1090 1973 stet
1102 1921 1131 1972 in
1146 1934 1240 1974 aucto-

119 1993 237 2046 ritatem.
275 1991 349 2062 Quid
367 1991 416 2045 tibi
434 1989 578 2061 pertinet?
597 1991 659 2058 Ipsa
677 1991 729 2042 fait
746 1999 811 2042 nata
829 1991 864 2042 de
883 2009 943 2042 nica
962 1991 1079 2052 ancilla,
1111 2001 1139 2043 et
1157 2002 1241 2044 mater

120 2064 188 2118 mihi
212 2061 344 2134 pertinuit
371 2062 405 2112 de
429 2069 505 2131 parte
523 2061 575 2112 mei
594 2061 684 2130 patris.
729 2061 763 2111 Et
781 2060 848 2130 qnid
867 2061 936 2126 ego?
961 2061 1029 2133 quid
1047 2079 1124 2113 meus
1143 2061 1242 2132 pater?

122 2135 189 2204 quid
213 2137 264 2186 ista
290 2131 400 2183 Maria?
426 2129 499 2202 Quid
524 2139 635 2182 niatrem
661 2129 742 2182 eius?
767 2129 835 2200 quid
860 2131 931 2200 iste,
956 2131 1003 2184 cui
1024 2129 1161 2184 vendidi?
1194 2150 1240 2204 per

120 2206 203 2258 XXX.
222 2220 306 2254 annos
324 2201 455 2254 habemus
474 2218 628 2272 possessam.
667 2201 719 2252 Sed
739 2198 809 2252 baec
827 2199 964 2270 responsio
981 2201 1087 2268 inutilis
1107 2212 1163 2268 est3
1193 2203 1241 2254 dc·

121 2275 170 2326 bet
188 2275 260 2325 enim
277 2273 317 2324 ita
337 2290 410 2324 csse:
438 2273 526 2332 Nolo,
554 2288 607 2324 nec
625 2269 712 2322 debeo
730 2269 781 2321 tibi
799 2274 978 2340 respondere,
1007 2272 1071 2344 quia
1096 2273 1168 2323 inter
1185 2291 1238 2337 rrae,

122 2355 149 2396 et
166 2354 270 2413 patrem
289 2361 390 2404 mcum,
410 2349 438 2394 ct
452 2339 537 2408 bunc,
559 2341 603 2393 cui
620 2342 740 2398 vendidi.
760 2358 807 2410 per
820 2340 901 2394 XXX,
921 2360 1005 2394 annos
1024 2345 1173 2412 possessam
1191 2343 1240 2393 ha-

121 2413 234 2466 hemus:
252 2423 345 2466 tuanen
363 2411 513 2465 secundum
531 2412 670 2482 quosdam.
707 2413 785 2462 Potes
800 2411 916 2530 probare
934 2421 1010 2464 tuam
1024 2411 1239 2484 possessionem?

121 2485 182 2538 Non
197 2501 313 2552 possum.
350 2483 384 2535 Et
398 2491 430 2534 tu
447 2492 523 2554 potes
537 2481 661 2552 probare,
680 2482 755 2551 quod
767 2479 795 2531 in
809 2502 837 2533 ra
851 2485 916 2534 istos
932 2481 1012 2534 XXX.
1028 2503 1113 2535 annos
1130 2485 1240 2535 investi-

120 2562 165 2605 tus
181 2551 295 2604 fuisses?
314 2552 373 2604 Non
390 2570 506 2622 possum.
545 2553 608 2605 lura
622 2560 697 2603 tuam
716 2553 918 2622 possessionem.
956 2553 1010 2604 Sed
1025 2554 1178 2607 secundum
1194 2569 1241 2605 va-

120 2621 209 2676 lentes
225 2641 280 2673 non
305 2621 340 2675 sit
356 2622 480 2692 probatio
500 2641 552 2676 nec
568 2623 649 2683 binc,
676 2621 824 2688 nechinc,
856 2623 1029 2686 scdtcnens,
1059 2624 1080 2674 si
1102 2621 1240 2675 dubitatio

121 2693 259 2754 emerserit
278 2691 311 2742 de
329 2692 512 2762 possessione,
537 2691 609 2744 iuret
629 2693 710 2744 solus.
758 2694 785 2744 Si
811 2691 925 2745 dixerit:
954 2693 1015 2746 Non
1034 2711 1145 2764 possum
1165 2703 1239 2747 stare

121 2761 173 2814 tibi
190 2761 218 2812 in
236 2770 389 2826 auctorcm;
408 2761 479 2814 iuret
497 2769 525 2814 ct
541 2762 625 2815 faciat
636 2762 707 2814 sicut
721 2762 769 2814 lex
788 2763 967 2815 commendat.
1008 2791 1011 2795 ⁴

190 2831 268 2882 Patre
282 2839 310 2882 te
325 2831 448 2900 appellat
463 2833 605 2892 Martinus,
626 2832 701 2900 quod
719 2841 750 2884 tu
766 2841 843 2884 tenes
860 2833 911 2884 sibi
929 2834 999 2884 malo
1014 2833 1107 2884 ordine
1121 2833 1240 2885 Mariam

121 2918 196 2952 suam
214 2899 358 2952 arrcillam:
384 2902 429 2956 rel
449 2901 505 2953 ita:
533 2901 691 2970 quodhaec
707 2920 755 2953 sua
775 2912 816 2954 est
832 2904 942 2955 ancilla.
978 2902 1035 2954 Non
1059 2901 1143 2952 deb'es
1164 2904 1237 2954 milri

119 2979 251 3040 mpetum,
270 2987 322 3022 nec
338 2987 416 3034 agere
434 2971 566 3024 adversus·
577 2991 636 3036 me,
657 2971 721 3041 quia
737 2989 786 3038 ego
802 2973 952 3042 comparavi
972 2971 1004 3024 de
1021 2971 1162 3033 lobanne,
1185 2974 1238 3038 qui

121 3051 163 3093 cst
177 3049 297 3092 mortuus
313 3041 372 3092 sine
386 3039 548 3100 heredibus,
577 3052 604 3094 et
626 3043 703 3095 cuius
722 3042 837 3094 facrrltas
857 3045 890 3094 ad
909 3053 1008 3097 cortem
1028 3042 1104 3107 aegis
1121 3042 1237 3094 cecidit.

121 3113 156 3162 Et
172 3111 211 3162 ita
227 3113 307 3163 iuret.
345 3110 374 3163 Si
387 3109 500 3164 dixerit:
519 3114 585 3166 Mea
597 3113 704 3184 propria
723 3120 764 3166 est
776 3129 824 3183 per
836 3123 953 3168 cartam:
972 3113 1030 3178 aar,
1048 3114 1119 3166 sicut
1134 3113 1239 3180 legitur

120 3183 149 3234 in
169 3189 251 3234 calta.

204 3247 401 3316 CCXXXV.
443 3249 478 3311 si
501 3251 574 3333 quis
595 3249 754 3312 caballum
776 3251 899 3329 emerit,
922 3261 955 3314 et
970 3260 1133 3334 auctorem
1149 3247 1241 3334 igno-

47 3382 52 3394 .
119 3333 253 3410 raverit,
285 3343 316 3394 et
337 3331 464 3394 venerit
485 3344 590 3396 certus
612 3333 724 3412 homo,
756 3336 814 3415 qui
834 3335 939 3416 ipsum
962 3335 1122 3396 caballum
1141 3355 1239 3397 sunm

120 3417 200 3478 dicit
221 3438 301 3492 esso,
324 3426 403 3476 tunc
426 3415 481 3478 ille
502 3415 611 3493 homo,
633 3416 691 3493 qui
707 3417 793 3495 emit,
816 3418 900 3479 sicut
916 3418 1067 3495 diximus,
1087 3416 1115 3478 si
1131 3419 1240 3476 aucto·

120 3521 190 3560 rem
210 3521 273 3558 non
296 3498 461 3573 habuerit,
494 3509 526 3560 et
545 3499 648 3562 nescit
671 3498 710 3559 de
733 3521 798 3581 qno
817 3510 1048 3582 comparasset,
1086 3498 1240 3580 praebeat

120 3592 355 3643 sacramentum
376 3579 524 3665 quodin
549 3603 587 3642 eo
610 3603 669 3643 nec
693 3583 747 3642 fur
772 3592 876 3660 esset,
909 3603 970 3644 nec
996 3581 1119 3663 collega
1143 3581 1239 3659 furis,

121 3664 184 3726 nisi
202 3664 391 3745 simpliciter
413 3683 486 3724 cnm
510 3664 615 3746 pretio
638 3685 697 3726 suo
719 3675 946 3747 comparasset;
981 3675 1014 3726 et
1035 3663 1170 3744 insuper
1187 3663 1241 3724 ad·

120 3749 184 3823 dat,
208 3748 240 3806 in
261 3749 329 3828 ipso
347 3758 561 3824 sacramento,
589 3747 615 3808 si
637 3769 769 3830 quoquo
793 3757 937 3830 tempore
963 3757 1128 3808 auctorem
1150 3746 1242 3806 inve·

119 3830 217 3907 nc'rit,
240 3851 305 3889 non
325 3830 465 3912 negabit.
506 3832 601 3890 Tunc
620 3848 691 3912 post
710 3830 896 3911 praestitum
913 3837 1149 3892 sacramentum
1167 3829 1241 3890 red·

119 3913 361 3988 datcalsallurn,
384 3923 417 3974 et
440 3913 480 3974 sit
497 3912 557 3974 sibi
575 3921 753 3974 contentus.
794 3915 837 3975 Et
854 3914 922 3990 illo,
945 3912 1003 3994 qui
1019 3933 1052 3973 se
1067 3911 1241 3994 proprium

117 3996 286 4058 doruinom
301 3995 379 4058 dicit
399 4017 485 4071 esse,
515 3996 574 4056 sub
594 3996 651 4056 tali
674 3996 769 4056 titulo
787 4017 860 4056 eum
881 3996 993 4065 tollat;
1022 4003 1059 4056 ut
1074 3991 1105 4056 ,si
1128 3995 1241 4077 cogni·

117 4086 187 4138 tum
208 4079 318 4153 suerit,
341 4079 429 4160 quod
449 4078 532 4138 malo
552 4079 665 4140 ordine
688 4100 762 4139 enm
781 4078 983 4156 vindicasset,
1007 4087 1038 4138 et
1055 4077 1137 4141 alter
1158 4099 1241 4138 auo-

116 4170 169 4220 tor
193 4168 301 4221 sertus
326 4160 472 4242 uenerit,
506 4161 563 4239 qni
584 4171 677 4223 s'uum
696 4160 810 4222 lecerit
830 4162 935 4246 ipsum
959 4159 1139 4239 caballum,
1176 4159 1241 4224 sibi

112 4241 379 4308 monum-reddat.
444 4241 485 4308 ll.
509 4244 557 4310 28.
586 4266 608 4310 r.
