2684 4868
300 287 403 344 nucis
423 285 796 343 w1s1cornonuut1n.
815 286 862 340 v1.
881 283 954 341 nr.
972 289 1004 343 v.
1141 268 1213 342 555

100 426 136 488 15
149 425 393 508 domoposltum
409 424 766 511 quemquaminsidiaus
780 423 935 488 occidisse
951 426 1130 510 detegitur,
1151 427 1214 489 ho-

98 508 221 571 micida
239 510 395 572 continuo
415 532 475 593 pro
491 509 666 572 homicidio
682 508 845 590 puniatur.
893 510 936 572 Et
957 511 1112 591 quoniam
1133 532 1215 574 con·
1314 519 1316 526 '

98 592 177 654 silio
204 593 342 676 quisque
377 597 431 657 vel
461 594 550 669 iussn
583 589 795 654 homicidium
823 591 1008 654 faciendum
1040 593 1214 670 insistens,

100 667 223 736 noxior
257 673 449 740 iudicandus
481 686 548 755 est,
579 697 675 758 quam
702 674 759 734 ille
784 674 842 757 qui
868 674 1080 737 homicidium
1115 696 1214 759 opere

96 759 313 840 perpetravit:
345 759 381 820 id
407 759 591 842 specialiter
618 757 883 820 constituendum
912 759 1071 839 oportuit,
1106 769 1143 820 ut
1172 780 1213 820 ex

98 849 195 922 cepta
222 861 331 902 caussa
359 864 545 919 servornm,
581 841 621 903 de
649 840 765 922 quibus
799 861 896 923 supra
925 849 1065 902 taxatum
1088 852 1153 904 est:
1185 839 1213 902 si

96 924 281 1004 ingenuum
310 924 364 985 vel
385 925 578 1008 ingenuam,
601 944 661 1006 per
693 944 822 985 servum
847 921 902 984 vel
932 924 1101 1003 ancillam,
1151 922 1213 985 do-

96 1005 228 1070 minare
257 1005 472 1069 occidendum
493 1005 710 1090 praeceperit,
739 1015 771 1066 et
793 1027 852 1089 per
872 1005 1103 1069 discussionem
1123 1005 1211 1089 apud

96 1087 243 1150 iudicem
277 1089 354 1148 talia
389 1089 429 1152 de
460 1088 596 1151 dominis
630 1087 753 1150 fuerint
788 1087 955 1149 manifeste
986 1091 1149 1162 confessi,
1184 1087 1213 1160 si

95 1171 163 1232 hoc
193 1192 253 1251 per
273 1170 452 1253 legitimum
481 1181 595 1233 testem
621 1171 746 1232 firmare
772 1170 998 1253 nequiverint,
1034 1172 1136 1238 servis
1160 1193 1213 1235 su·

94 1275 159 1338 per
181 1253 321 1315 dominis
346 1257 411 1316 suis
441 1253 532 1316 credi
552 1275 618 1316 non
644 1253 813 1334 oportebit.
877 1253 942 1314 Sed
969 1255 1031 1338 ipsi
1056 1266 1135 1317 tunc
1156 1255 1212 1315 do·

97 1336 199 1416 mini,
223 1335 281 1417 qui
301 1336 379 1397 talia
399 1337 525 1400 iussisse
548 1337 723 1415 dicuntur,
758 1357 865 1399 coram
887 1333 994 1400 indice
1024 1360 1058 1400 sc
1082 1359 1141 1400 suo
1164 1359 1211 1398 sa-

96 1429 263 1481 cramento
297 1419 488 1482 innocentes
524 1419 662 1482 reddere
692 1440 756 1480 non
784 1424 961 1482 merentur.
1027 1420 1095 1504 Ipsi
1130 1440 1213 1480 vero

100 1501 162 1584 qui
188 1501 401 1564 homicidium
428 1502 541 1564 fecisse
570 1502 709 1565 confessi
743 1513 838 1582 sunt,
873 1510 928 1562 ant
949 1524 1008 1584 pro
1033 1501 1211 1567 homicidio

62 1585 67 1598 ’
100 1584 297 1668 puniantur,
339 1595 395 1647 aut
419 1584 597 1648 occisorum
622 1585 807 1667 parentibus
840 1588 894 1648 vcl
924 1585 1117 1668 propinquis
1148 1593 1211 1644 tra-

102 1668 240 1746 dantur,
268 1677 303 1728 ut
331 1668 420 1749 quod
447 1669 487 1730 de
518 1668 563 1730 eis
583 1669 689 1728 facere
723 1668 889 1730 voluerint
915 1668 1054 1728 habeant
1076 1675 1212 1751 potesta·

100 1759 176 1812 tem.
239 1750 336 1827 Quod
356 1751 383 1812 si
416 1749 538 1812 domini
572 1771 685 1812 eorum
709 1748 815 1813 iurare
839 1752 1065 1834 nequiverint,
1098 1770 1211 1812 servus

100 1832 216 1916 procul
250 1831 349 1893 dubio
370 1834 421 1895 vel
452 1833 658 1894 ancilla-tam
691 1833 787 1895 noxia
817 1843 1056 1917 perpetrantes,
1086 1833 1212 1896 ducen-

100 1916 186 1977 tenis
224 1915 385 1977 verberati
413 1915 566 1998 flagellis,
595 1914 734 1998 turpiter
773 1916 868 1978 etiam
906 1915 1097 1977 decalvandi
1125 1923 1212 1977 sunt.

100 1997 234 2060 Domini
256 2018 354 2076 vero,
392 1999 509 2080 quibus
534 1997 719 2060 iubentibus
743 1998 806 2060 tale
828 1999 917 2062 nefas
943 1998 1115 2060 admissum
1142 2006 1212 2074 est,

101 2081 232 2163 capitali
255 2102 288 2142 se
316 2083 469 2144 noverint
494 2081 652 2164 supplicio
679 2081 895 2164 perimendos.
955 2081 1037 2142 Nam
1064 2082 1090 2141 si
1118 2081 1213 2160 inge·

102 2163 160 2224 nui
190 2163 331 2246 quilibet
359 2186 400 2226 ex
426 2163 590 2225 communi
621 2161 758 2224 oonsilio
784 2163 996 2226 homicidium
1024 2170 1212 2246 perpetrare

101 2246 374 2324 deliberaverint,
427 2247 478 2307 illi
517 2245 576 2330 qui
608 2247 740 2307 fortasse
766 2247 1004 2331 percusserint,
1048 2257 1103 2306 aut
1129 2265 1212 2326 quo-

100 2350 231 2411 cunque
253 2330 321 2390 ictu
347 2328 513 2390 hominem
535 2329 778 2408 interfecerint,
809 2340 911 2391 morte
932 2327 1108 2390 damnandi
1125 2335 1211 2392 sunt.

98 2411 153 2472 llli
174 2432 252 2472 vero
270 2411 329 2492 qni
349 2433 422 2473 cnm
443 2412 490 2474 eis
502 2411 672 2475 consilium
685 2410 834 2474 habuisse
853 2411 1081 2494 reperiuntur,
1098 2431 1213 2490 quam·

99 2493 149 2555 vis
170 2515 236 2555 non
258 2495 495 2576 percusserint,
537 2504 671 2578 propter
702 2495 852 2576 iniquum
881 2504 987 2556 tamen
1018 2492 1212 2571 consilium,

100 2576 313 2642 ducentorum
333 2576 536 2660 flagellorum
563 2577 646 2639 ictus
679 2578 809 2660 publice
831 2576 974 2654 extensi,
1005 2585 1038 2638 et
1064 2575 1213 2638 decalva·

100 2658 199 2720 tionis
220 2659 407 2722 foeditatem
430 2659 552 2742 passuri
574 2661 660 2738 sint,
693 2669 788 2742 atque
814 2660 948 2742 insuper
971 2659 1125 2742 proximis
1160 2681 1213 2720 oc·

99 2740 157 2802 cisi
177 2743 364 2824 parentibus
410 2745 633 2826 uinquagenos
662 2742 780 2804 solidos
802 2763 995 2825 componere
1017 2741 1213 2824 compellan-

98 2834 166 2883 tur:
189 2835 244 2884 aut
261 2825 289 2887 si
310 2847 375 2886 non
386 2766 572 2889 habuerint
586 2825 673 2886 unde
702 2836 913 2910 componant,
935 2825 1124 2908 perenniter
1142 2845 1212 2886 ser·-

97 2906 198 2968 vituri
222 2907 399 2969 tradantur.
1120 2945 1121 2950 κ

399 3043 493 3109 XIll.
542 3069 603 3114 555.
625 3069 688 3113 555.
711 3069 909 3114 55155555.

99 3161 146 3222 Ne
167 3161 262 3221 liceat
282 3180 493 3244 quemcunque
523 3183 644 3223 servum
674 3184 763 3223 suum
783 3163 838 3224 uel
858 3163 1007 3228 ancillam
1027 3184 1210 3250 quacunque

436 3246 580 3330 corporis
602 3258 695 3329 pente
716 3258 871 3312 truncare.

179 3325 449 3388 Praecedentium
469 3348 534 3388 non
564 3326 644 3389 vitia
668 3327 726 3390 sed
760 3329 895 3391 virtutes
918 3326 1108 3389 aemulando
1130 3349 1211 3387 con-

99 3408 219 3486 lectas,
255 3408 437 3472 invenimus
467 3408 553 3472 hanc
585 3410 692 3493 legem
720 3410 890 3472 iustissime
924 3411 1060 3482 editam,
1090 3409 1211 3471 iniuste

101 3490 251 3552 abrasam.
300 3493 343 3553 Et
372 3492 448 3555 ideo
475 3514 516 3554 ne
546 3492 694 3554 humanis
723 3495 907 3556 excessibus
939 3493 1212 3575 turpandaeima·

100 3573 185 3656 ginis
205 3575 267 3634 Dei
300 3575 394 3635 frena
421 3576 588 3654 laxentur,
627 3598 658 3636 ns
692 3597 808 3637 555555
844 3599 959 3636 nentur
990 3597 1051 3636 noo
1083 3587 1211 3636 suavius

99 3675 197 3718 actos
217 3679 296 3733 555,
318 3656 394 3739 ipsis
416 3658 542 3736 verbis,
564 3658 707 3741 ipsisque
729 3660 895 3720 sententiis
918 3660 976 3719 illo
998 3659 1120 3720 dudum
1142 3679 1212 3719 eam

99 3738 219 3798 iterum
241 3740 354 3801 ordine
386 3739 572 3818 introduxi,
602 3762 669 3822 quo
699 3739 822 3800 dudum
856 3741 944 3801 illam
969 3741 1131 3826 praeviam
1159 3742 1212 3801 iu-

100 3820 178 3880 dicii
204 3821 392 3903 principalis
413 3823 585 3884 auctoritas
607 3823 798 3894 collocavit,
819 3845 902 3904 quae
920 3825 966 3886 sic
987 3824 1110 3904 incipit.
1154 3824 1213 3885 Su·

99 3903 222 3984 periori
247 3906 380 3986 quidem
409 3907 503 3988 lege,
536 3906 741 3967 dominorum
762 3905 967 3967 indiscretam
997 3907 1163 3968 saevitiam
1194 3928 1212 3966 a

99 4006 266 4049 servorum
297 3987 459 4050 occisione
492 3988 709 4071 privavimus,
752 4009 838 4050 nunc
868 3989 965 4050 etiam
996 4011 1036 4050 ne
1064 3988 1212 4071 imaginis

98 4068 161 4128 Dei
180 4071 424 4152 plasmationem
449 4071 650 4149 adulterent,
690 4071 766 4133 dnm
789 4072 822 4130 in
849 4073 985 4134 subditis
1007 4072 1213 4134 crudelitates

99 4173 171 4220 snas
192 4162 363 4229 exercent,
393 4154 649 4218 debilitationem
669 4174 840 4237 corporum
861 4155 1095 4236 prohibendam
1118 4175 1213 4238 opor-

95 4234 171 4296 tuit.
215 4235 295 4298 ldeo
318 4237 539 4317 decernimus,
571 4248 606 4300 ut
637 4237 825 4322 quicunqne
850 4239 1000 4303 dominus
1027 4238 1214 4318 dominare,
