<?xml version="1.0" encoding="UTF-8"?>
<!DOCTYPE html PUBLIC "-//W3C//DTD XHTML 1.0 Transitional//EN"
    "http://www.w3.org/TR/xhtml1/DTD/xhtml1-transitional.dtd">
<html xmlns="http://www.w3.org/1999/xhtml" xml:lang="en" lang="en">
 <head>
  <title>
</title>
<meta http-equiv="Content-Type" content="text/html;charset=utf-8" />
  <meta name='ocr-system' content='tesseract 3.04.00' />
  <meta name='ocr-capabilities' content='ocr_page ocr_carea ocr_par ocr_line ocrx_word'/>
</head>
<body>
  <div class='ocr_page' id='page_1' title='image "./corpusiurisgerm00visigoog_0096.png"; bbox 0 0 2648 4874; ppageno 0'>
   <div class='ocr_carea' id='block_1_1' title="bbox 269 289 1193 382">
    <p class='ocr_par' dir='ltr' id='par_1_1' title="bbox 269 289 1193 382">
     <span class='ocr_line' id='line_1_1' title="bbox 269 289 1193 382; baseline -0.002 -18"><span class='ocrx_word' id='word_1_1' title='bbox 269 307 373 364; x_wconf 74' lang='lat' dir='ltr'><strong>neers</strong></span> <span class='ocrx_word' id='word_1_2' title='bbox 390 304 683 382; x_wconf 73' lang='lat' dir='ltr'><strong>nreooruoauu</strong></span> <span class='ocrx_word' id='word_1_3' title='bbox 701 304 768 358; x_wconf 81' lang='lat' dir='ltr'><strong>nn</strong></span> <span class='ocrx_word' id='word_1_4' title='bbox 788 303 840 378; x_wconf 57' lang='lat' dir='ltr'><strong>rr,</strong></span> <span class='ocrx_word' id='word_1_5' title='bbox 854 303 938 363; x_wconf 77' lang='lat' dir='ltr'><strong>nn·</strong></span> <span class='ocrx_word' id='word_1_6' title='bbox 949 306 1009 362; x_wconf 61' lang='lat' dir='ltr'><strong>rr„</strong></span> <span class='ocrx_word' id='word_1_7' title='bbox 1118 289 1193 364; x_wconf 73' lang='grc'><strong>503</strong></span> 
     </span>
    </p>
   </div>
   <div class='ocr_carea' id='block_1_2' title="bbox 70 441 1191 2924">
    <p class='ocr_par' dir='ltr' id='par_1_2' title="bbox 70 441 1191 2924">
     <span class='ocr_line' id='line_1_2' title="bbox 79 441 1191 526; baseline -0.002 -14"><span class='ocrx_word' id='word_1_8' title='bbox 79 471 145 512; x_wconf 89' lang='lat' dir='ltr'><strong>ram</strong></span> <span class='ocrx_word' id='word_1_9' title='bbox 173 448 297 512; x_wconf 84' lang='lat' dir='ltr'><strong>eisdem</strong></span> <span class='ocrx_word' id='word_1_10' title='bbox 327 444 503 508; x_wconf 87' lang='lat' dir='ltr'><strong>minoribus</strong></span> <span class='ocrx_word' id='word_1_11' title='bbox 532 443 672 524; x_wconf 78' lang='lat' dir='ltr'><strong>irrogare</strong></span> <span class='ocrx_word' id='word_1_12' title='bbox 704 441 941 526; x_wconf 78' lang='lat' dir='ltr'><strong>perpenditur,</strong></span> <span class='ocrx_word' id='word_1_13' title='bbox 973 443 1054 506; x_wconf 83' lang='lat' dir='ltr'><strong>haee</strong></span> <span class='ocrx_word' id='word_1_14' title='bbox 1081 457 1191 510; x_wconf 88' lang='lat' dir='ltr'><strong>custo-</strong></span> 
     </span>
     <span class='ocr_line' id='line_1_3' title="bbox 80 524 1190 598; baseline -0.005 -5"><span class='ocrx_word' id='word_1_15' title='bbox 80 533 199 598; x_wconf 87' lang='lat' dir='ltr'><strong>dienda</strong></span> <span class='ocrx_word' id='word_1_16' title='bbox 221 531 325 592; x_wconf 86' lang='lat' dir='ltr'><strong>modis</strong></span> <span class='ocrx_word' id='word_1_17' title='bbox 351 529 499 594; x_wconf 84' lang='lat' dir='ltr'><strong>omnibus</strong></span> <span class='ocrx_word' id='word_1_18' title='bbox 524 525 677 592; x_wconf 47' lang='lat' dir='ltr'><strong>conditio,</strong></span> <span class='ocrx_word' id='word_1_19' title='bbox 698 524 882 586; x_wconf 80' lang='lat' dir='ltr'><strong>ordinatur:</strong></span> <span class='ocrx_word' id='word_1_20' title='bbox 912 533 953 586; x_wconf 85' lang='lat' dir='ltr'><strong>ut.</strong></span> <span class='ocrx_word' id='word_1_21' title='bbox 975 526 1040 592; x_wconf 85' lang='lat' dir='ltr'><strong>sive</strong></span> <span class='ocrx_word' id='word_1_22' title='bbox 1069 529 1103 594; x_wconf 86' lang='lat' dir='ltr'><strong>in</strong></span> <span class='ocrx_word' id='word_1_23' title='bbox 1127 532 1190 592; x_wconf 77' lang='lat' dir='ltr'><strong>mi-</strong></span> 
     </span>
     <span class='ocr_line' id='line_1_4' title="bbox 81 607 1191 690; baseline 0 -14"><span class='ocrx_word' id='word_1_24' title='bbox 81 615 152 676; x_wconf 86' lang='lat' dir='ltr'><strong>nori</strong></span> <span class='ocrx_word' id='word_1_25' title='bbox 178 623 301 690; x_wconf 84' lang='lat' dir='ltr'><strong>aetate,</strong></span> <span class='ocrx_word' id='word_1_26' title='bbox 332 633 389 672; x_wconf 90' lang='lat' dir='ltr'><strong>sen</strong></span> <span class='ocrx_word' id='word_1_27' title='bbox 418 610 513 672; x_wconf 87' lang='lat' dir='ltr'><strong>etiam</strong></span> <span class='ocrx_word' id='word_1_28' title='bbox 539 607 683 690; x_wconf 79' lang='lat' dir='ltr'><strong>quamvis</strong></span> <span class='ocrx_word' id='word_1_29' title='bbox 710 617 860 689; x_wconf 71' lang='lat' dir='ltr'><strong>‹puartnm</strong></span> <span class='ocrx_word' id='word_1_30' title='bbox 889 607 1050 670; x_wconf 86' lang='lat' dir='ltr'><strong>decimum</strong></span> <span class='ocrx_word' id='word_1_31' title='bbox 1078 615 1191 678; x_wconf 83' lang='lat' dir='ltr'><strong>aetatis</strong></span> 
     </span>
     <span class='ocr_line' id='line_1_5' title="bbox 78 687 1188 775; baseline -0.005 -15"><span class='ocrx_word' id='word_1_32' title='bbox 78 696 402 766; x_wconf 70' lang='lat' dir='ltr'><strong>annumrideantur</strong></span> <span class='ocrx_word' id='word_1_33' title='bbox 417 691 532 775; x_wconf 82' lang='lat' dir='ltr'><strong>pupilli</strong></span> <span class='ocrx_word' id='word_1_34' title='bbox 555 689 708 752; x_wconf 80' lang='lat' dir='ltr'><strong>transire:</strong></span> <span class='ocrx_word' id='word_1_35' title='bbox 742 687 894 752; x_wconf 85' lang='lat' dir='ltr'><strong>tamensi</strong></span> <span class='ocrx_word' id='word_1_36' title='bbox 923 699 1045 756; x_wconf 79' lang='lat' dir='ltr'><strong>tutores</strong></span> <span class='ocrx_word' id='word_1_37' title='bbox 1071 693 1188 774; x_wconf 85' lang='lat' dir='ltr'><strong>adhuc,</strong></span> 
     </span>
     <span class='ocr_line' id='line_1_6' title="bbox 77 773 1190 863; baseline -0.003 -23"><span class='ocrx_word' id='word_1_38' title='bbox 77 781 129 842; x_wconf 80' lang='lat' dir='ltr'><strong>rel</strong></span> <span class='ocrx_word' id='word_1_39' title='bbox 153 779 263 863; x_wconf 86' lang='lat' dir='ltr'><strong>ipsos,</strong></span> <span class='ocrx_word' id='word_1_40' title='bbox 291 777 346 842; x_wconf 86' lang='lat' dir='ltr'><strong>vel</strong></span> <span class='ocrx_word' id='word_1_41' title='bbox 374 796 487 837; x_wconf 87' lang='lat' dir='ltr'><strong>eorum</strong></span> <span class='ocrx_word' id='word_1_42' title='bbox 517 796 569 835; x_wconf 89' lang='lat' dir='ltr'><strong>res</strong></span> <span class='ocrx_word' id='word_1_43' title='bbox 597 773 633 834; x_wconf 90' lang='lat' dir='ltr'><strong>in</strong></span> <span class='ocrx_word' id='word_1_44' title='bbox 659 795 716 836; x_wconf 89' lang='lat' dir='ltr'><strong>sua</strong></span> <span class='ocrx_word' id='word_1_45' title='bbox 746 783 902 855; x_wconf 82' lang='lat' dir='ltr'><strong>potestate</strong></span> <span class='ocrx_word' id='word_1_46' title='bbox 929 785 1111 836; x_wconf 89' lang='lat' dir='ltr'><strong>noscuntur</strong></span> <span class='ocrx_word' id='word_1_47' title='bbox 1130 779 1190 839; x_wconf 90' lang='lat' dir='ltr'><strong>ha-</strong></span> 
     </span>
     <span class='ocr_line' id='line_1_7' title="bbox 77 856 1191 944; baseline -0.002 -20"><span class='ocrx_word' id='word_1_48' title='bbox 77 864 175 940; x_wconf 89' lang='lat' dir='ltr'><strong>bere,</strong></span> <span class='ocrx_word' id='word_1_49' title='bbox 196 880 426 944; x_wconf 84' lang='lat' dir='ltr'><strong>quamcunque</strong></span> <span class='ocrx_word' id='word_1_50' title='bbox 448 856 637 940; x_wconf 80' lang='lat' dir='ltr'><strong>scripturam</strong></span> <span class='ocrx_word' id='word_1_51' title='bbox 656 856 849 933; x_wconf 76' lang='lat' dir='ltr'><strong>securitatis,</strong></span> <span class='ocrx_word' id='word_1_52' title='bbox 870 863 924 916; x_wconf 86' lang='lat' dir='ltr'><strong>aut</strong></span> <span class='ocrx_word' id='word_1_53' title='bbox 945 858 1083 920; x_wconf 88' lang='lat' dir='ltr'><strong>alicuius</strong></span> <span class='ocrx_word' id='word_1_54' title='bbox 1105 862 1191 922; x_wconf 82' lang='lat' dir='ltr'><strong>obti-</strong></span> 
     </span>
     <span class='ocr_line' id='line_1_8' title="bbox 79 939 1191 1028; baseline 0.002 -24"><span class='ocrx_word' id='word_1_55' title='bbox 79 945 217 1028; x_wconf 80' lang='lat' dir='ltr'><strong>gationis</strong></span> <span class='ocrx_word' id='word_1_56' title='bbox 238 955 334 1024; x_wconf 85' lang='lat' dir='ltr'><strong>atque</strong></span> <span class='ocrx_word' id='word_1_57' title='bbox 356 941 600 1018; x_wconf 76' lang='lat' dir='ltr'><strong>transactionis,</strong></span> <span class='ocrx_word' id='word_1_58' title='bbox 633 939 709 1021; x_wconf 86' lang='lat' dir='ltr'><strong>ipsis</strong></span> <span class='ocrx_word' id='word_1_59' title='bbox 730 939 907 1018; x_wconf 87' lang='lat' dir='ltr'><strong>tutoribus,</strong></span> <span class='ocrx_word' id='word_1_60' title='bbox 928 941 981 1002; x_wconf 72' lang='lat' dir='ltr'><strong>rel</strong></span> <span class='ocrx_word' id='word_1_61' title='bbox 1003 942 1191 1026; x_wconf 77' lang='lat' dir='ltr'><strong>cuicunque</strong></span> 
     </span>
     <span class='ocr_line' id='line_1_9' title="bbox 76 1023 1191 1110; baseline 0.001 -22"><span class='ocrx_word' id='word_1_62' title='bbox 76 1049 254 1110; x_wconf 83' lang='lat' dir='ltr'><strong>personae,</strong></span> <span class='ocrx_word' id='word_1_63' title='bbox 281 1024 423 1087; x_wconf 82' lang='lat' dir='ltr'><strong>factione</strong></span> <span class='ocrx_word' id='word_1_64' title='bbox 450 1033 597 1087; x_wconf 85' lang='lat' dir='ltr'><strong>tutorum</strong></span> <span class='ocrx_word' id='word_1_65' title='bbox 623 1023 738 1086; x_wconf 84' lang='lat' dir='ltr'><strong>fecisse</strong></span> <span class='ocrx_word' id='word_1_66' title='bbox 759 1023 984 1107; x_wconf 86' lang='lat' dir='ltr'><strong>reperiantur,</strong></span> <span class='ocrx_word' id='word_1_67' title='bbox 1008 1023 1115 1086; x_wconf 85' lang='lat' dir='ltr'><strong>omnia</strong></span> <span class='ocrx_word' id='word_1_68' title='bbox 1136 1027 1191 1088; x_wconf 92' lang='lat' dir='ltr'><strong>iu-</strong></span> 
     </span>
     <span class='ocr_line' id='line_1_10' title="bbox 75 1105 1190 1192; baseline 0 -20"><span class='ocrx_word' id='word_1_69' title='bbox 75 1109 183 1172; x_wconf 84' lang='lat' dir='ltr'><strong>ralida</strong></span> <span class='ocrx_word' id='word_1_70' title='bbox 206 1119 240 1171; x_wconf 90' lang='lat' dir='ltr'><strong>et</strong></span> <span class='ocrx_word' id='word_1_71' title='bbox 265 1105 431 1170; x_wconf 82' lang='lat' dir='ltr'><strong>exinanita</strong></span> <span class='ocrx_word' id='word_1_72' title='bbox 450 1107 579 1189; x_wconf 87' lang='lat' dir='ltr'><strong>penitus</strong></span> <span class='ocrx_word' id='word_1_73' title='bbox 603 1114 809 1188; x_wconf 82' lang='lat' dir='ltr'><strong>reputentur.</strong></span> <span class='ocrx_word' id='word_1_74' title='bbox 857 1106 939 1166; x_wconf 89' lang='lat' dir='ltr'><strong>Cum</strong></span> <span class='ocrx_word' id='word_1_75' title='bbox 960 1127 1038 1168; x_wconf 82' lang='lat' dir='ltr'><strong>vero</strong></span> <span class='ocrx_word' id='word_1_76' title='bbox 1065 1115 1190 1192; x_wconf 85' lang='lat' dir='ltr'><strong>tempus</strong></span> 
     </span>
     <span class='ocr_line' id='line_1_11' title="bbox 77 1187 1187 1270; baseline 0.002 -18"><span class='ocrx_word' id='word_1_77' title='bbox 77 1192 161 1252; x_wconf 89' lang='lat' dir='ltr'><strong>illud</strong></span> <span class='ocrx_word' id='word_1_78' title='bbox 182 1189 372 1266; x_wconf 83' lang='lat' dir='ltr'><strong>advenerit,</strong></span> <span class='ocrx_word' id='word_1_79' title='bbox 405 1189 536 1270; x_wconf 90' lang='lat' dir='ltr'><strong>quando</strong></span> <span class='ocrx_word' id='word_1_80' title='bbox 567 1209 641 1250; x_wconf 86' lang='lat' dir='ltr'><strong>euru</strong></span> <span class='ocrx_word' id='word_1_81' title='bbox 662 1187 718 1270; x_wconf 88' lang='lat' dir='ltr'><strong>qui</strong></span> <span class='ocrx_word' id='word_1_82' title='bbox 740 1187 799 1250; x_wconf 87' lang='lat' dir='ltr'><strong>sub</strong></span> <span class='ocrx_word' id='word_1_83' title='bbox 822 1187 957 1250; x_wconf 90' lang='lat' dir='ltr'><strong>tuitione</strong></span> <span class='ocrx_word' id='word_1_84' title='bbox 979 1188 1043 1249; x_wconf 85' lang='lat' dir='ltr'><strong>fuit</strong></span> <span class='ocrx_word' id='word_1_85' title='bbox 1063 1210 1131 1253; x_wconf 89' lang='lat' dir='ltr'><strong>rem</strong></span> <span class='ocrx_word' id='word_1_86' title='bbox 1153 1192 1187 1253; x_wconf 94' lang='lat' dir='ltr'><strong>in</strong></span> 
     </span>
     <span class='ocr_line' id='line_1_12' title="bbox 75 1270 1188 1356; baseline 0 -20"><span class='ocrx_word' id='word_1_87' title='bbox 75 1297 132 1336; x_wconf 88' lang='lat' dir='ltr'><strong>sua</strong></span> <span class='ocrx_word' id='word_1_88' title='bbox 155 1282 311 1356; x_wconf 78' lang='lat' dir='ltr'><strong>potestate</strong></span> <span class='ocrx_word' id='word_1_89' title='bbox 327 1279 473 1352; x_wconf 89' lang='lat' dir='ltr'><strong>oporteat</strong></span> <span class='ocrx_word' id='word_1_90' title='bbox 492 1271 656 1354; x_wconf 81' lang='lat' dir='ltr'><strong>redigere,</strong></span> <span class='ocrx_word' id='word_1_91' title='bbox 679 1281 757 1333; x_wconf 91' lang='lat' dir='ltr'><strong>tunc</strong></span> <span class='ocrx_word' id='word_1_92' title='bbox 777 1270 833 1332; x_wconf 88' lang='lat' dir='ltr'><strong>ille</strong></span> <span class='ocrx_word' id='word_1_93' title='bbox 849 1279 937 1332; x_wconf 86' lang='lat' dir='ltr'><strong>tutor</strong></span> <span class='ocrx_word' id='word_1_94' title='bbox 959 1291 1065 1332; x_wconf 84' lang='lat' dir='ltr'><strong>coram</strong></span> <span class='ocrx_word' id='word_1_95' title='bbox 1080 1295 1188 1336; x_wconf 89' lang='lat' dir='ltr'><strong>sacer-</strong></span> 
     </span>
     <span class='ocr_line' id='line_1_13' title="bbox 76 1352 1187 1437; baseline 0 -19"><span class='ocrx_word' id='word_1_96' title='bbox 76 1358 153 1418; x_wconf 85' lang='lat' dir='ltr'><strong>dote</strong></span> <span class='ocrx_word' id='word_1_97' title='bbox 185 1357 238 1418; x_wconf 84' lang='lat' dir='ltr'><strong>rel</strong></span> <span class='ocrx_word' id='word_1_98' title='bbox 268 1354 396 1428; x_wconf 89' lang='lat' dir='ltr'><strong>iudice,</strong></span> <span class='ocrx_word' id='word_1_99' title='bbox 426 1353 553 1437; x_wconf 89' lang='lat' dir='ltr'><strong>pupillo</strong></span> <span class='ocrx_word' id='word_1_100' title='bbox 580 1353 620 1418; x_wconf 81' lang='lat' dir='ltr'><strong>de</strong></span> <span class='ocrx_word' id='word_1_101' title='bbox 643 1353 768 1417; x_wconf 86' lang='lat' dir='ltr'><strong>cunctis</strong></span> <span class='ocrx_word' id='word_1_102' title='bbox 788 1352 883 1414; x_wconf 90' lang='lat' dir='ltr'><strong>rebus</strong></span> <span class='ocrx_word' id='word_1_103' title='bbox 904 1353 1029 1416; x_wconf 89' lang='lat' dir='ltr'><strong>redditu</strong></span> <span class='ocrx_word' id='word_1_104' title='bbox 1050 1356 1187 1434; x_wconf 87' lang='lat' dir='ltr'><strong>ratione,</strong></span> 
     </span>
     <span class='ocr_line' id='line_1_14' title="bbox 75 1435 1188 1519; baseline -0.001 -19"><span class='ocrx_word' id='word_1_105' title='bbox 75 1440 116 1500; x_wconf 88' lang='lat' dir='ltr'><strong>ab</strong></span> <span class='ocrx_word' id='word_1_106' title='bbox 137 1460 180 1502; x_wconf 91' lang='lat' dir='ltr'><strong>eo</strong></span> <span class='ocrx_word' id='word_1_107' title='bbox 198 1459 298 1517; x_wconf 72' lang='lat' dir='ltr'><strong>quem</strong></span> <span class='ocrx_word' id='word_1_108' title='bbox 317 1437 418 1499; x_wconf 84' lang='lat' dir='ltr'><strong>tuitus</strong></span> <span class='ocrx_word' id='word_1_109' title='bbox 447 1444 496 1498; x_wconf 86' lang='lat' dir='ltr'><strong>est</strong></span> <span class='ocrx_word' id='word_1_110' title='bbox 515 1436 697 1499; x_wconf 84' lang='lat' dir='ltr'><strong>securitatis</strong></span> <span class='ocrx_word' id='word_1_111' title='bbox 718 1435 908 1518; x_wconf 88' lang='lat' dir='ltr'><strong>scripturam</strong></span> <span class='ocrx_word' id='word_1_112' title='bbox 930 1447 1080 1519; x_wconf 89' lang='lat' dir='ltr'><strong>procuret</strong></span> <span class='ocrx_word' id='word_1_113' title='bbox 1102 1439 1188 1500; x_wconf 89' lang='lat' dir='ltr'><strong>acci-</strong></span> 
     </span>
     <span class='ocr_line' id='line_1_15' title="bbox 73 1517 1187 1606; baseline -0.001 -24"><span class='ocrx_word' id='word_1_114' title='bbox 73 1542 165 1606; x_wconf 89' lang='lat' dir='ltr'><strong>pere.</strong></span> <span class='ocrx_word' id='word_1_115' title='bbox 206 1521 327 1602; x_wconf 87' lang='lat' dir='ltr'><strong>Sicque</strong></span> <span class='ocrx_word' id='word_1_116' title='bbox 347 1529 470 1580; x_wconf 83' lang='lat' dir='ltr'><strong>remota</strong></span> <span class='ocrx_word' id='word_1_117' title='bbox 491 1517 579 1579; x_wconf 88' lang='lat' dir='ltr'><strong>omni</strong></span> <span class='ocrx_word' id='word_1_118' title='bbox 613 1517 780 1580; x_wconf 86' lang='lat' dir='ltr'><strong>occasione</strong></span> <span class='ocrx_word' id='word_1_119' title='bbox 804 1539 987 1599; x_wconf 83' lang='lat' dir='ltr'><strong>pressurae,</strong></span> <span class='ocrx_word' id='word_1_120' title='bbox 1021 1529 1076 1582; x_wconf 90' lang='lat' dir='ltr'><strong>aut</strong></span> <span class='ocrx_word' id='word_1_121' title='bbox 1102 1522 1187 1583; x_wconf 85' lang='lat' dir='ltr'><strong>reci·</strong></span> 
     </span>
     <span class='ocr_line' id='line_1_16' title="bbox 74 1599 1189 1688; baseline 0.004 -26"><span class='ocrx_word' id='word_1_122' title='bbox 74 1603 142 1688; x_wconf 81' lang='lat' dir='ltr'><strong>piat</strong></span> <span class='ocrx_word' id='word_1_123' title='bbox 163 1603 308 1686; x_wconf 86' lang='lat' dir='ltr'><strong>pupillus</strong></span> <span class='ocrx_word' id='word_1_124' title='bbox 333 1601 423 1684; x_wconf 91' lang='lat' dir='ltr'><strong>quod</strong></span> <span class='ocrx_word' id='word_1_125' title='bbox 443 1600 525 1663; x_wconf 85' lang='lat' dir='ltr'><strong>iuste</strong></span> <span class='ocrx_word' id='word_1_126' title='bbox 547 1601 607 1662; x_wconf 88' lang='lat' dir='ltr'><strong>sihi</strong></span> <span class='ocrx_word' id='word_1_127' title='bbox 631 1599 744 1664; x_wconf 88' lang='lat' dir='ltr'><strong>deberi</strong></span> <span class='ocrx_word' id='word_1_128' title='bbox 765 1600 973 1682; x_wconf 77' lang='lat' dir='ltr'><strong>cognoverit,</strong></span> <span class='ocrx_word' id='word_1_129' title='bbox 1007 1611 1061 1662; x_wconf 89' lang='lat' dir='ltr'><strong>aut</strong></span> <span class='ocrx_word' id='word_1_130' title='bbox 1082 1602 1189 1666; x_wconf 88' lang='lat' dir='ltr'><strong>libero</strong></span> 
     </span>
     <span class='ocr_line' id='line_1_17' title="bbox 76 1683 1186 1764; baseline 0.001 -18"><span class='ocrx_word' id='word_1_131' title='bbox 76 1685 211 1746; x_wconf 84' lang='lat' dir='ltr'><strong>arbitrio</strong></span> <span class='ocrx_word' id='word_1_132' title='bbox 233 1685 273 1748; x_wconf 88' lang='lat' dir='ltr'><strong>de</strong></span> <span class='ocrx_word' id='word_1_133' title='bbox 294 1685 390 1747; x_wconf 86' lang='lat' dir='ltr'><strong>rebus</strong></span> <span class='ocrx_word' id='word_1_134' title='bbox 410 1683 494 1760; x_wconf 89' lang='lat' dir='ltr'><strong>suis,</strong></span> <span class='ocrx_word' id='word_1_135' title='bbox 516 1692 626 1746; x_wconf 87' lang='lat' dir='ltr'><strong>utrum</strong></span> <span class='ocrx_word' id='word_1_136' title='bbox 645 1683 839 1760; x_wconf 82' lang='lat' dir='ltr'><strong>cessionem,</strong></span> <span class='ocrx_word' id='word_1_137' title='bbox 861 1704 901 1742; x_wconf 90' lang='lat' dir='ltr'><strong>an</strong></span> <span class='ocrx_word' id='word_1_138' title='bbox 923 1683 1053 1764; x_wconf 78' lang='lat' dir='ltr'><strong>qualem</strong></span> <span class='ocrx_word' id='word_1_139' title='bbox 1075 1686 1186 1748; x_wconf 81' lang='lat' dir='ltr'><strong>volue-</strong></span> 
     </span>
     <span class='ocr_line' id='line_1_18' title="bbox 73 1764 1186 1848; baseline -0.001 -17"><span class='ocrx_word' id='word_1_140' title='bbox 73 1769 120 1831; x_wconf 89' lang='lat' dir='ltr'><strong>rit</strong></span> <span class='ocrx_word' id='word_1_141' title='bbox 148 1767 300 1830; x_wconf 85' lang='lat' dir='ltr'><strong>ordinare</strong></span> <span class='ocrx_word' id='word_1_142' title='bbox 328 1765 570 1842; x_wconf 80' lang='lat' dir='ltr'><strong>definitionem,</strong></span> <span class='ocrx_word' id='word_1_143' title='bbox 605 1767 733 1848; x_wconf 89' lang='lat' dir='ltr'><strong>plenam</strong></span> <span class='ocrx_word' id='word_1_144' title='bbox 763 1764 878 1828; x_wconf 87' lang='lat' dir='ltr'><strong>habeat</strong></span> <span class='ocrx_word' id='word_1_145' title='bbox 907 1765 1101 1835; x_wconf 65' lang='lat' dir='ltr'><strong>libertatem,</strong></span> <span class='ocrx_word' id='word_1_146' title='bbox 1151 1770 1186 1830; x_wconf 88' lang='lat' dir='ltr'><strong>Si</strong></span> 
     </span>
     <span class='ocr_line' id='line_1_19' title="bbox 73 1847 1185 1934; baseline -0.001 -20"><span class='ocrx_word' id='word_1_147' title='bbox 73 1873 154 1914; x_wconf 82' lang='lat' dir='ltr'><strong>reru</strong></span> <span class='ocrx_word' id='word_1_148' title='bbox 164 1849 345 1934; x_wconf 81' lang='lat' dir='ltr'><strong>proveniat,</strong></span> <span class='ocrx_word' id='word_1_149' title='bbox 367 1859 403 1911; x_wconf 88' lang='lat' dir='ltr'><strong>ut</strong></span> <span class='ocrx_word' id='word_1_150' title='bbox 418 1869 492 1909; x_wconf 90' lang='lat' dir='ltr'><strong>cum</strong></span> <span class='ocrx_word' id='word_1_151' title='bbox 507 1847 540 1908; x_wconf 92' lang='lat' dir='ltr'><strong>in</strong></span> <span class='ocrx_word' id='word_1_152' title='bbox 557 1849 694 1911; x_wconf 86' lang='lat' dir='ltr'><strong>tuitione</strong></span> <span class='ocrx_word' id='word_1_153' title='bbox 712 1858 777 1924; x_wconf 86' lang='lat' dir='ltr'><strong>est,</strong></span> <span class='ocrx_word' id='word_1_154' title='bbox 799 1847 926 1910; x_wconf 76' lang='lat' dir='ltr'><strong>mortali</strong></span> <span class='ocrx_word' id='word_1_155' title='bbox 943 1847 1074 1930; x_wconf 69' lang='lat' dir='ltr'><strong>langore</strong></span> <span class='ocrx_word' id='word_1_156' title='bbox 1087 1873 1185 1913; x_wconf 77' lang='lat' dir='ltr'><strong>vexe-</strong></span> 
     </span>
     <span class='ocr_line' id='line_1_20' title="bbox 73 1929 1189 2015; baseline -0.001 -20"><span class='ocrx_word' id='word_1_157' title='bbox 73 1943 147 2006; x_wconf 69' lang='lat' dir='ltr'><strong>tur,</strong></span> <span class='ocrx_word' id='word_1_158' title='bbox 179 1931 260 2015; x_wconf 85' lang='lat' dir='ltr'><strong>quid</strong></span> <span class='ocrx_word' id='word_1_159' title='bbox 281 1931 321 1994; x_wconf 88' lang='lat' dir='ltr'><strong>de</strong></span> <span class='ocrx_word' id='word_1_160' title='bbox 342 1931 404 1994; x_wconf 86' lang='lat' dir='ltr'><strong>sibi</strong></span> <span class='ocrx_word' id='word_1_161' title='bbox 426 1929 542 1994; x_wconf 86' lang='lat' dir='ltr'><strong>debitis</strong></span> <span class='ocrx_word' id='word_1_162' title='bbox 566 1931 662 1994; x_wconf 89' lang='lat' dir='ltr'><strong>rebus</strong></span> <span class='ocrx_word' id='word_1_163' title='bbox 684 1930 826 1994; x_wconf 88' lang='lat' dir='ltr'><strong>iudicare</strong></span> <span class='ocrx_word' id='word_1_164' title='bbox 850 1929 998 2012; x_wconf 74' lang='lat' dir='ltr'><strong>elegerit,</strong></span> <span class='ocrx_word' id='word_1_165' title='bbox 1019 1953 1037 1992; x_wconf 84' lang='lat' dir='ltr'><strong>a</strong></span> <span class='ocrx_word' id='word_1_166' title='bbox 1059 1932 1189 1994; x_wconf 87' lang='lat' dir='ltr'><strong>decimo</strong></span> 
     </span>
     <span class='ocr_line' id='line_1_21' title="bbox 73 2011 1187 2095; baseline -0.003 -18"><span class='ocrx_word' id='word_1_167' title='bbox 73 2015 185 2078; x_wconf 85' lang='lat' dir='ltr'><strong>aetatis</strong></span> <span class='ocrx_word' id='word_1_168' title='bbox 203 2035 279 2077; x_wconf 85' lang='lat' dir='ltr'><strong>auae</strong></span> <span class='ocrx_word' id='word_1_169' title='bbox 300 2035 405 2092; x_wconf 87' lang='lat' dir='ltr'><strong>anno,</strong></span> <span class='ocrx_word' id='word_1_170' title='bbox 427 2012 518 2076; x_wconf 82' lang='lat' dir='ltr'><strong>iuxta</strong></span> <span class='ocrx_word' id='word_1_171' title='bbox 538 2013 685 2074; x_wconf 88' lang='lat' dir='ltr'><strong>ordinem</strong></span> <span class='ocrx_word' id='word_1_172' title='bbox 701 2013 758 2095; x_wconf 88' lang='lat' dir='ltr'><strong>qui</strong></span> <span class='ocrx_word' id='word_1_173' title='bbox 777 2013 812 2074; x_wconf 91' lang='lat' dir='ltr'><strong>in</strong></span> <span class='ocrx_word' id='word_1_174' title='bbox 829 2011 892 2073; x_wconf 83' lang='lat' dir='ltr'><strong>elia</strong></span> <span class='ocrx_word' id='word_1_175' title='bbox 912 2013 983 2094; x_wconf 76' lang='lat' dir='ltr'><strong>lege</strong></span> <span class='ocrx_word' id='word_1_176' title='bbox 1005 2022 1052 2076; x_wconf 83' lang='lat' dir='ltr'><strong>est</strong></span> <span class='ocrx_word' id='word_1_177' title='bbox 1074 2015 1187 2078; x_wconf 72' lang='lat' dir='ltr'><strong>defini-</strong></span> 
     </span>
     <span class='ocr_line' id='line_1_22' title="bbox 72 2094 1185 2178; baseline 0 -18"><span class='ocrx_word' id='word_1_178' title='bbox 72 2107 148 2175; x_wconf 86' lang='lat' dir='ltr'><strong>tus,</strong></span> <span class='ocrx_word' id='word_1_179' title='bbox 170 2097 388 2178; x_wconf 80' lang='lat' dir='ltr'><strong>plenissimam</strong></span> <span class='ocrx_word' id='word_1_180' title='bbox 407 2105 600 2178; x_wconf 84' lang='lat' dir='ltr'><strong>potestatem</strong></span> <span class='ocrx_word' id='word_1_181' title='bbox 619 2095 742 2162; x_wconf 86' lang='lat' dir='ltr'><strong>babeat.</strong></span> <span class='ocrx_word' id='word_1_182' title='bbox 782 2097 831 2156; x_wconf 82' lang='lat' dir='ltr'><strong>De</strong></span> <span class='ocrx_word' id='word_1_183' title='bbox 852 2094 947 2156; x_wconf 87' lang='lat' dir='ltr'><strong>rebus</strong></span> <span class='ocrx_word' id='word_1_184' title='bbox 971 2116 1048 2158; x_wconf 83' lang='lat' dir='ltr'><strong>vero</strong></span> <span class='ocrx_word' id='word_1_185' title='bbox 1071 2098 1185 2160; x_wconf 86' lang='lat' dir='ltr'><strong>tutoris</strong></span> 
     </span>
     <span class='ocr_line' id='line_1_23' title="bbox 73 2176 1185 2264; baseline -0.002 -22"><span class='ocrx_word' id='word_1_186' title='bbox 73 2202 132 2242; x_wconf 89' lang='lat' dir='ltr'><strong>sen</strong></span> <span class='ocrx_word' id='word_1_187' title='bbox 152 2181 267 2243; x_wconf 80' lang='lat' dir='ltr'><strong>vivens</strong></span> <span class='ocrx_word' id='word_1_188' title='bbox 293 2179 362 2242; x_wconf 83' lang='lat' dir='ltr'><strong>sire</strong></span> <span class='ocrx_word' id='word_1_189' title='bbox 393 2179 534 2240; x_wconf 88' lang='lat' dir='ltr'><strong>moriens</strong></span> <span class='ocrx_word' id='word_1_190' title='bbox 569 2179 763 2240; x_wconf 87' lang='lat' dir='ltr'><strong>idamtutor</strong></span> <span class='ocrx_word' id='word_1_191' title='bbox 784 2199 835 2238; x_wconf 90' lang='lat' dir='ltr'><strong>eas</strong></span> <span class='ocrx_word' id='word_1_192' title='bbox 857 2176 1013 2255; x_wconf 87' lang='lat' dir='ltr'><strong>anfiliis,</strong></span> <span class='ocrx_word' id='word_1_193' title='bbox 1047 2202 1087 2240; x_wconf 85' lang='lat' dir='ltr'><strong>an</strong></span> <span class='ocrx_word' id='word_1_194' title='bbox 1110 2181 1185 2264; x_wconf 92' lang='lat' dir='ltr'><strong>qui-</strong></span> 
     </span>
     <span class='ocr_line' id='line_1_24' title="bbox 72 2259 1182 2344; baseline -0.003 -18"><span class='ocrx_word' id='word_1_195' title='bbox 72 2264 264 2344; x_wconf 86' lang='lat' dir='ltr'><strong>buscunque</strong></span> <span class='ocrx_word' id='word_1_196' title='bbox 287 2262 434 2342; x_wconf 81' lang='lat' dir='ltr'><strong>personis</strong></span> <span class='ocrx_word' id='word_1_197' title='bbox 457 2259 652 2342; x_wconf 79' lang='lat' dir='ltr'><strong>reliquerit,</strong></span> <span class='ocrx_word' id='word_1_198' title='bbox 670 2261 697 2322; x_wconf 91' lang='lat' dir='ltr'><strong>si</strong></span> <span class='ocrx_word' id='word_1_199' title='bbox 716 2259 849 2342; x_wconf 84' lang='lat' dir='ltr'><strong>pupillis</strong></span> <span class='ocrx_word' id='word_1_200' title='bbox 867 2259 993 2321; x_wconf 87' lang='lat' dir='ltr'><strong>reddita</strong></span> <span class='ocrx_word' id='word_1_201' title='bbox 1012 2262 1094 2323; x_wconf 89' lang='lat' dir='ltr'><strong>ratio</strong></span> <span class='ocrx_word' id='word_1_202' title='bbox 1117 2285 1182 2324; x_wconf 90' lang='lat' dir='ltr'><strong>non</strong></span> 
     </span>
     <span class='ocr_line' id='line_1_25' title="bbox 72 2343 1183 2425; baseline 0 -18"><span class='ocrx_word' id='word_1_203' title='bbox 72 2345 190 2420; x_wconf 85' lang='lat' dir='ltr'><strong>fuerit,</strong></span> <span class='ocrx_word' id='word_1_204' title='bbox 223 2344 313 2406; x_wconf 81' lang='lat' dir='ltr'><strong>iuxta</strong></span> <span class='ocrx_word' id='word_1_205' title='bbox 339 2343 555 2408; x_wconf 73' lang='lat' dir='ltr'><strong>inventarium</strong></span> <span class='ocrx_word' id='word_1_206' title='bbox 600 2344 666 2404; x_wconf 90' lang='lat' dir='ltr'><strong>uod</strong></span> <span class='ocrx_word' id='word_1_207' title='bbox 686 2353 831 2425; x_wconf 86' lang='lat' dir='ltr'><strong>tempore</strong></span> <span class='ocrx_word' id='word_1_208' title='bbox 861 2350 1008 2424; x_wconf 86' lang='lat' dir='ltr'><strong>acceptae</strong></span> <span class='ocrx_word' id='word_1_209' title='bbox 1036 2345 1183 2407; x_wconf 87' lang='lat' dir='ltr'><strong>tuitionis</strong></span> 
     </span>
     <span class='ocr_line' id='line_1_26' title="bbox 72 2366 1184 2508; baseline -0.002 -18"><span class='ocrx_word' id='word_1_210' title='bbox 72 2428 283 2503; x_wconf 78' lang='lat' dir='ltr'><strong>estfactum,</strong></span> <span class='ocrx_word' id='word_1_211' title='bbox 318 2427 388 2489; x_wconf 85' lang='lat' dir='ltr'><strong>aive</strong></span> <span class='ocrx_word' id='word_1_212' title='bbox 417 2426 506 2508; x_wconf 88' lang='lat' dir='ltr'><strong>quod</strong></span> <span class='ocrx_word' id='word_1_213' title='bbox 526 2366 695 2490; x_wconf 68' lang='lat' dir='ltr'><strong>evidenter</strong></span> <span class='ocrx_word' id='word_1_214' title='bbox 715 2423 801 2507; x_wconf 83' lang='lat' dir='ltr'><strong>apud</strong></span> <span class='ocrx_word' id='word_1_215' title='bbox 820 2432 962 2488; x_wconf 83' lang='lat' dir='ltr'><strong>tutorem</strong></span> <span class='ocrx_word' id='word_1_216' title='bbox 982 2424 1079 2490; x_wconf 82' lang='lat' dir='ltr'><strong>fuisse</strong></span> <span class='ocrx_word' id='word_1_217' title='bbox 1102 2428 1184 2490; x_wconf 86' lang='lat' dir='ltr'><strong>exti-</strong></span> 
     </span>
     <span class='ocr_line' id='line_1_27' title="bbox 70 2505 1183 2590; baseline -0.004 -16"><span class='ocrx_word' id='word_1_218' title='bbox 70 2510 150 2574; x_wconf 78' lang='lat' dir='ltr'><strong>terit</strong></span> <span class='ocrx_word' id='word_1_219' title='bbox 168 2509 394 2587; x_wconf 78' lang='lat' dir='ltr'><strong>manifestum,</strong></span> <span class='ocrx_word' id='word_1_220' title='bbox 423 2509 480 2590; x_wconf 87' lang='lat' dir='ltr'><strong>qui</strong></span> <span class='ocrx_word' id='word_1_221' title='bbox 500 2529 552 2569; x_wconf 89' lang='lat' dir='ltr'><strong>res</strong></span> <span class='ocrx_word' id='word_1_222' title='bbox 574 2507 688 2570; x_wconf 87' lang='lat' dir='ltr'><strong>tutoris</strong></span> <span class='ocrx_word' id='word_1_223' title='bbox 708 2505 898 2584; x_wconf 87' lang='lat' dir='ltr'><strong>habuerint,</strong></span> <span class='ocrx_word' id='word_1_224' title='bbox 932 2507 1064 2590; x_wconf 86' lang='lat' dir='ltr'><strong>pupillis</strong></span> <span class='ocrx_word' id='word_1_225' title='bbox 1084 2509 1183 2579; x_wconf 87' lang='lat' dir='ltr'><strong>indu·</strong></span> 
     </span>
     <span class='ocr_line' id='line_1_28' title="bbox 71 2589 1183 2672; baseline 0.003 -20"><span class='ocrx_word' id='word_1_226' title='bbox 71 2591 216 2652; x_wconf 84' lang='lat' dir='ltr'><strong>bitanter</strong></span> <span class='ocrx_word' id='word_1_227' title='bbox 244 2593 353 2652; x_wconf 88' lang='lat' dir='ltr'><strong>omnia</strong></span> <span class='ocrx_word' id='word_1_228' title='bbox 381 2590 613 2652; x_wconf 84' lang='lat' dir='ltr'><strong>reformabunt.</strong></span> <span class='ocrx_word' id='word_1_229' title='bbox 661 2590 764 2652; x_wconf 86' lang='lat' dir='ltr'><strong>Huius</strong></span> <span class='ocrx_word' id='word_1_230' title='bbox 790 2609 866 2650; x_wconf 90' lang='lat' dir='ltr'><strong>sane</strong></span> <span class='ocrx_word' id='word_1_231' title='bbox 896 2589 977 2672; x_wconf 74' lang='lat' dir='ltr'><strong>legis</strong></span> <span class='ocrx_word' id='word_1_232' title='bbox 1004 2593 1183 2655; x_wconf 84' lang='lat' dir='ltr'><strong>remedium</strong></span> 
     </span>
     <span class='ocr_line' id='line_1_29' title="bbox 75 2673 1182 2760; baseline 0.004 -26"><span class='ocrx_word' id='word_1_233' title='bbox 75 2675 205 2734; x_wconf 87' lang='lat' dir='ltr'><strong>cunctis</strong></span> <span class='ocrx_word' id='word_1_234' title='bbox 224 2674 357 2756; x_wconf 90' lang='lat' dir='ltr'><strong>pupillis</strong></span> <span class='ocrx_word' id='word_1_235' title='bbox 378 2673 468 2735; x_wconf 86' lang='lat' dir='ltr'><strong>dabit</strong></span> <span class='ocrx_word' id='word_1_236' title='bbox 497 2673 717 2736; x_wconf 75' lang='lat' dir='ltr'><strong>indubitanter</strong></span> <span class='ocrx_word' id='word_1_237' title='bbox 744 2673 945 2743; x_wconf 66' lang='lat' dir='ltr'><strong>consultum</strong></span> <span class='ocrx_word' id='word_1_238' title='bbox 988 2683 1123 2760; x_wconf 83' lang='lat' dir='ltr'><strong>excepto</strong></span> <span class='ocrx_word' id='word_1_239' title='bbox 1156 2679 1182 2739; x_wconf 91' lang='lat' dir='ltr'><strong>si</strong></span> 
     </span>
     <span class='ocr_line' id='line_1_30' title="bbox 73 2753 1182 2850; baseline -0.004 -34"><span class='ocrx_word' id='word_1_240' title='bbox 73 2756 162 2816; x_wconf 80' lang='lat' dir='ltr'><strong>illud</strong></span> <span class='ocrx_word' id='word_1_241' title='bbox 181 2764 304 2838; x_wconf 85' lang='lat' dir='ltr'><strong>tempus</strong></span> <span class='ocrx_word' id='word_1_242' title='bbox 324 2755 514 2832; x_wconf 82' lang='lat' dir='ltr'><strong>advenerit,</strong></span> <span class='ocrx_word' id='word_1_243' title='bbox 538 2753 669 2836; x_wconf 87' lang='lat' dir='ltr'><strong>quando</strong></span> <span class='ocrx_word' id='word_1_244' title='bbox 699 2775 812 2820; x_wconf 88' lang='lat' dir='ltr'><strong>eorum</strong></span> <span class='ocrx_word' id='word_1_245' title='bbox 838 2775 950 2818; x_wconf 80' lang='lat' dir='ltr'><strong>vocem</strong></span> <span class='ocrx_word' id='word_1_246' title='bbox 979 2757 1182 2850; x_wconf 59' lang='lat' dir='ltr'><strong>quinquage-</strong></span> 
     </span>
     <span class='ocr_line' id='line_1_31' title="bbox 74 2836 698 2924; baseline 0.011 -24"><span class='ocrx_word' id='word_1_247' title='bbox 74 2838 168 2901; x_wconf 80' lang='lat' dir='ltr'><strong>nario</strong></span> <span class='ocrx_word' id='word_1_248' title='bbox 189 2860 322 2903; x_wconf 75' lang='lat' dir='ltr'><strong>numero</strong></span> <span class='ocrx_word' id='word_1_249' title='bbox 343 2840 397 2904; x_wconf 86' lang='lat' dir='ltr'><strong>lex</strong></span> <span class='ocrx_word' id='word_1_250' title='bbox 421 2837 521 2924; x_wconf 82' lang='lat' dir='ltr'><strong>sopiri</strong></span> <span class='ocrx_word' id='word_1_251' title='bbox 542 2836 698 2906; x_wconf 79' lang='lat' dir='ltr'><strong>decrerit.</strong></span> 
     </span>
    </p>
   </div>
   <div class='ocr_carea' id='block_1_3' title="bbox 242 3010 1088 3116">
    <p class='ocr_par' dir='ltr' id='par_1_3' title="bbox 242 3010 1088 3116">
     <span class='ocr_line' id='line_1_32' title="bbox 242 3010 1088 3116; baseline 0.002 -22"><span class='ocrx_word' id='word_1_252' title='bbox 242 3023 364 3094; x_wconf 71' lang='lat' dir='ltr'><strong>&#39;Ttm</strong></span> <span class='ocrx_word' id='word_1_253' title='bbox 391 3020 458 3095; x_wconf 82' lang='lat' dir='ltr'><strong>tv.</strong></span> <span class='ocrx_word' id='word_1_254' title='bbox 507 3021 567 3094; x_wconf 90' lang='lat' dir='ltr'><strong>De</strong></span> <span class='ocrx_word' id='word_1_255' title='bbox 590 3022 762 3116; x_wconf 84' lang='lat' dir='ltr'><strong>expositis</strong></span> <span class='ocrx_word' id='word_1_256' title='bbox 787 3021 1002 3098; x_wconf 73' lang='lat' dir='ltr'><strong>infamibus.</strong></span> <span class='ocrx_word' id='word_1_257' title='bbox 1087 3010 1088 3014; x_wconf 23' lang='lat'>¹</span> 
     </span>
    </p>
   </div>
   <div class='ocr_carea' id='block_1_4' title="bbox 96 3185 1165 3274">
    <p class='ocr_par' dir='ltr' id='par_1_4' title="bbox 96 3185 1165 3274">
     <span class='ocr_line' id='line_1_33' title="bbox 96 3185 1165 3274; baseline 0 -26"><span class='ocrx_word' id='word_1_258' title='bbox 96 3187 121 3250; x_wconf 87' lang='lat' dir='ltr'><strong>l.</strong></span> <span class='ocrx_word' id='word_1_259' title='bbox 159 3185 201 3250; x_wconf 83' lang='lat' dir='ltr'><strong>Ut</strong></span> <span class='ocrx_word' id='word_1_260' title='bbox 218 3209 281 3271; x_wconf 86' lang='lat' dir='ltr'><strong>pro</strong></span> <span class='ocrx_word' id='word_1_261' title='bbox 302 3187 448 3273; x_wconf 77' lang='lat' dir='ltr'><strong>exposito</strong></span> <span class='ocrx_word' id='word_1_262' title='bbox 470 3185 627 3269; x_wconf 81' lang='lat' dir='ltr'><strong>infantulo</strong></span> <span class='ocrx_word' id='word_1_263' title='bbox 647 3187 786 3267; x_wconf 70' lang='lat' dir='ltr'><strong>ingenuo</strong></span> <span class='ocrx_word' id='word_1_264' title='bbox 804 3189 926 3251; x_wconf 75' lang='lat' dir='ltr'><strong>serviat</strong></span> <span class='ocrx_word' id='word_1_265' title='bbox 943 3189 999 3271; x_wconf 83' lang='lat' dir='ltr'><strong>qui</strong></span> <span class='ocrx_word' id='word_1_266' title='bbox 1015 3189 1165 3274; x_wconf 61' lang='lat' dir='ltr'><strong>proiecit„</strong></span> 
     </span>
    </p>
   </div>
   <div class='ocr_carea' id='block_1_5' title="bbox 73 3298 1185 4278">
    <p class='ocr_par' dir='ltr' id='par_1_5' title="bbox 73 3298 1185 4278">
     <span class='ocr_line' id='line_1_34' title="bbox 156 3298 1185 3386; baseline -0.002 -22"><span class='ocrx_word' id='word_1_267' title='bbox 156 3301 191 3364; x_wconf 90' lang='lat' dir='ltr'><strong>Si</strong></span> <span class='ocrx_word' id='word_1_268' title='bbox 210 3302 285 3384; x_wconf 92' lang='lat' dir='ltr'><strong>quis</strong></span> <span class='ocrx_word' id='word_1_269' title='bbox 294 3323 433 3385; x_wconf 78' lang='lat' dir='ltr'><strong>puernnn</strong></span> <span class='ocrx_word' id='word_1_270' title='bbox 449 3310 504 3365; x_wconf 90' lang='lat' dir='ltr'><strong>aut</strong></span> <span class='ocrx_word' id='word_1_271' title='bbox 524 3298 666 3384; x_wconf 89' lang='lat' dir='ltr'><strong>puellam</strong></span> <span class='ocrx_word' id='word_1_272' title='bbox 683 3299 873 3384; x_wconf 71' lang='lat' dir='ltr'><strong>&#39;ubieunque</strong></span> <span class='ocrx_word' id='word_1_273' title='bbox 898 3303 1078 3386; x_wconf 74' lang='lat' dir='ltr'><strong>expositum</strong></span> <span class='ocrx_word' id='word_1_274' title='bbox 1092 3305 1185 3366; x_wconf 83' lang='lat' dir='ltr'><strong>mise-</strong></span> 
     </span>
     <span class='ocr_line' id='line_1_35' title="bbox 73 3384 1183 3468; baseline -0.002 -22"><span class='ocrx_word' id='word_1_275' title='bbox 73 3384 239 3447; x_wconf 80' lang='lat' dir='ltr'><strong>ricordiae</strong></span> <span class='ocrx_word' id='word_1_276' title='bbox 257 3385 529 3468; x_wconf 87' lang='lat' dir='ltr'><strong>contemplatione</strong></span> <span class='ocrx_word' id='word_1_277' title='bbox 549 3385 740 3466; x_wconf 82' lang='lat' dir='ltr'><strong>collegerit,</strong></span> <span class='ocrx_word' id='word_1_278' title='bbox 758 3393 790 3446; x_wconf 90' lang='lat' dir='ltr'><strong>et</strong></span> <span class='ocrx_word' id='word_1_279' title='bbox 805 3384 952 3446; x_wconf 77' lang='lat' dir='ltr'><strong>nutritus</strong></span> <span class='ocrx_word' id='word_1_280' title='bbox 964 3385 1070 3448; x_wconf 88' lang='lat' dir='ltr'><strong>infans</strong></span> <span class='ocrx_word' id='word_1_281' title='bbox 1089 3409 1108 3446; x_wconf 91' lang='lat' dir='ltr'><strong>a·</strong></span> <span class='ocrx_word' id='word_1_282' title='bbox 1125 3409 1183 3468; x_wconf 87' lang='lat' dir='ltr'><strong>pa·</strong></span> 
     </span>
     <span class='ocr_line' id='line_1_36' title="bbox 73 3466 1183 3550; baseline 0 -22"><span class='ocrx_word' id='word_1_283' title='bbox 73 3467 221 3529; x_wconf 82' lang='lat' dir='ltr'><strong>ren-tibus</strong></span> <span class='ocrx_word' id='word_1_284' title='bbox 236 3467 435 3550; x_wconf 80' lang='lat' dir='ltr'><strong>postmodum</strong></span> <span class='ocrx_word' id='word_1_285' title='bbox 452 3466 551 3528; x_wconf 87' lang='lat' dir='ltr'><strong>fuerit</strong></span> <span class='ocrx_word' id='word_1_286' title='bbox 568 3469 713 3550; x_wconf 82' lang='lat' dir='ltr'><strong>agnitus:</strong></span> <span class='ocrx_word' id='word_1_287' title='bbox 736 3466 762 3528; x_wconf 83' lang='lat' dir='ltr'><strong>si</strong></span> <span class='ocrx_word' id='word_1_288' title='bbox 780 3466 994 3550; x_wconf 80' lang='lat' dir='ltr'><strong>ingenuorum</strong></span> <span class='ocrx_word' id='word_1_289' title='bbox 1014 3468 1103 3530; x_wconf 81' lang='lat' dir='ltr'><strong>lilius.</strong></span> <span class='ocrx_word' id='word_1_290' title='bbox 1116 3491 1183 3529; x_wconf 80' lang='lat' dir='ltr'><strong>esse</strong></span> 
     </span>
     <span class='ocr_line' id='line_1_37' title="bbox 75 3549 1183 3632; baseline 0.004 -22"><span class='ocrx_word' id='word_1_291' title='bbox 75 3549 275 3626; x_wconf 83' lang='lat' dir='ltr'><strong>dinoscitur,</strong></span> <span class='ocrx_word' id='word_1_292' title='bbox 312 3558 367 3609; x_wconf 86' lang='lat' dir='ltr'><strong>aut</strong></span> <span class='ocrx_word' id='word_1_293' title='bbox 400 3571 528 3612; x_wconf 84' lang='lat' dir='ltr'><strong>serrum</strong></span> <span class='ocrx_word' id='word_1_294' title='bbox 563 3549 719 3610; x_wconf 86' lang='lat' dir='ltr'><strong>vicarium</strong></span> <span class='ocrx_word' id='word_1_295' title='bbox 745 3550 906 3627; x_wconf 81' lang='lat' dir='ltr'><strong>reddant,</strong></span> <span class='ocrx_word' id='word_1_296' title='bbox 950 3561 1007 3612; x_wconf 87' lang='lat' dir='ltr'><strong>aut</strong></span> <span class='ocrx_word' id='word_1_297' title='bbox 1028 3552 1183 3632; x_wconf 89' lang='lat' dir='ltr'><strong>precium.</strong></span> 
     </span>
     <span class='ocr_line' id='line_1_38' title="bbox 75 3631 1183 3714; baseline 0.005 -23"><span class='ocrx_word' id='word_1_298' title='bbox 75 3632 173 3710; x_wconf 90' lang='lat' dir='ltr'><strong>Quod</strong></span> <span class='ocrx_word' id='word_1_299' title='bbox 196 3631 222 3693; x_wconf 87' lang='lat' dir='ltr'><strong>si</strong></span> <span class='ocrx_word' id='word_1_300' title='bbox 244 3633 349 3693; x_wconf 86' lang='lat' dir='ltr'><strong>facere</strong></span> <span class='ocrx_word' id='word_1_301' title='bbox 371 3633 504 3694; x_wconf 86' lang='lat' dir='ltr'><strong>fortasse</strong></span> <span class='ocrx_word' id='word_1_302' title='bbox 526 3633 745 3714; x_wconf 70' lang='lat' dir='ltr'><strong>neglexerint,</strong></span> <span class='ocrx_word' id='word_1_303' title='bbox 775 3654 792 3692; x_wconf 90' lang='lat' dir='ltr'><strong>a</strong></span> <span class='ocrx_word' id='word_1_304' title='bbox 819 3631 927 3692; x_wconf 84' lang='lat' dir='ltr'><strong>iudice</strong></span> <span class='ocrx_word' id='word_1_305' title='bbox 958 3634 1115 3696; x_wconf 84' lang='lat' dir='ltr'><strong>territorii</strong></span> <span class='ocrx_word' id='word_1_306' title='bbox 1143 3635 1183 3696; x_wconf 86' lang='lat' dir='ltr'><strong>de</strong></span> 
     </span>
     <span class='ocr_line' id='line_1_39' title="bbox 73 3714 1183 3798; baseline 0.002 -24"><span class='ocrx_word' id='word_1_307' title='bbox 73 3715 272 3798; x_wconf 84' lang='lat' dir='ltr'><strong>proprietate</strong></span> <span class='ocrx_word' id='word_1_308' title='bbox 293 3725 463 3793; x_wconf 86' lang='lat' dir='ltr'><strong>parentum</strong></span> <span class='ocrx_word' id='word_1_309' title='bbox 485 3715 646 3796; x_wconf 85' lang='lat' dir='ltr'><strong>expositus</strong></span> <span class='ocrx_word' id='word_1_310' title='bbox 668 3714 862 3789; x_wconf 83' lang='lat' dir='ltr'><strong>redimatur,</strong></span> <span class='ocrx_word' id='word_1_311' title='bbox 892 3721 924 3774; x_wconf 86' lang='lat' dir='ltr'><strong>et</strong></span> <span class='ocrx_word' id='word_1_312' title='bbox 949 3727 1097 3796; x_wconf 87' lang='lat' dir='ltr'><strong>parentes</strong></span> <span class='ocrx_word' id='word_1_313' title='bbox 1119 3715 1183 3776; x_wconf 80' lang='lat' dir='ltr'><strong>bu·</strong></span> 
     </span>
     <span class='ocr_line' id='line_1_40' title="bbox 75 3795 1182 3878; baseline 0.003 -22"><span class='ocrx_word' id='word_1_314' title='bbox 75 3797 125 3858; x_wconf 87' lang='lat' dir='ltr'><strong>ius</strong></span> <span class='ocrx_word' id='word_1_315' title='bbox 148 3795 321 3877; x_wconf 87' lang='lat' dir='ltr'><strong>impietatis</strong></span> <span class='ocrx_word' id='word_1_316' title='bbox 343 3807 488 3858; x_wconf 87' lang='lat' dir='ltr'><strong>auctores</strong></span> <span class='ocrx_word' id='word_1_317' title='bbox 510 3797 609 3858; x_wconf 81' lang='lat' dir='ltr'><strong>exilio</strong></span> <span class='ocrx_word' id='word_1_318' title='bbox 630 3806 786 3878; x_wconf 86' lang='lat' dir='ltr'><strong>perpetuo</strong></span> <span class='ocrx_word' id='word_1_319' title='bbox 811 3796 1006 3876; x_wconf 84' lang='lat' dir='ltr'><strong>relegentur.</strong></span> <span class='ocrx_word' id='word_1_320' title='bbox 1049 3797 1083 3860; x_wconf 83' lang='lat' dir='ltr'><strong>si</strong></span> <span class='ocrx_word' id='word_1_321' title='bbox 1106 3822 1182 3860; x_wconf 70' lang='lat' dir='ltr'><strong>sero</strong></span> 
     </span>
     <span class='ocr_line' id='line_1_41' title="bbox 75 3878 1183 3961; baseline 0.002 -22"><span class='ocrx_word' id='word_1_322' title='bbox 75 3900 143 3939; x_wconf 87' lang='lat' dir='ltr'><strong>non</strong></span> <span class='ocrx_word' id='word_1_323' title='bbox 164 3879 338 3939; x_wconf 89' lang='lat' dir='ltr'><strong>habuerint</strong></span> <span class='ocrx_word' id='word_1_324' title='bbox 360 3880 446 3939; x_wconf 89' lang='lat' dir='ltr'><strong>unde</strong></span> <span class='ocrx_word' id='word_1_325' title='bbox 469 3879 756 3947; x_wconf 80' lang='lat' dir='ltr'><strong>liliumredimere</strong></span> <span class='ocrx_word' id='word_1_326' title='bbox 775 3878 922 3961; x_wconf 85' lang='lat' dir='ltr'><strong>possint,</strong></span> <span class='ocrx_word' id='word_1_327' title='bbox 941 3901 999 3960; x_wconf 88' lang='lat' dir='ltr'><strong>pro</strong></span> <span class='ocrx_word' id='word_1_328' title='bbox 1022 3879 1183 3941; x_wconf 81' lang='lat' dir='ltr'><strong>infantulo</strong></span> 
     </span>
     <span class='ocr_line' id='line_1_42' title="bbox 73 3961 1185 4044; baseline 0 -21"><span class='ocrx_word' id='word_1_329' title='bbox 73 3961 214 4036; x_wconf 85' lang='lat' dir='ltr'><strong>serviat,¹</strong></span> <span class='ocrx_word' id='word_1_330' title='bbox 234 3961 294 4042; x_wconf 32' lang='lat' dir='ltr'><strong>quis</strong></span> <span class='ocrx_word' id='word_1_331' title='bbox 314 3961 448 4042; x_wconf 88' lang='lat' dir='ltr'><strong>proiecit</strong></span> <span class='ocrx_word' id='word_1_332' title='bbox 456 3987 464 4034; x_wconf 88' lang='lat'>;</span> <span class='ocrx_word' id='word_1_333' title='bbox 487 3964 568 4022; x_wconf 89' lang='lat' dir='ltr'><strong>etin</strong></span> <span class='ocrx_word' id='word_1_334' title='bbox 596 3961 742 4023; x_wconf 89' lang='lat' dir='ltr'><strong>libertate</strong></span> <span class='ocrx_word' id='word_1_335' title='bbox 763 3970 892 4020; x_wconf 82' lang='lat' dir='ltr'><strong>maneat</strong></span> <span class='ocrx_word' id='word_1_336' title='bbox 907 3961 1057 4044; x_wconf 86' lang='lat' dir='ltr'><strong>propria,</strong></span> <span class='ocrx_word' id='word_1_337' title='bbox 1087 3987 1185 4044; x_wconf 85' lang='lat' dir='ltr'><strong>quem</strong></span> 
     </span>
     <span class='ocr_line' id='line_1_43' title="bbox 74 4043 1184 4128; baseline 0 -24"><span class='ocrx_word' id='word_1_338' title='bbox 74 4045 216 4128; x_wconf 74' lang='lat' dir='ltr'><strong>serravit</strong></span> <span class='ocrx_word' id='word_1_339' title='bbox 237 4043 337 4126; x_wconf 86' lang='lat' dir='ltr'><strong>pietas</strong></span> <span class='ocrx_word' id='word_1_340' title='bbox 358 4045 474 4109; x_wconf 78' lang='lat' dir='ltr'><strong>aliene.</strong></span> <span class='ocrx_word' id='word_1_341' title='bbox 525 4047 594 4105; x_wconf 91' lang='lat' dir='ltr'><strong>Hoc</strong></span> <span class='ocrx_word' id='word_1_342' title='bbox 621 4066 700 4105; x_wconf 81' lang='lat' dir='ltr'><strong>vero</strong></span> <span class='ocrx_word' id='word_1_343' title='bbox 727 4045 854 4105; x_wconf 83' lang='lat' dir='ltr'><strong>facinus</strong></span> <span class='ocrx_word' id='word_1_344' title='bbox 882 4065 956 4103; x_wconf 88' lang='lat' dir='ltr'><strong>eum</strong></span> <span class='ocrx_word' id='word_1_345' title='bbox 989 4043 1088 4105; x_wconf 84' lang='lat' dir='ltr'><strong>fuerit</strong></span> <span class='ocrx_word' id='word_1_346' title='bbox 1109 4046 1184 4105; x_wconf 91' lang='lat' dir='ltr'><strong>ubi-</strong></span> 
     </span>
     <span class='ocr_line' id='line_1_44' title="bbox 75 4124 1183 4211; baseline 0.001 -24"><span class='ocrx_word' id='word_1_347' title='bbox 75 4149 210 4208; x_wconf 81' lang='lat' dir='ltr'><strong>cunque</strong></span> <span class='ocrx_word' id='word_1_348' title='bbox 238 4127 459 4206; x_wconf 80' lang='lat' dir='ltr'><strong>commissum,</strong></span> <span class='ocrx_word' id='word_1_349' title='bbox 490 4126 655 4190; x_wconf 83' lang='lat' dir='ltr'><strong>iudicibus</strong></span> <span class='ocrx_word' id='word_1_350' title='bbox 679 4135 713 4190; x_wconf 86' lang='lat' dir='ltr'><strong>et</strong></span> <span class='ocrx_word' id='word_1_351' title='bbox 732 4147 879 4190; x_wconf 78' lang='lat' dir='ltr'><strong>acemare</strong></span> <span class='ocrx_word' id='word_1_352' title='bbox 902 4124 998 4190; x_wconf 82' lang='lat' dir='ltr'><strong>liceat</strong></span> <span class='ocrx_word' id='word_1_353' title='bbox 1019 4137 1051 4190; x_wconf 84' lang='lat' dir='ltr'><strong>at</strong></span> <span class='ocrx_word' id='word_1_354' title='bbox 1072 4129 1183 4211; x_wconf 82' lang='lat' dir='ltr'><strong>damp-</strong></span> 
     </span>
     <span class='ocr_line' id='line_1_45' title="bbox 76 4230 165 4278; baseline 0.022 -8"><span class='ocrx_word' id='word_1_355' title='bbox 76 4230 165 4278; x_wconf 78' lang='lat' dir='ltr'><strong>nare.</strong></span> 
     </span>
    </p>
   </div>
   <div class='ocr_carea' id='block_1_6' title="bbox 0 0 1328 4874">
    <p class='ocr_par' dir='ltr' id='par_1_6' title="bbox 0 0 1328 4874">
     <span class='ocr_line' id='line_1_46' title="bbox 0 0 1328 4874; baseline 0 1"><span class='ocrx_word' id='word_1_356' title='bbox 0 0 1328 4874; x_wconf 95' lang='lat' dir='ltr'><strong> </strong></span> 
     </span>
    </p>
   </div>
  </div>
 </body>
</html>
