2684 4868
137 278 211 359 532
249 364 253 368 ,
310 289 435 348 mors
453 271 747 355 waraorncnua
766 287 834 350 ua
850 290 885 348 v.
901 289 974 350 nr.
992 291 1060 356 vn.

139 440 209 523 ipse
231 433 289 518 qui
309 429 512 508 manumisi,
541 429 628 495 dicat
648 429 738 514 quod
766 429 827 494 sub
848 430 958 514 aliquo
979 431 1100 514 placito
1121 443 1177 496 sut
1198 431 1258 500 de-

138 520 289 587 finitione
319 537 395 577 eum
422 513 630 585 liberaverit;
661 513 689 576 si
715 535 775 597 per
801 515 994 597 scripturam
1019 516 1166 584 definitio
1188 517 1259 602 ipsa

139 603 273 669 minime
295 596 458 676 claruerit,
475 606 571 658 testes
592 595 650 678 qui
671 607 856 680 praesentes
877 597 1000 664 fuerint
1018 607 1091 662 ante
1112 601 1257 664 iudicem

139 687 247 770 ipsum
290 680 423 745 lacitum
444 680 496 742 vel
526 679 751 762 definitionem
779 680 887 744 dicere
910 701 978 743 nou
999 694 1191 764 graventur:
1212 685 1257 747 'et

139 703 345 856 postmodum
354 763 445 848 quod
458 763 614 848 placitum
635 770 668 824 et
680 763 853 828 definitum
872 763 1079 844 fueritstare
1099 765 1255 836 iuhemus.

578 881 618 942 X.
659 899 811 956 auricus.
877 909 879 916 v

211 1065 215 1084 ,
269 1056 274 1068 ,
322 995 361 1077 δι’
386 995 520 1060 libertus
542 995 693 1058 iniuriam
714 993 817 1076 faciat
838 994 1075 1066 manumissent,
1100 1069 1103 1084 ι

224 1110 260 1173 si
274 1107 427 1170 tibertus.
448 1103 674 1166 manumissori
702 1123 762 1166 suo
792 1103 969 1168 iniuriosus
996 1104 1112 1182 fuerit,
1143 1113 1199 1170 aut
1231 1105 1260 1168 si
1310 1183 1312 1186 Ι

139 1203 312 1280 patronum
340 1211 436 1252 saum
466 1208 576 1282 pugno
603 1195 659 1283 aqt
687 1187 838 1284 quolibet
864 1188 933 1250 ictu
955 1188 1174 1285 percusserit,
1204 1190 1260 1284 vel

140 1302 216 1341 eum
237 1274 329 1339 falsis
349 1271 607 1341 accusationibus
629 1279 814 1353 impetrent
841 1272 930 1333 uude
953 1294 1014 1354 rpsr
1035 1281 1151 1356 capitas
1171 1294 1260 1354 pem-

35 1420 37 1426 ,
141 1364 254 1423 culum
288 1363 518 1439 comparetur,
551 1352 725 1415 addicendi
753 1375 829 1416 eum
858 1355 900 1416 ad
927 1354 1123 1417 servitutem
1143 1355 1262 1417 haheat

139 1451 346 1528 potestatem,
377 1438 420 1498 ita
441 1445 549 1498 tamen
570 1446 606 1500 ut
627 1437 714 1520 apud
734 1435 876 1500 iadicem
903 1438 1020 1524 probet
1050 1459 1176 1500 caussas
1204 1460 1261 1500 su·

140 1527 249 1612 perias
272 1520 531 1606 comprehensas.
836 1541 838 1544 ·

161 1643 219 1706 XI.
262 1639 310 1703 Ne
331 1649 443 1701 contra
462 1647 633 1723 patronum
656 1634 706 1698 vel
715 1633 815 1735 filios
835 1635 904 1698 eius
931 1635 1101 1724 testificari
1121 1635 1259 1709 macac?

269 1788 270 1792 η
593 1739 811 1784 manumassas.
1004 1773 1007 1778 .

209 1803 310 1868 ‘Filio
330 1801 384 1868 vel
404 1799 519 1864 heredi
541 1798 728 1864 manumissi
750 1801 932 1872 libertatem
952 1823 1104 1868 revocare
1127 1824 1194 1866 non
1216 1804 1259 1866 li-

144 1880 225 1967 seat,
247 1887 306 1950 sed
326 1885 442 1971 prioris
469 1884 519 1946 sui
541 1884 594 1946 vel
615 1895 784 1966 pareutum
805 1887 927 1960 factum
959 1887 1029 1950 sine
1051 1887 1259 1950 excusatione

144 1969 315 2039 custodiat.
356 1969 406 2030 Ita
426 1977 533 2030 tamen
556 1976 592 2030 ut
613 1988 676 2028 neo
695 1977 807 2044 contra
829 1969 913 2032 filios
935 1969 1100 2049 filiorum,
1122 1971 1261 2034 libertus

144 2057 197 2124 vel
220 2051 325 2119 omnis
345 2049 515 2140 posteritas
538 2049 608 2112 eius
636 2051 857 2114 testimonium
878 2051 987 2128 dicere
1008 2055 1261 2136 permittantur:

145 2151 177 2206 et
198 2139 227 2204 si
247 2134 390 2201 dixerint
413 2155 479 2193 non
503 2132 654 2194 credatur
674 2157 693 2194 a
714 2135 835 2214 iudice,
858 2135 916 2198 sed
936 2135 1070 2200 redeant
1090 2135 1131 2200 ad
1151 2137 1262 2220 pristi-

147 2245 222 2297 nam
242 2217 437 2283 servitutem.
478 2217 526 2276 De
557 2215 627 2278 aliis
654 2239 731 2278 vero
760 2217 857 2282 rebus
887 2229 942 2282 aut
975 2220 1113 2298 caassiS,
1149 2231 1263 2282 contra

146 2299 274 2387 patroni
297 2301 381 2364 filios
411 2309 465 2361 aut
486 2307 619 2384 nepotes
650 2310 777 2366 tantum
796 2323 855 2386 pro
884 2323 943 2366 suo
964 2302 1033 2366 iure
1065 2303 1149 2366 iuste
1181 2325 1262 2368 con·
1327 2357 1333 2366 ,

148 2387 294 2463 tendant.
725 2393 730 2399 ‘
1239 2387 1242 2393 ’

178 2496 180 2500 ’
478 2489 551 2556 XII.
613 2510 675 2552 sus.
715 2511 803 2554 acus.
845 2513 917 2558 sax.

101 2668 103 2672 ,
486 2603 534 2663 Nc
556 2605 629 2663 testi
656 2615 726 2664 cent
747 2605 939 2667 manumissi.

166 2703 181 2760 j
234 2686 381 2748 Libertus
401 2685 461 2746 veI
476 2683 591 2746 liberta
614 2707 649 2746 m
666 2686 773 2750 ¹nullis
792 2687 928 2769 negotiis
944 2699 1056 2750 contra
1078 2687 1267 2772 quenquam
1318 2693 1321 2706 '

153 2768 375 2853 testimonium
396 2767 503 2828 dicere
525 2768 751 2848 admittantur,
766 2781 917 2854 excepto
939 2771 971 2833 in
994 2772 1155 2855 aliquibus
1176 2793 1268 2834 caus-

155 2852 287 2932 sis,'uhi
309 2851 491 2934 ingenuitas
513 2849 623 2912 deesse
646 2853 871 2935 cognoscitur,
902 2853 986 2916 sicut
1006 2857 1199 2939 permissum
1220 2863 1269 2916 est

121 2949 123 2954 '
155 2949 189 3000 et
209 2937 249 2998 de
272 2933 394 2998 servis·
422 2933 508 3013 Quia
528 2932 699 3018 indignum
731 2938 844 3018 pensat
873 2945 983 2999 nostra
1010 2937 1203 3015 clementia,
1231 2945 1271 2996 ut

155 3021 347 3082 libertorum
366 3016 552 3078 testimonio
580 3017 731 3100 ingenuis
753 3019 891 3102 dampna
920 3021 1157 3084 concutiantur.
1200 3019 1269 3098 Qui

155 3123 232 3166 vero
254 3101 294 3164 de
310 3099 427 3162 iisdem
446 3099 569 3164 fuerint
588 3101 758 3186 procreati,
768 3101 963 3167 omnimodis
984 3105 1025 3168 ad
1045 3099 1269 3168 testimouium

157 3185 374 3252 admittantur.

356 3300 445 3370 XIII.
485 3321 623 3375 narrans
664 3322 727 3369 ras.
766 3322 839 3382 ors„
873 3322 960 3372 nens.
1000 3325 1070 3372 aar.
1149 3358 1152 3362 .

190 3421 251 3484 'De
273 3418 365 3483 aetas
387 3417 667 3493 manumissorum,
694 3416 724 3493 si
747 3417 865 3502 absque
892 3417 1041 3500 legitimis
1047 3417 1140 3503 filiis
1159 3437 1233 3481 mo·

171 3561 172 3565 ,
396 3525 399 3530 ·
648 3499 785 3566 raama.

244 3585 280 3648 si
313 3582 523 3646 manumissus
557 3581 626 3644 sine
657 3583 732 3644 tiliis
761 3585 800 3646 de
830 3582 973 3666 legitimo
1004 3581 1157 3666 coniugio
1186 3587 1272 3648 natis

161 3668 334 3746 transierit,
356 3675 389 3728 et
410 3665 441 3728 ei
456 3673 609 3748 patronus
631 3665 666 3724 in
683 3664 829 3729 libertate
852 3665 978 3750 aliquid
998 3667 1185 3746 donaverit,
1205 3679 1273 3738 ,aut

161 3753 294 3815 torsitau
316 3753 356 3812 de
373 3749 442 3810 eius
453 3748 582 3813 servitio
596 3748 789 3828 discesserit,
802 3758 835 3810 et
846 3750 910 3812 alio
926 3771 960 3812 se
982 3743 1179 3822 contulerit;
1198 3774 1272 3813 om-

163 3835 217 3895 nia
238 3835 280 3894 ad
299 3843 485 3916 patronum,
509 3831 573 3893 sive
596 3831 637 3893 ad
658 3832 726 3892 eius
745 3831 903 3912 heredes,
931 3833 1003 3894 sine
1033 3833 1132 3898 dubio
1159 3855 1273 3896 rever·
1308 3889 1313 3906 ,

133 3966 141 3972 .
160 3925 279 3980 tantur.
320 3915 418 3994 Quod
439 3915 466 3976 si
486 3915 619 3976 forsitan
642 3915 675 3976 in
698 3921 782 3976 terra
803 3915 903 4000 ipsius
923 3916 1051 3998 patroni
1073 3915 1273 3994 consistens,

161 4000 218 4082 qui
239 4017 315 4062 eum
335 3997 535 4074 manumisit,
559 3997 682 4080 aliquid
703 3998 742 4060 de
764 3998 872 4062 labore
895 4020 954 4061 suo
973 3999 1181 4082 acquisierit,
1202 4021 1274 4060 me·
1297 4052 1302 4058 .

161 4083 264 4148 dictas
285 4080 463 4163 acquisitae
492 4079 540 4139 rei
561 4081 681 4144 exinde
709 4081 742 4140 in
764 4081 893 4178 patroni
913 4091 1070 4166 potestate
1099 4084 1273 4160 consistat,

67 4191 72 4200 ·
160 4176 195 4233 et
216 4166 256 4227 de
278 4164 341 4232 alia
363 4161 534 4224 medietate
557 4163 691 4236 tibertus
718 4165 860 4228 faciendi
882 4166 972 4246 quod
985 4166 1126 4229 voluerit
1146 4167 1182 4227 in
1204 4165 1275 4228 eius

162 4256 316 4334 potestate
339 4255 532 4330 permaneat.
576 4246 722 4325 Quodsi
740 4246 842 4312 alium
871 4259 1043 4334 patronum
1069 4248 1130 4315 sibi
1161 4249 1273 4335 elege-
