2684 4868
141 255 219 328 562
323 266 429 324 nucis
446 223 739 324 wnmoruouun
756 267 822 322 nn
840 265 1000 324 uurir.
1018 265 1056 322 u.
1104 349 1107 356 1

51 407 54 414 ’
145 405 389 495 ambopnlslice
409 406 616 491 fustigentur.
654 404 699 470 Et
717 405 745 468 si
764 402 910 468 noluerit
923 401 1070 468 dominns
1081 429 1143 492 pro
1158 431 1256 474 sem

146 498 351 567 satisfacere,
375 489 480 572 ipsum
497 511 628 561 servum
641 511 701 571 pro
719 488 951 571 compositione
967 489 1090 552 tradere
1107 514 1172 553 non
1187 515 1257 560 nio-

147 590 248 643 retnr.
301 571 446 654 Quodsi
468 572 620 656 capitalia
647 575 732 634 lortc
758 571 995 651 commiserint,
1026 572 1254 641 simulacrum

146 683 224 726 cum
242 659 387 745 ingenuo
408 665 511 718 morte
531 653 735 738 dampnetur.

577 764 619 828 V.
679 782 829 838 unricus.

313 881 352 944 Si
378 877 526 942 dominus
551 899 621 939 cum
645 899 740 939 servo
763 861 940 958 sno'faciat
954 875 1093 958 fitrtum.

230 966 265 1028 si
288 963 436 1026 dominus
459 983 532 1022 cum
554 981 644 1022 servo
666 981 723 1022 suo
750 959 791 1024 ad
818 961 939 1020 furtum
965 959 1151 1022 faciendum
1171 959 1256 1040 ierit,

146 1051 233 1112 hanc
256 1043 521 1128 compositionem
544 1064 609 1104 uon
632 1063 758 1104 servum
780 1041 836 1105 sed
859 1042 1027 1105 dominum
1048 1041 1181 1126 implere
1206 1047 1258 1104 iu-

147 1135 278 1198 bemus:
309 1129 351 1188 ita
372 1137 480 1188 tamen
502 1135 537 1186 ut
559 1124 707 1188 dominus
730 1125 797 1186 eius
820 1125 909 1186 iuxta
937 1125 1026 1206 leges
1049 1135 1180 1188 centum
1200 1125 1260 1189 fla·

147 1213 243 1301 gellis
264 1209 442 1293 fustigetur.
485 1209 600 1270 Servus
623 1217 728 1268 antem
750 1209 825 1270 ideo
852 1207 914 1272 erit
942 1205 1153 1294 indempuis,
1174 1209 1260 1294 ‘quia

150 1290 276 1362 domini
298 1292 439 1355 iubentis
458 1289 601 1354 obedivit
621 1289 773 1376 imperiis.

550 1405 607 1469 Vl.
668 1425 816 1480 anatona.

258 1524 297 1586 Si
314 1542 421 1586 servus
440 1521 562 1584 alienus
582 1519 753 1582 suademur
776 1518 822 1582 ad
843 1519 955 1582 illicita
968 1518 1134 1602 facienda.

233 1607 268 1668 si
289 1607 361 1690 quis
384 1624 510 1676 servum
531 1604 674 1666 alienum
697 1602 738 1664 ud
758 1605 879 1666 lurtum
899 1603 1093 1681 laciendum,
1116 1605 1262 1669 autalias

148 1691 192 1756 ad
213 1710 421 1779 quascunque
444 1709 494 1748 res
523 1685 655 1748 illicitas
678 1685 932 1768 committendas,
953 1686 1006 1748 vel
1028 1685 1123 1760 ctiam
1145 1689 1263 1750 adver-

150 1796 203 1837 sus
222 1795 257 1834 se
279 1771 384 1858 ipsum
404 1773 487 1833 forte
508 1767 718 1852 persuaserit,
740 1779 777 1830 ut
798 1768 929 1829 domino
950 1769 1019 1830 eius
1040 1769 1262 1852 perditionem

151 1855 314 1932 exhibeat,
337 1875 401 1938 quo
423 1851 550 1914 facilius
572 1873 645 1914 eum
664 1872 724 1936 per
744 1851 861 1912 malam
882 1859 915 1912 ct
936 1850 1079 1933 iniquam
1099 1853 1263 1936 persuasi-

151 1961 248 2000 onem
268 1939 311 2000 ad
328 1958 423 2000 suum
443 1934 611 1998 servitium
631 1933 855 1998 fraudulenter
875 1933 1021 2012 addicat,
1055 1943 1087 1996 et
1106 1939 1193 1998 fraus
1210 1937 1264 2020 ip·

149 2044 184 2086 sa
205 2019 325 2082 iudicis
352 2017 451 2082 suerit
478 2018 723 2106 investigatione
746 2015 889 2078 detecta:
922 2016 1071 2078 dominus
1092 2019 1175 2080 servi
1198 2016 1278 2082 nec¹

150 2127 278 2168 servum
299 2103 431 2188 perdat,
455 2122 516 2162 nec
540 2099 640 2162 ullam
662 2099 854 2162 calumniam
873 2100 1084 2182 pertimescat.
1126 2102 1260 2185 serip-

151 2209 185 2253 se
209 2186 299 2248 cuius
322 2183 465 2248 colludio
486 2183 539 2246 vel
560 2183 706 2246 suasione
729 2205 840 2245 servus
863 2183 984 2247 crimen
1005 2183 1191 2262 admiserat,
1224 2192 1261 2246 ut

150 2292 226 2331 eum
244 2267 305 2331 sibi
322 2290 381 2352 per
400 2265 543 2349 dliquam
564 2267 767 2328 occasionem
787 2267 828 2327 ad
847 2265 1010 2328 servitium
1031 2267 1185 2350 potuisset
1207 2267 1261 2328 ad·

151 2352 282 2428 dicere,
306 2351 365 2434 ipsi
387 2349 455 2411 eiua
467 2349 549 2412 servi
564 2349 705 2427 domino,
728 2360 883 2431 quantum
903 2347 960 2409 ille
982 2349 1183 2428 involaverit,
1206 2359 1262 2411 aut
1297 2375 1299 2381 ·

152 2442 306 2516 quantum
328 2431 522 2515 culpabilem
542 2453 611 2493 rem
632 2431 817 2511 admiserit,
838 2432 1017 2514 septuplam
1052 2432 1261 2515 compositio-

152 2535 229 2576 nem
250 2515 384 2597 implerc
407 2523 546 2596 cogatur.
588 2515 659 2597 lpse
687 2523 793 2576 autem
820 2536 931 2576 servus
952 2514 985 2574 in
1016 2524 1177 2577 conventu
1196 2537 1261 2596 pu-

152 2597 237 2663 blice
260 2608 392 2660 centum
413 2595 540 2678 flagella
560 2598 722 2681 suscipiat,
744 2619 803 2680 pro
816 2618 855 2658 eo
877 2597 966 2678 quod
986 2595 1153 2658 dominum
1165 2619 1262 2658 snum

153 2679 339 2768 despiciens
358 2678 526 2740 insidianti
547 2689 764 2760 consenserat,
785 2688 819 2742 et
839 2678 887 2742 sic
905 2680 1108 2764 postmodum
1129 2680 1262 2744 domiuo

153 2783 212 2824 suo
235 2783 344 2826 servus
366 2761 526 2824 reddatur.

574 2875 648 2942 VII.
696 2896 844 2953 anricus.

338 2995 388 3056 De
415 2993 464 3054 liis
491 3013 545 3076 qut
568 3013 638 3056 eum
657 2989 787 3075 faribus
806 2992 927 3056 conscii
942 2987 1093 3074 fuerint.
1252 3049 1255 3054 .

171 3106 195 3138 ,ι
238 3078 311 3145 Nou
334 3075 516 3143 solamine
539 3075 596 3159 qui
619 3078 742 3138 furtum
762 3075 892 3154 fecerit,
919 3076 977 3138 sed
1004 3075 1099 3135 etiam
1119 3073 1265 3154 quicun-

74 3229 76 3236 .
154 3179 220 3243 que
243 3161 392 3227 conscius
410 3158 521 3236 fuerit,
541 3160 594 3221 vel
614 3159 724 3220 furtim
744 3159 848 3218 ablata
868 3159 975 3220 sciens
996 3155 1194 3239 susceperit,
1227 3156 1263 3215 in

155 3265 291 3317 numero
311 3243 490 3308 furantium
510 3241 683 3320 habeatur,
712 3249 746 3302 et
766 3241 864 3304 simili
886 3239 1047 3304 vindictae
1069 3238 1245 3305 subiaceat.

431 3357 521 3421 Vlll.
584 3379 646 3420 rus.
689 3379 753 3420 ons.
793 3378 879 3420 nens.
920 3379 990 3420 unx.

352 3471 452 3534 Side
470 3470 548 3554 fare
570 3475 640 3556 qais
662 3474 801 3533 nesciens
831 3473 1074 3557 comparaverit.

153 3569 156 3576 “
239 3555 427 3620 Universum
447 3577 516 3618 rem
538 3555 623 3618 nulli
654 3554 795 3638 ingenuo
823 3555 921 3616 liceat
950 3557 990 3618 de
1011 3555 1179 3638 incognito
1205 3553 1267 3616 ho·

157 3640 244 3704 mine
268 3659 473 3722 comparare,
505 3637 567 3702 uisi
593 3646 679 3700 certe
706 3638 926 3700 fideiussorem
947 3639 1098 3700 adhibeat
1119 3638 1173 3699 cai
1195 3658 1268 3698 cre-

158 3723 193 3784 di
214 3723 333 3806 possit,
355 3730 390 3782 ut
412 3721 575 3784 excusatio
597 3720 796 3803 ignorantiae
818 3723 989 3784 auferatur.
1032 3721 1130 3801 Quod
1155 3721 1182 3782 si
1205 3719 1267 3780 ali-

155 3813 208 3867 ter
227 3804 353 3882 fecerit,
375 3804 433 3886 qui
459 3802 708 3886 comparaverit,
738 3827 756 3862 a
777 3803 884 3869 iudice
918 3803 1080 3866 districtus
1101 3811 1268 3866 auctorem

178 3895 340 3951 raesentet
373 3886 456 3947 infra
487 3894 613 3968 tempus
641 3886 838 3948 sufficienter
868 3887 1013 3950 uindice
1045 3886 1268 3948 constitutum.

155 3911 199 4032 Et
220 3971 246 4032 si
271 3974 325 4033 fur
344 3968 411 4051 ipsc
431 3964 580 4030 habuerit
602 3970 688 4032 unde
711 3969 976 4054 compositionem
998 3969 1159 4046 exsolvat,
1181 3969 1269 4030 inte-

156 4071 245 4137 gram
265 4062 320 4116 aut
341 4051 482 4113 similem
501 4071 570 4113 rem
591 4052 722 4114 domino
743 4054 790 4115 rei
816 4053 947 4116 sarciat:
981 4053 1141 4138 possideat
1160 4061 1270 4112 autem

156 4146 301 4233 emptor,
334 4135 371 4196 si·
388 4135 549 4218 particeps
575 4135 697 4198 fraudis
724 4158 791 4198 non
821 4135 1006 4214 invenitur,
1032 4156 1146 4198 secure
1178 4130 1270 4216 quod

147 4229 255 4285 emite
282 4217 335 4282 vel
354 4214 383 4281 si
400 4218 558 4286 *dominre
577 4217 738 4301 voluerit,
768 4240 837 4284 mm
857 4217 1010 4288 tntivtn
1028 4218 1092 4285 sibi
1112 4216 1273 4304 recipiat,
