2632 4822
451 277 655 336 seruolum
691 281 803 336 isses
1115 272 1185 345 755

75 431 146 490 nire
165 424 325 512 potuerit,
347 421 453 486 tradat
475 442 549 484 eum
578 429 733 504 utsupra
765 421 805 481 ad
827 423 1048 502 moriendum,
1080 436 1114 489 et
1136 443 1187 492 re.

75 513 173 594 cipiat
195 511 314 572 solidos
343 504 421 568 XX.
444 525 524 587 qaos
551 505 708 587 profuga
736 501 834 588 ipsius
858 505 955 567 dedit.
1012 511 1092 569 Nam
1116 512 1184 572 LX,

74 595 194 666 solidos
218 597 389 674 componat
419 610 477 672 pro
507 590 620 672 culpa,
654 585 744 667 quod
775 607 886 649 servus
918 590 986 654 eius
1018 591 1105 652 feeit.
1145 594 1187 655 Et
1258 653 1266 666 ,

74 680 101 740 si
126 677 227 760 spolia
256 675 295 734 de
331 672 463 732 homine
495 671 623 752 sepulto
657 689 767 729 servus
799 669 840 744 de
869 673 1035 752 sepultura
1057 674 1184 752 tulerit,

75 762 115 821 de
150 767 271 839 quanto
303 754 398 831 tulit,
434 752 582 814 dominus
610 751 678 811 eius
707 751 836 827 reddet,
869 762 899 812 et
931 766 1118 836 componat,
1150 767 1186 819 ut

76 843 198 902 dietum
225 847 288 912 est,
317 835 435 898 solidos
465 833 535 902 LX.
570 843 602 896 et
629 853 767 916 persona
798 833 942 895 tradatur
967 838 1007 898 ad
1032 837 1188 901 occiden-

77 925 164 985 dum.
205 922 232 983 l.
254 919 303 981 56.
325 919 355 982 5.

146 1023 226 1057 eoru.
263 1004 340 1055 Petre
359 1007 388 1054 te
405 1000 525 1070 appellat
542 998 692 1061 Martinus,
712 995 786 1069 quod
805 1005 869 1049 tuus
888 1017 979 1052 servus
1000 1001 1102 1055 Paulus
1121 1002 1188 1058 feeit

75 1074 257 1130 iniuriam'ad
273 1071 387 1124 Mariam
409 1088 484 1122 suam
503 1069 704 1134 mundoaldam.
748 1069 790 1119 De
811 1067 891 1122 tort'o.
930 1072 957 1123 Si
975 1071 1091 1125 dixerit:
1118 1076 1188 1136 „fe-

78 1148 131 1201 cit:
149 1151 168 1175 “
184 1143 272 1206 iuret,
292 1141 367 1211 quod
384 1157 453 1193 suaev
466 1157 521 1192 non
533 1139 700 1198 voluntatis,
718 1153 769 1190 nec
785 1141 962 1192 consenciens
980 1141 1092 1205 fuisset,
1112 1145 1188 1212 quod

77 1233 167 1270 servus
188 1215 244 1266 eius
262 1214 319 1264 tale
337 1211 439 1264 malum
456 1210 581 1272 fecisset,
612 1216 640 1260 et
656 1209 729 1258 iuret
755 1208 829 1278 quod
846 1210 969 1265 invenire
995 1229 1051 1264 nou
1076 1215 1185 1282 potuit,

77 1296 106 1340 et
122 1285 192 1337 nihil
212 1283 346 1335 emendet.
572 1328 575 1334 ,
691 1331 694 1338 ,
1063 1313 1065 1320 .
1116 1335 1120 1342 .

85 1391 86 1394 =
146 1358 224 1410 Petre
250 1362 279 1406 te
305 1350 426 1422 appellat
444 1348 596 1409 Martinus,
625 1345 699 1417 quod
716 1352 780 1398 tuus
804 1365 894 1402 servus
919 1349 992 1419 rupit
1020 1352 1186 1422 sepulturam

74 1425 195 1480 Anselmi
220 1422 261 1474 sui
285 1421 387 1492 patris,
415 1427 443 1474 et
466 1419 533 1472 tulit
549 1426 627 1471 tanta
643 1415 730 1487 spolia
747 1417 781 1469 de
798 1418 856 1490 ipsu
874 1420 1027 1492 sepultura,
1054 1439 1187 1491 quaem.
1252 1437 1253 1440 ¹

21 1489 25 1500 ⁸
77 1494 153 1548 lebat
177 1494 226 1546 sol.
246 1493 277 1546 C.
928 1507 930 1512 v
1079 1500 1082 1508 ·

220 1630 269 1688 De
292 1623 387 1690 XXX.
419 1644 572 1686 annorum
597 1623 801 1722 possessione¹
829 1623 1044 1707 praediorum.

156 1735 216 1798 lv.
258 1732 292 1794 Si
318 1735 390 1817 quis
412 1755 470 1818 per
490 1731 593 1798 XXX.
617 1751 717 1791 annos
734 1731 975 1814 possederitd)
994 1727 1116 1814 casam,
1136 1735 1186 1796 fe-

28 1841 31 1850 *
77 1818 200 1879 inillam
220 1818 273 1878 vel
296 1826 414 1894 terras,
441 1826 472 1876 et
493 1816 657 1896 cognitum
687 1814 804 1891 fuerit,
849 1817 937 1897 quod
965 1817 1033 1878 eius
1059 1839 1187 1899 posses·

76 1902 124 1962 sio
151 1902 215 1960 fuit
246 1919 305 1980 per
343 1898 443 1960 XXX.
480 1919 637 1958 annorum
669 1895 848 1975 curricula,
880 1898 920 1957 ad
945 1920 1087 1979 pugnam
1118 1920 1184 1959 non

74 1983 259 2064 perveniat:
279 1979 343 2042 'nisi
365 1982 451 2062 ipse,
481 1981 538 2062 qui
563 1979 703 2063 possedit
724 1983 904 2039 seeundum
930 1983 1118 2060 qualitatem
1130 2003 1185 2063 pe·

76 2066 192 2124 cuniae
211 2085 282 2123 eum
305 2071 500 2124 sacramento
524 2085 581 2122 suo
603 2061 772 2122 defendatt
801 2078 948 2144 nam'per
968 2063 1128 2146 pugnam,
1149 2072 1185 2124 ut

76 2169 172 2230 supra
196 2147 351 2222 diximus,
384 2166 448 2206 non
473 2144 634 2225 fatigetur.
677 2143 718 2202 ll.
741 2141 790 2206 35.
813 2143 843 2206 5.

145 2245 223 2280 roae.
261 2231 339 2280 Petre
370 2234 398 2278 te
430 2227 551 2296 appellat
580 2226 729 2292 Martinus,
766 2226 841 2296 quod
864 2233 895 2279 tu
926 2233 1003 2280 tenes
1030 2224 1082 2279 sibi
1111 2229 1184 2282 malo

77 2296 172 2351 ordine
188 2307 302 2361 terram,
323 2313 394 2366 quae
410 2294 484 2348 iacet
500 2297 528 2346 in
546 2297 595 2348 tali
612 2299 694 2358 loco;
727 2303 793 2358 aut,
813 2297 880 2348 duos
899 2313 1001 2362 servos;
1030 2308 1078 2351 aut
1102 2317 1184 2350 unam

77 2385 153 2422 suam
172 2385 268 2420 casam.
305 2369 427 2426 Possessa
450 2365 538 2418 habeo
563 2381 611 2435 per
629 2367 823 2418 XXXenuos.
858 2366 975 2428 Probet,
1004 2367 1025 2418 si
1043 2369 1181 2437 potuerit,

76 2457 152 2491 suam
169 2437 373 2507 possessionem.
410 2435 437 2488 Si
455 2454 510 2488 non
528 2437 664 2506 potuerit,
691 2435 789 2504 probet
813 2436 860 2504 qui
879 2438 1014 2508 appellat,
1041 2439 1115 2505 quod
1140 2439 1184 2488 in-

76 2508 190 2561 vestitus
208 2507 304 2558 fuisset
320 2505 391 2558 in'l‘ra
407 2506 471 2558 istos
491 2505 574 2559 XXX.
594 2509 731 2570 „annos.“
767 2503 802 2556 Et
826 2507 847 2557 si
864 2525 919 2558 non
946 2508 1082 2578 potuerit3
1110 2507 1183 2562 iuret

76 2579 229 2649 appellatus
247 2595 322 2630 suam
341 2577 542 2645 possessionem.
803 2577 807 2586 '

146 2650 221 2698 Haeo
238 2665 278 2698 res
298 2646 447 2700 seeundum
466 2646 553 2698 asinos
573 2653 621 2697 est.
658 2643 712 2696 Sed
730 2642 771 2695 ita
792 2661 848 2697 esse
871 2643 961 2700 debet.

146 2718 207 2768 Non
233 2727 274 2768 est
290 2734 392 2771 verum.
452 2715 614 2787 Approbabo
631 2714 694 2766 hoe.
731 2718 791 2768 Non
817 2715 901 2766 debes
925 2714 993 2766 mihi
1013 2714 1179 2786 approbare,

75 2788 140 2858 quia
156 2785 210 2838 iarn
227 2794 335 2839 tantum
361 2786 486 2855 possedi,
515 2787 589 2855 quod
606 2784 694 2838 debeo
720 2803 764 2836 rne
781 2785 933 2836 defendere.
978 2787 1102 2838 Defende
1119 2805 1180 2853 ergo

72 2865 101 2910 te
118 2875 166 2926 per
184 2855 297 2913 bellum.
335 2856 396 2907 Non
415 2857 559 2907 delendam
577 2871 620 2908 me
636 2871 685 2925 per
702 2854 825 2918 bellum,
853 2855 900 2906 sed
917 2873 966 2925 per
982 2866 1180 2910 sacramentum

71 2928 137 2997 quia
155 2927 209 2978 iam
226 2926 333 2996 possedi
352 2944 400 2996 per
418 2927 498 2978 XXX.
519 2943 611 2977 annos.
647 2927 688 2975 Da
713 2942 772 2990 ergo
797 2925 907 2993 vadium
932 2933 960 2977 te
988 2926 1113 2978 exdicere
1131 2943 1180 2994 per

71 3005 277 3049 sacramentum.
314 2997 394 3067 Quod
413 2995 482 3048 haee
500 2996 564 3057 lex,
583 2994 732 3046 seeundum
751 2995 901 3064 quosdam,
925 2995 1020 3047 voluit.
1058 2997 1114 3049 Sed
1131 2995 1181 3048 Ai-

1 3087 3 3092 ·
73 3067 246 3136 stulphuset
264 3066 367 3117 bellum
387 3073 414 3117 et
431 3074 627 3118 sacramentum
645 3081 692 3133 pro
710 3063 763 3116 hoc
789 3065 904 3129 delevit,
934 3073 962 3116 et
981 3065 1128 3135 praecipit,
1157 3064 1181 3116 si

74 3135 214 3186 dubitaeio
232 3135 329 3198 fuerit,
348 3143 380 3186 ut
395 3135 492 3206 probet
507 3153 583 3187 suam
597 3133 792 3204 possessionem
809 3135 889 3186 XXX.
907 3151 1055 3198 annorum,
1076 3144 1103 3186 et
1118 3151 1180 3202 pos·
1278 3139 1280 3144 '

75 3205 164 3256 sideat
181 3203 211 3254 in
230 3213 318 3256 antea.

143 3272 196 3324 Vel
214 3272 269 3323 ita:
294 3275 372 3324 Petre
390 3279 419 3324 te
441 3270 561 3342 appellat
586 3269 739 3334 Iohannes,
768 3271 843 3342 quod
866 3279 954 3338 terra,
986 3289 1057 3342 quae
1081 3271 1110 3324 in
1129 3271 1197 3324 tali.

76 3343 213 3403 locasse,
238 3359 287 3404 sua
307 3341 358 3406 sit;
386 3349 413 3392 et
429 3349 461 3392 tu
479 3341 531 3392 tihi
549 3356 608 3393 eam
627 3341 740 3393 detines.
780 3343 841 3393 Non
859 3341 911 3393 tibi
928 3343 1094 3410 respondeo,
1115 3340 1181 3408 (luia

76 3413 183 3484 possedi
200 3428 248 3480 per
265 3408 343 3463 XXX.
364 3428 455 3461 annos.
482 3411 551 3462 Vere
569 3411 730 3479 possedisti,
748 3410 797 3462 sed
814 3411 886 3463 rnalo
906 3412 1007 3463 ordine.
1025 3413 1093 3464 Non.
1120 3411 1180 3462 Hoc

75 3481 127 3539 tibi
147 3481 267 3535 adardio.
303 3481 364 3532 Non
386 3478 468 3531 debes
486 3479 553 3529 mihi
572 3479 711 3540 ada'rdire,
736 3478 801 3548 quia
819 3480 864 3530 lex
880 3481 1029 3550 praecipit,
1063 3490 1094 3532 ut
1112 3497 1180 3552 pug-

75 3570 112 3605 na
134 3569 190 3603 non
212 3549 370 3618 perveniat,
397 3557 540 3619 postquam
562 3535 644 3600 hdmo
660 3549 809 3618 possederit
825 3565 874 3618 per
892 3549 970 3606 XXX.
990 3567 1081 3602 annos.
1125 3551 1180 3601 De-

77 3621 159 3683 fende
179 3637 239 3686 ergo
254 3630 284 3672 te
308 3636 356 3689 per
373 3628 576 3672 sacramentum.
958 3651 962 3662 -

147 3691 227 3761 Quod
248 3690 344 3742 melius
369 3690 424 3741 ita:
444 3691 522 3740 Petre
545 3697 573 3740 te
592 3687 711 3758 appellat
731 3687 883 3750 Martinus,
898 3687 982 3755 -quod
999 3694 1031 3739 tu
1048 3688 1121 3740 malo
1137 3707 1180 3740 or.
1201 3721 1202 3724 ,

76 3759 140 3812 dine
157 3759 276 3830 possides
295 3759 432 3830 quandam
451 3775 525 3809 suam
543 3767 657 3821 terram,
671 3774 747 3828 ,quae
770 3765 810 3809 est
832 3757 861 3808 in
884 3758 934 3810 tali
956 3759 1027 3817 loeo.
1058 3759 1123 3810 *Non
1138 3765 1182 3814 est

75 3849 177 3885 verum.
213 3831 272 3884 Hoc
295 3830 356 3883 vult
374 3828 426 3881 tibi
444 3827 573 3882 adordire.
610 3828 670 3879 Non
695 3826 795 3890 debet,
821 3827 886 3896 quia
903 3827 1080 3896 possediper
1097 3829 1179 3878 XXX.

77 3918 169 3952 annos.
220 3898 306 3962 Erdic
322 3907 352 3950 te
376 3913 435 3964 ergo
462 3915 510 3966 per
527 3905 731 3950 sacramentum.
775 3897 857 3968 Quod
887 3895 1048 3966 Aistulphus
1079 3896 1180 3950 noluit.

78 3965 132 4021 Sed
149 3967 203 4021 ita:
221 3971 281 4022 Non
297 3968 350 4021 tibi
362 3968 533 4039 ‘respondem
559 3966 625 4038 quia
641 3964 748 4040 possedi
766 3985 814 4038 per
831 3967 911 4022 XXX.
932 3982 1023 4020 anuos.

148 4217 180 4290 d)
195 4220 236 4274 Al.
255 4219 341 4274 Codd.
362 4219 434 4273 bona
443 4213 507 4294 fide
522 4211 682 4289 possederit.
