2648 4874
149 296 228 372 454
346 310 452 370 tasas
470 305 845 382 marcommannis,
865 311 901 361 11.
921 309 993 368 nr.
1011 309 1057 364 nr.
1148 393 1151 398 ⁵

145 453 267 520 falsarii
292 461 481 532 teneantur,
510 461 606 536 atque
629 451 761 534 insuper
782 453 821 512 ad
841 453 977 512 aliorum
998 425 1155 511 terrorem
1179 467 1256 512 cen·

75 571 77 576 ¹
146 543 231 604 tenis
257 536 417 621 flagellis,
450 546 481 599 et
501 535 640 622 turpiter
659 533 817 632 decalvati
844 533 983 620 perenni
1003 531 1154 626 infamiae
1180 531 1252 594 suli·

144 623 307 690 iacebunt.

433 733 510 800 Vll.
551 753 612 802 ras.
633 755 697 800 aas.
719 755 874 800 sarsurus.
895 755 975 817 anx„

146 851 195 913 De
218 851 267 912 lais
288 851 345 934 qni
358 847 480 932 salsum
501 851 678 936 probantur
703 850 913 910 castanentum
933 849 1133 932 protulisses
1154 861 1186 911 ct
1212 849 1254 910 de

146 938 248 1022 spatio
262 955 321 1000 sex
336 935 505 1010 mensium,
526 954 587 1013 quo
602 945 711 994 testem
725 933 819 994 liceat
833 931 1006 1012 infirmare,
1028 934 1094 994 sive
1109 945 1144 994 ut
1158 953 1254 1016 super

126 1033 127 1038 ’
242 1017 249 1030 “
343 1029 498 1075 mortuum
518 1037 581 1075 non
600 1015 919 1075 liccattcstimonium
938 1014 1061 1075 dicere..

215 1095 396 1158 ,Falsorum
415 1097 544 1160 testium
564 1097 720 1161 obstinata
737 1096 899 1178 nequitia,
922 1097 1025 1158 nescit
1039 1095 1159 1172 habere
1181 1117 1253 1158 mo·
1283 1097 1286 1109 “

145 1178 222 1242 dum
240 1179 320 1243 falsa
344 1179 494 1256 dicendi,
516 1179 576 1240 scd
594 1178 727 1241 crimini
743 1179 865 1240 crimen
886 1178 1000 1240 nititur
1020 1180 1174 1259 copulare
1195 1201 1253 1260 pe·
1303 1247 1306 1254 ¹

143 1261 248 1326 riurii.
289 1261 331 1322 Et
364 1260 438 1321 ideo
464 1261 540 1343 qnia
567 1261 777 1323 detestandos
797 1261 981 1323 huiusmodi
1003 1261 1136 1324 sceleris
1158 1277 1252 1344 prae·-

144 1351 324 1426 sumptores
345 1342 455 1404 dirius
486 1345 541 1404 lex
572 1345 683 1405 mortis
709 1342 868 1405 sententia
898 1345 1066 1427 dampnata
1097 1345 1173 1406 illos
1193 1343 1252 1405 sei-

143 1427 232 1502 licet,
250 1447 335 1508 ,quos
356 1436 468 1486 contra
488 1426 620 1487 fratrem
641 1447 734 1487 suum
755 1427 872 1490 falsum
893 1427 1010 1506 diuisae
1031 1425 1252 1488 testimouium

142 1517 282 1594 potestas
304 1507 473 1569 iudiciaria
495 1509 694 1592 comprobat:
717 1526 775 1571 nos
796 1509 932 1590 proinde
950 1518 1015 1570 tam
1031 1509 1162 1572 nefariis
1181 1529 1252 1589 per·

143 1591 230 1654 sonis
252 1613 364 1654 ausum
385 1592 527 1654 secundo
548 1591 738 1652 testificandi
760 1591 984 1669 subducimus,
1005 1613 1086 1674 quos
1109 1614 1174 1652 nou
1190 1592 1251 1652 hu-

143 1672 246 1742 menis
261 1673 317 1734 sed
329 1673 455 1746 divinis¹
465 1671 596 1736 vocibus
613 1675 675 1733 iam
690 1683 831 1736 mortuos
840 1675 1059 1757 approbamus.
1088 1672 1255 1737 Etideosi.

144 1758 217 1840 quis
234 1756 452 1816 testimonium
462 1779 520 1840 pro
535 1757 678 1838 qualibet
688 1778 723 1840 re
736 1757 769 1815 io
782 1759 962 1840 praesentia
978 1756 1095 1820 iudicis
1111 1755 1252 1832 dederit,

144 1851 176 1902 et
186 1837 295 1900 caussa
305 1839 438 1921 pereius
450 1839 667 1901 testimouium
675 1839 806 1921 probata
820 1838 973 1919 extiterit,
995 1839 1021 1900 si
1032 1839 1155 1900 forteiu
1169 1847 1253 1920 post·
1304 1889 1309 1896 .

142 1921 413 1998 modumfavore,
432 1931 573 1999 terrore,
596 1923 647 1983 vel
664 1943 798 1985 munere
811 1924 957 2006 pulsatus
971 1919 1270 1997 illiuscaus‘sidici,·'

142 2006 201 2088 qui
211 2003 314 2066 victus
324 2006 460 2087 primum
471 2026 529 2086 per
541 2005 916 2082 eiusteslimoniumluit,
932 2005 1058 2066 dicetse
1067 2004 1253 2080 idemtestis

141 2089 259 2150 falsum
278 2086 397 2148 dixisse
411 2087 629 2148 testimonium
648 2089 736 2169 quod
752 2089 899 2171 primitus
914 2088 1067 2170 protulit,
1089 2095 1122 2148 et
1137 2107 1252 2147 secun·
1319 2085 1322 2096 ’

143 2171 185 2232 do
197 2169 285 2232 aliud
298 2169 480 2246 testificare,
502 2167 594 2231 uude'
608 2170 709 2252 prima
722 2192 804 2252 quae
818 2172 942 2234 dixerat
955 2171 1143 2232 subvertere
1158 2167 1252 2246 velit,

141 2261 246 2314 stante
266 2253 432 2334 superiore
448 2253 540 2334 lege,
562 2253 596 2313 id
616 2254 746 2314 novella
771 2254 948 2316 tenendum
970 2253 1135 2320 sanctione
1153 2272 1250 2332 prae-

142 2335 293 2418 cipimus:
315 2343 351 2394 ut
369 2355 430 2394 nee
446 2335 616 2398 testificare
632 2335 682 2395 illi
693 2337 835 2398 secundo
849 2336 891 2397 sit
906 2335 1052 2414 licitum,
1075 2355 1136 2413 nec
1154 2355 1249 2394 caus-

141 2417 268 2498 sas-ipsa
295 2416 334 2476 de
355 2438 418 2496 qua
439 2417 507 2498 ipse
529 2416 677 2498 periurus
696 2419 784 2480 testis
801 2429 873 2479 ante
895 2418 1073 2495 iuraverat,
1108 2415 1248 2480 ulterius

140 2519 200 2580 per
221 2499 289 2560 eius
310 2499 529 2576 testimouium
548 2499 751 2568 revolvaturs
785 2510 920 2583 excepto
950 2502 976 2562 si
1006 2499 1077 2562 aliis
1102 2498 1252 2568 melioris

140 2581 201 2646 bus
222 2590 255 2641 et
274 2579 425 2660 legitimis
446 2578 599 2658 testibus,
620 2581 686 2644 sive
708 2583 803 2644 etiam
825 2583 975 2645 veridicis
992 2581 1177 2666 seripturis,
1199 2602 1248 2642 re·

140 2663 269 2726 volutio
285 2662 449 2724 ordinatae
466 2683 594 2727 caussae
616 2665 715 2745 possit
736 2665 898 2743 accidere,
921 2677 957 2726 ut
977 2663 1119 2729 secunda
1137 2663 1248 2725 deter-

139 2745 317 2807 minatione
337 2745 450 2806 iud-icii
464 2767 522 2827 per
539 2746 739 2818 aliumsicut
754 2749 875 2811 dictum
893 2759 940 2810 est
958 2759 1094 2824 testem,
1117 2746 1171 2807 vel
1190 2767 1248 2806 ve-

139 2828 283 2893 rissimae
305 2826 481 2909 scripturae
504 2829 739 2909 ostensionem,
761 2831 892 2893 licentia
914 2831 955 2894 sit
973 2831 1140 2914 negotium
1156 2850 1248 2908 repa·

139 2911 259 2972 rendae
281 2931 408 2972 caussae
431 2919 589 2972 retexere.
629 2914 709 2974 Nam
736 2924 768 2974 et
790 2915 815 2978 si
837 2914 909 2997 quis
933 2936 1059 2976 caussae
1085 2933 1160 2974 suae
1186 2933 1248 2972 cu-

138 2994 231 3077 piens
249 2994 429 3054 accelerare
448 2993 666 3075 propositum,
688 2989 848 3060 testem'in
865 2991 986 3058 iudicio
1003 2993 1197 3080 protulerit:
1217 2993 1246 3054 si

139 3077 218 3154 ille,
240 3084 350 3137 contra
368 3079 464 3156 quens
476 3098 616 3138 caussam
633 3075 749 3150 habet,
772 3101 921 3160 praesens
933 3077 1088 3156 adfuerit,
1119 3075 1247 3158 etquid

139 3159 174 3220 in
189 3158 413 3240 reprobatione
431 3157 528 3222 oblati
544 3159 632 3220 testis
647 3172 803 3242 opponat,
826 3162 951 3223 nescire
972 3185 1014 3224 se·
1027 3157 1166 3230 dixerils
1193 3179 1248 3220 res

139 3241 299 3322 siquidem
311 3241 381 3321 ¹ipsa
401 3241 440 3301 dc
462 3263 526 3322 qua
539 3241 663 3323 agitur,
685 3265 743 3324 per
763 3245 943 3306 oblatorum
957 3245 1087 3306 testium
1104 3242 1264 3304 testimo-.

139 3325 246 3401 nium,
271 3324 392 3407 iniere
408 3322 515 3401 illius,
537 3324 677 3386 adcuius
694 3337 813 3406 partem
833 3328 1107 3403 testificaverunt,
1127 3323 1272 3386 iudicis‘

139 3406 290 3466 instantia
316 3405 531 3474 contradatur.
580 3408 632 3476 llli
656 3417 765 3468 tarnen'
781 3421 952 3490 personae,
974 3431 1055 3491 quae
1077 3431 1109 3470 se
1132 3409 1165 3466 in
1186 3407 1247 3467 de·-

136 3489 306 3570 rogatione
342 3487 460 3568 prolati
489 3487 577 3548 testis
611 3490 735 3552 nescire
762 3513 795 3556 se
831 3493 950 3554 dixerit
986 3493 1073 3574 quod
1102 3478 1246 3551 obiicere

137 3571 256 3654 possit,
280 3569 442 3630 licentiam
465 3571 611 3632 consulta
625 3563 742 3654 pietale
760 3575 972 3657 porrigimus,
999 3575 1141 3657 qualiter
1159 3573 1246 3634 infra

138 3673 195 3714 sex
218 3673 362 3728 menses,
400 3661 433 3712 et
460 3654 535 3714 vitia
557 3653 692 3736 ignorati
714 3657 802 3718 testis
833 3659 1015 3739 perquirat,
1052 3668 1085 3719 et
1113 3675 1246 3717 caussae
1305 3719 1308 3726 ,

138 3735 305 3817 negotium
325 3755 473 3818 reparare
494 3736 649 3798 intendat.
691 3739 787 3814 Quod
808 3738 834 3802 si
855 3739 939 3800 infra
959 3761 1016 3802 sex
1037 3761 1162 3801 menses
1178 3757 1245 3796 non

39 3893 41 3897 Ι
136 3817 301 3916 potuerit,
330 3827 364 3878 et
381 3817 458 3877 vitia
480 3817 717 3900 praedictorum
733 3822 863 3902 testium
885 3843 1062 3905 quaerere,
1085 3833 1117 3883 et
1136 3841 1246 3884 coram

138 3901 246 3962 sudice
267 3921 378 3959 eorum
397 3899 559 3958 infamiam
582 3903 807 3984 comprobare,
841 3905 1007 3968 transactis
1035 3927 1092 3966 sex
1121 3901 1246 3966 mensi-

136 3983 215 4059 bus,
243 3984 365 4042 nullam
386 3982 448 4041 iam
470 3982 501 4042 ei
523 3983 605 4043 ultra
626 3987 822 4068 temporibus
843 3989 987 4071 spacium
1008 3986 1156 4065 dabitur,
1177 4005 1247 4068 quo

129 4075 193 4131 cut
223 4066 382 4146 prolatum
413 4069 525 4123 testem
553 4065 704 4130 infamem
736 4091 804 4131 esse
836 4073 1027 4149 convincat,
1061 4081 1117 4131 aut
1144 4070 1245 4130 alium

135 4157 249 4211 testem
279 4167 338 4229 pro
370 4146 481 4207 eadem
513 4169 621 4208 caussa
648 4150 681 4210 in
710 4149 831 4214 iudicio
865 4155 1025 4236 proferat:
1067 4153 1124 4215 scd
1154 4149 1246 4234 quod

135 4229 319 4306 testimonio
341 4250 454 4296 eorum
474 4229 618 4298 estiterit
638 4233 821 4325 alligatum,
857 4235 978 4304 valebit
997 4247 1155 4326 perpetuo
1176 4255 1247 4302 mos
