2632 4822
445 248 613 305 anieron
631 248 811 304 aornams
1121 232 1189 303 751

76 398 140 478 rit,
162 402 333 478 componat
353 413 413 477 pro
434 398 519 452 stato
542 393 573 472 t)
596 388 665 450 eius
686 388 806 451 solidos
827 385 914 464 LX.‚
935 394 968 448 et
988 381 1122 472 insuper
1143 393 1196 453 a'd·

77 482 133 544 dat
163 498 221 562 pro
243 479 338 561 culpa
359 473 479 536 solidos
503 469 558 548 C.,
588 473 731 532 medium
751 471 852 553 Regi,
885 480 918 530 et
938 473 1081 532 medinm
1102 475 1196 537 cuias

78 561 164 626 aldia
185 562 296 622 suerit.
349 558 383 619 Si
406 563 514 618 autem
535 554 654 615 aneilla
675 555 792 630 suerit,
827 565 1000 634 componat
1027 578 1086 638 pro
1114 567 1198 618 statu

79 648 167 723 eins,
189 643 274 706 siout
294 663 391 724 supra
416 638 634 703 constitutam
650 647 712 714 est,
737 637 763 698 si
788 636 1028 715 ministerialis,
1051 648 1106 699 aut
1130 663 1199 702 rus-

78 729 186 805 ticana
215 726 331 788 fuerit:
356 733 389 784 et
414 723 548 804 insuper
577 742 636 802 pro
658 722 754 802 culpa
781 719 900 781 solidos
923 719 994 783 Lx.
1017 731 1066 799 a),
1084 737 1086 741 '
1101 725 1201 784 medi·

80 835 136 872 nm
155 807 259 892 Regi,
291 816 324 868 et
350 806 514 882 medinm,
550 804 641 864 cuins
662 803 780 863 ancilla
803 802 913 866 fuerit.
973 803 1117 868 Sivero
1146 808 1200 866 iu.

80 896 144 957 dex
173 891 236 952 boe
266 891 386 950 malam
419 887 604 970 perpetrare
633 885 737 948 iussus
766 885 886 963 fuerit,
916 883 956 945 de
978 907 1037 950 sno
1064 892 1197 973 proprio

79 997 219 1064 poenam
239 994 336 1053 snpra
357 971 507 1054 scriptam
529 979 708 1050 componat.
760 970 784 1034 l.
811 989 857 1033 11,
878 972 909 1050 9.

150 1074 231 1110 roan.
268 1057 347 1108 Patre
378 1063 408 1106 te
437 1051 559 1122 appellat
581 1051 733 1114 Martinus,
767 1050 843 1122 quod
872 1060 904 1104 tu
933 1051 1059 1106 occidisti
1085 1054 1200 1118 Mariam

79 1145 156 1182 suam
176 1127 298 1190 aldiam‚
326 1123 445 1178 dicendo
469 1122 544 1192 quod
570 1139 626 1174 esse
649 1123 775 1176 stricam.
903 1183 904 1187 Ἰ

150 1199 229 1250 Patre
248 1196 347 1248 Comes
363 1188 393 1248 'te
412 1193 534 1263 appellat
549 1193 703 1254 Martinus,
729 1191 805 1261 quod
827 1199 859 1244 tu
887 1191 1084 1245 commendasti
1107 1193 1201 1246 occidi

80 1267 196 1322 Mariam
216 1283 295 1320 suam
317 1265 462 1328 ancillam,
483 1273 531 1316 aut
557 1263 676 1325 aldiam,
696 1261 814 1314 dicendo
832 1262 906 1328 hoe,
937 1261 1012 1333 quod
1027 1263 1086 1333 ipsa
1105 1263 1202 1317 fuisset

82 1338 172 1392 attica.
1174 1371 1179 1380 .

151 1407 247 1461 Aliter.
283 1407 364 1462 Petne
392 1411 421 1458 te
453 1402 576 1473 appellat
589 1401 738 1464 Martinus,
773 1402 848 1472 quod
873 1410 904 1455 tu
935 1401 1060 1456 occidisti
1087 1403 1202 1456 Mariam

47 1533 50 1539 ,
81 1495 158 1531 auam
185 1478 330 1539 ancillam,
356 1485 410 1528 aut,
429 1475 547 1534 aldium,
567 1471 684 1524 dicendo
703 1471 774 1534 hoc,
803 1474 876 1544 quod
894 1473 953 1542 ipsa
971 1473 1066 1525 fuisset
1084 1475 1201 1534 strieam.

153 1550 231 1601 Patre
250 1548 347 1600 Comes
366 1554 394 1598 te
420 1546 543 1616 appellat
560 1542 711 1604 Martinus,
740 1543 815 1611 quod
837 1551 868 1596 tu
889 1544 923 1594 ad
941 1544 1129 1597 Marcoardnm
1147 1547 1205 1598 ius-

81 1616 158 1682 sisti,
179 1627 210 1670 ut
233 1617 348 1670 Mariam
367 1633 443 1666 suam
462 1615 589 1672 ancillam
608 1612 827 1676 ministerialem,
847 1623 896 1668 aut
912 1615 1031 1680 aldiam,
1051 1625 1099 1668 aut
1116 1616 1205 1668 ancil-

81 1687 138 1740 lam
154 1689 320 1741 rusticanam
338 1686 491 1740 occidisset.

169 1751 386 1820 cectxxx.
429 1759 463 1818 si
485 1747 706 1836 qnis'bomini
735 1751 840 1813 libero
862 1775 965 1814 unum
989 1754 1121 1814 oculum
1142 1753 1201 1813 ba-

82 1838 196 1918 benti,
223 1841 329 1924 ipsum
353 1839 547 1914 excusserit,
576 1837 653 1908 duas
675 1845 779 1916 partes
801 1838 898 1919 pretii
919 1837 1038 1920 ipsius,
1062 1859 1127 1919 quo
1149 1859 1204 1920 ap·

83 1923 237 2007 pretiatus
258 1923 375 2000 fuerit,
406 1943 445 1982 ac
472 1920 500 1984 si
526 1941 600 1981 cum
622 1921 813 1993 occidisset,
848 1929 1027 2002 componat.
1090 1920 1125 1980 Si
1143 1942 1201 1979 au-

11 2031 15 2036 ·
84 2015 149 2066 tem
170 2004 274 2085 aldio,
297 2015 352 2068 aut
372 2025 466 2065 servo
489 2024 592 2064 unum
623 2004 754 2062 oculum
767 2000 908 2062 babenti
929 2005 1035 2086 ipsum
1056 2023 1203 2064 excusse·

84 2088 148 2161 rit,
179 2096 351 2169 componat
373 2107 446 2147 enm
468 2108 526 2167 pro
548 2095 686 2145 mortno.
731 2087 756 2146 l.
780 2105 807 2165 7.
836 2106 879 2166 17.

176 2169 399 2234 CCCLXXXI.
443 2170 477 2229 si
504 2169 618 2228 mulier
641 2167 742 2227 libera
761 2167 794 2226 in
818 2166 1004 2228 scandalum
1024 2187 1204 2228 concurre-

85 2253 151 2330 rit,
174 2253 229 2314 nbi
252 2253 314 2315 viri
340 2253 487 2334 litigant,
510 2251 536 2311 si
564 2251 671 2334 plagas
698 2260 753 2311 aut
776 2250 884 2312 feritas
912 2252 1012 2310 factas
1034 2250 1203 2328 habuerit,

86 2344 141 2398 aut
160 2335 296 2398 forsitan
328 2334 482 2417 impincta
512 2343 566 2394 aut
591 2334 694 2394 occisa
717 2333 837 2410 fuerit,
866 2333 1065 2417 appretietur
1084 2355 1205 2396 secun·

86 2418 165 2481 dum
186 2419 390 2479 nobilitatem
410 2439 520 2494 suam,
552 2417 646 2478 etsie
670 2424 902 2498 componatur,
931 2425 1093 2498 tamquam
1121 2417 1147 2479 si
1172 2418 1206 2478 in
1275 2455 1278 2460 >

85 2503 219 2580 fratrem
241 2500 341 2584 ipsius
362 2499 508 2560 mulieris
528 2509 746 2582 perpetratum
767 2497 897 2560 fnisset:
930 2519 1004 2558 nam
1026 2501 1088 2562 alia
1110 2501 1206 2584 eulpa

86 2605 147 2667 pro
174 2582 293 2644 iniuria
319 2605 393 2661 sua,
423 2581 510 2642 unde
540 2583 691 2649 DCCCC.
713 2581 808 2643 solidi
831 2581 1034 2660 iudicantur,
1067 2606 1132 2644 non
1156 2606 1206 2644 re-

88 2667 255 2748 quiratur,
278 2667 426 2748 eoquod
448 2666 515 2748 ipsa
537 2665 577 2726 ad
594 2666 684 2724 litem
706 2665 867 2744 cucurrit,
886 2665 975 2748 qnod
997 2665 1206 2730 inhonestum

26 2787 29 2792 ·
89 2758 138 2810 est
157 2749 349 2810 mulieribus
376 2749 494 2812 faeere.
548 2748 572 2813 1.
599 2747 643 2812 16.
666 2750 695 2815 5.

158 2829 237 2883 roan.
274 2834 352 2885 Petro
373 2839 402 2883 te
426 2831 547 2902 appellat
569 2831 718 2893 Martinus,
760 2830 835 2900 quod
865 2829 937 2883 Alda
964 2849 1012 2885 sua
1037 2831 1208 2886 mundoalda

35 2933 39 2935 >
89 2901 252 2972 simpliciter
269 2901 395 2955 currebat
411 2901 440 2953 in
457 2901 633 2964 scandalum,
654 2911 681 2954 et
699 2911 731 2954 tu
751 2917 810 2954 eam
829 2901 961 2968 occidisti.

12 3044 18 3052 .
175 2972 411 3037 CCCLXXXll.
453 2972 486 3032 si
516 2973 589 3054 qais
614 2974 788 3049 cassinam,
819 2984 874 3036 aut
908 2980 1030 3034 tectum
1062 2974 1207 3035 alienum

92 3053 172 3116 foris
193 3055 228 3113 in
250 3064 361 3132 curte,
383 3054 439 3114 ubi
465 3053 528 3117 viri
550 3076 615 3114 non
639 3054 803 3133 habitant,
835 3057 912 3118 dom
936 3056 1075 3117 intentio
1097 3068 1146 3119 est
1167 3057 1208 3120 de

91 3146 195 3213 terra,
234 3136 478 3214 disturbaverit,
516 3146 572 3197 aut
604 3137 638 3198 in
667 3148 785 3198 terram
806 3138 994 3214 iactaverit,
1029 3148 1061 3200 et
1089 3148 1209 3200 terram

91 3239 199 3294 snam,
229 3217 312 3278 sicut
334 3219 389 3280 lex
419 3219 538 3297 habet,
561 3220 754 3281 convincere
782 3243 847 3280 non
873 3221 1026 3303 potuerit,
1049 3231 1209 3286 restauret

92 3302 194 3383 ipsam
222 3299 399 3378 cassinam,
429 3310 461 3360 et
489 3313 661 3384 componat
684 3303 778 3362 aliam
807 3305 904 3364 talem
926 3303 985 3366 sub
1014 3303 1210 3365 aestimatio-
1241 3344 1243 3347 -

94 3404 135 3444 ne
159 3382 262 3464 pretii.
304 3384 382 3448 Nam
409 3383 435 3444 s'i
460 3405 585 3461 casam,
617 3385 672 3445 ubi
694 3385 756 3446 viri
777 3385 938 3462 habitant,
961 3387 1208 3465 disturbaverit,

94 3475 265 3546 componat
293 3465 377 3526 sicut
410 3465 443 3524 in
467 3465 529 3527 boc
559 3468 665 3528 odieto
694 3467 831 3550 legitur,
862 3469 1000 3530 aratraib
1027 3475 1079 3550 v),
1105 3469 1210 3533 idest

92 3548 153 3610 sibi
176 3546 311 3608 tertiam.
354 3550 379 3614 1,
407 3569 450 3628 ¹9·
474 3549 523 3612 25.

161 3646 240 3682 roan.
276 3633 356 3682 Petne
372 3639 401 3683 te
418 3633 539 3700 appellat
555 3624 702 3697 Martinus,
730 3632 805 3702 qnod
823 3631 887 3684 dum
904 3631 963 3702 ipse
981 3633 1102 3687 habebat
1118 3617 1211 3690 inten-

92 3700 197 3754 tionem
225 3709 318 3753 teenm
338 3702 372 3753 de
392 3701 471 3772 pecia
490 3719 545 3753 una
563 3702 597 3754 de
614 3710 701 3766 terra,
731 3703 866 3775 estirpasti
883 3720 965 3755 ranam
983 3723 1058 3756 suam
1078 3708 1208 3772 casinam,

93 3771 241 3897 Ebihiim
260 3789 316 3823 non
339 3770 500 3838 habitabat,
531 3790 601 3844 qnae
627 3790 708 3843 super
731 3773 817 3843 ipsam
843 3782 941 3826 terram
965 3785 1038 3829 erat:
1068 3783 1131 3846 aut,
1160 3778 1210 3832 ubi

115 3860 130 3893 a
151 3851 189 3893 na
211 3851 261 3894 atv

179 3909 437 3977 CCCLXXXlll.
480 3909 615 3992 Siquis
647 3911 816 3996 peculium
846 3934 942 3976 suum
980 3916 1020 3979 de
1057 3917 1209 3985 clausura

135 4131 630 4201 ⁸r)Un.Codlricctinfr:stratu.
667 4107 906 4201 u)lln.Cod.sol.
925 4136 981 4191 xt.
1021 4137 1209 4207 systema.

95 4203 229 4274 animm,
250 4205 392 4274 arianam,-
417 4203 531 4274 ultraip.
576 4205 687 4260 Herold.
706 4203 783 4260 haria
801 4205 890 4260 radit.
938 4209 1000 4280 beg.
1014 4210 1157 4272 inritauit.
