2648 4874
150 332 152 336 ·
261 315 369 374 uscts
385 315 678 374 wrsmcraosuu
697 315 760 370 uu.
781 315 818 368 u.
837 314 908 370 ur.
927 317 950 374 1.
1111 294 1186 372 42⁷

73 473 167 526 tenus
192 479 255 522 nec
281 457 447 520 excidium
475 455 599 532 videat,
632 475 697 536 qno
730 453 837 518 luerat
869 456 1021 540 nequiter
1045 457 1185 523 delecta·

72 557 139 625 tus,
182 552 215 606 et
241 540 469 602 amarissimam
496 539 597 600 vitam
627 540 746 600 ducere
787 559 821 600 se
853 541 1043 622 perenuiter
1067 544 1186 612 doleat.

71 631 132 692 Res
168 639 278 689 tamen
313 645 424 685 omues
458 621 556 682 huius
586 629 650 681 tam
679 620 797 682 nefarii
834 623 1094 705 transgressoris,
1130 626 1187 692 rel

72 712 139 772 eius
163 709 222 792 qui
253 717 357 768 morte
388 712 436 766 est
464 726 524 788 pro
555 704 612 765 tali
650 704 772 766 scelere
796 703 1024 787 perimendus,
1053 709 1108 771 vel
1142 709 1187 770 il-

71 794 136 854 lius
158 792 213 853 cni
233 791 301 854 rita
329 795 464 873 propter
492 807 581 848 suam
613 787 790 868 nequitiam
821 787 1042 852 infelicissime
1078 813 1186 856 reser-

70 875 219 953 vabitur,
262 875 296 933 in
338 871 424 954 regis
457 870 498 930 ad
530 869 694 953 integrum
726 876 885 953 potestate
914 873 1108 936 consistant:
1154 881 1188 936 et

71 959 125 1019 eui
144 959 282 1018 donatae
304 956 444 1031 fuerint,
473 953 517 1014 ita
534 952 693 1036 perpetim
716 973 828 1014 secure
852 956 1030 1036 possideat,
1061 966 1098 1018 ut
1115 957 1188 1018 uul-

71 1043 120 1103 lus
154 1061 300 1122 unquam
328 1034 713 1116 succedentiumregum
744 1056 884 1097 caussam
923 1059 1013 1101 suam
1041 1050 1074 1102 ct
1105 1061 1187 1122 geu-

71 1126 110 1185 tis
132 1123 307 1185 vitiaturus
330 1120 387 1181 has
417 1117 582 1180 ullatenus
602 1130 657 1178 aut
684 1118 819 1180 ulterius
844 1122 971 1184 auferre
1019 1132 1186 1186 raesumat.

70 1209 196 1271 Verum
216 1201 296 1287 quia
319 1202 414 1264 multi
436 1201 627 1284 plerumque
651 1200 881 1283 reperiuntur,
908 1204 966 1287 qui
988 1145 1065 1268 illam
1084 1205 1135 1268 his
1154 1214 1187 1268 et

69 1289 189 1350 talibus
217 1286 325 1371 pravis
343 1282 606 1346 meditationibus
629 1287 853 1364 occupantur,
886 1297 1075 1370 argumento
1100 1309 1185 1370 quo·

70 1372 145 1434 dam
164 1370 275 1431 fallaci
297 1371 332 1429 in
360 1366 527 1438 ecclesiis,
567 1373 623 1426 aut
645 1365 679 1426 in
706 1367 880 1446 uxoribus,
910 1371 962 1432 sel
986 1369 1062 1432 liliis
1088 1379 1186 1452 atque

71 1453 183 1516 amicis
207 1475 265 1514 seu
296 1451 331 1511 iu
366 1449 438 1511 aliis
461 1448 712 1531 quibuscunque
737 1450 881 1532 personis
910 1473 983 1515 suas
1010 1452 1187 1514 inveniun-

70 1546 126 1597 tur
149 1534 368 1597 transduxisse
398 1531 454 1593 vel
483 1530 690 1593 transducere
723 1531 909 1611 facultates,
941 1533 1039 1596 etiarn
1065 1535 1186 1618 etipsa

70 1640 155 1702 quae
172 1617 402 1678 fraudulenter
421 1613 455 1674 iu
479 1612 623 1676 dominio
644 1612 753 1675 alieno
776 1616 999 1697 contulerant,
1023 1618 1094 1679 iure
1115 1640 1187 1701 pre·

70 1702 172 1776 cario,
185 1706 424 1784 resposcentes‚
445 1697 504 1760 sub
526 1695 710 1758 calliditatis
738 1697 847 1758 studio
864 1697 898 1758 in
921 1721 979 1761 suo
1001 1701 1110 1763 denuo
1127 1701 1187 1762 do-

69 1785 174 1854 minio
203 1780 397 1866 possidenda
422 1781 597 1861 recipiant:
626 1780 714 1840 unde
745 1779 828 1840 nibil
853 1780 892 1842 dc
917 1781 982 1844 suis
1006 1783 1104 1846 rebus
1124 1781 1188 1846 visi

69 1875 162 1930 sunt·
183 1865 343 1942 amisisse,
373 1862 436 1924 uisi
454 1865 559 1926 solum
587 1862 839 1924 concinnatione
862 1863 1050 1944 falsissima,
1078 1865 1186 1944 fictus,

70 1949 163 2031 quasi
184 1949 364 2026 veridicas,
387 1944 563 2008 videantur
582 1945 756 2028 scripturus
776 1945 938 2009 conficere
959 1948 1012 2010 vel
1029 1949 1187 2032 prolerre.

69 2033 217 2114 Ideoque
240 2031 327 2092 hanc
353 2029 581 2110 nequissimam
601 2027 912 2111 argumentationem
937 2029 1117 2111 praesentis
1138 2030 1187 2092 lc-

71 2116 119 2198 gis
140 2114 273 2175 decreto
296 2123 460 2195 amputare
484 2110 658 2192 elegimus:
680 2120 716 2170 ut
745 2109 892 2188 calcatis,
925 2111 979 2173 vel
1005 2111 1185 2192 evacuatis,

71 2220 132 2260 seu
160 2195 304 2258 rescissis
333 2193 500 2279 scripturis
520 2193 581 2254 hac
608 2193 724 2254 fraude
750 2193 923 2272 conlectis,
960 2193 1122 2278 quidquid
1147 2215 1186 2257 eo

71 2280 211 2362 quisque
238 2290 382 2360 tempore
409 2277 573 2361 possidere
598 2275 800 2358 reperiatur,
822 2299 888 2360 quo
916 2277 1019 2339 fuerit
1040 2277 1075 2339 iu
1096 2299 1188 2362 prac-

71 2363 168 2424 dictis
196 2361 384 2424 criminibus
416 2359 652 2442 deprehensus,
690 2367 792 2420 totum
824 2361 981 2423 continuo
1017 2360 1087 2424 fisci
1111 2359 1188 2423 viri·

70 2445 132 2506 bus
145 2445 186 2506 ad
208 2447 372 2528 integrum
401 2443 598 2525 applicetur:
624 2451 660 2502 ut
681 2443 861 2505 concedere
884 2443 949 2506 iam
965 2443 1066 2508 dictas
1085 2443 1187 2508 facul·

69 2536 172 2605 tates,
202 2527 283 2588 sicut
310 2546 407 2607 supra
436 2525 559 2587 dictum
585 2533 651 2602 est,
679 2523 734 2585 coi
754 2525 824 2588 Rex
852 2527 1015 2605 voluerit,
1055 2529 1109 2592 vel
1135 2527 1187 2588 fa-

69 2631 147 2672 cere
176 2609 293 2670 exinde
315 2608 477 2690 quidquid
504 2608 658 2690 elegerit,
686 2603 721 2667 iu
744 2628 820 2670 suae
843 2609 1010 2692 potestatis
1033 2609 1188 2674 consistat

69 2691 216 2753 arbitrio.
272 2691 345 2753 Alia
369 2711 446 2752 vero
472 2709 688 2771 quaecunque
708 2689 748 2749 ab
771 2690 832 2752 hac
855 2692 971 2754 fraude
997 2692 1106 2755 aliene
1132 2692 1186 2752 iu-

70 2785 170 2837 venta
198 2773 367 2836 extiterint
395 2772 559 2850 ordinata,
592 2771 783 2854 legibusque
805 2774 971 2853 confecta,
996 2774 1109 2859 vigore
1135 2775 1187 2838 le-

69 2879 148 2940 gum
164 2865 317 2918 maneant
335 2853 485 2916 solidata:
513 2855 580 2918 illis
600 2855 639 2914 ab
664 2854 761 2917 huius
785 2856 865 2940 legis
889 2857 1052 2920 sententia
1072 2878 1187 2941 perso·

69 2939 121 3000 uis
161 2939 334 3002 evidenter
366 2936 528 3019 exceptis,
564 2938 684 3022 quibus
709 2959 728 2998 a
756 2939 1025 3019 praecedentibus
1054 2939 1186 3024 regibus

69 3023 168 3103 culpa
194 3021 374 3082 dinoscitur
403 3019 502 3080 fuisse
531 3041 691 3082 concessa.
733 3021 813 3082 Nam
837 3022 863 3084 si
887 3022 1097 3084 humanitatis
1128 3023 1187 3083 ali·

69 3106 151 3187 quid
178 3105 362 3186 cuicunque
388 3101 512 3182 perfido
540 3104 611 3165 Rex
640 3101 752 3184 largiri
778 3104 937 3182 voluerit,
969 3125 1035 3165 nou
1063 3106 1103 3169 de
1136 3106 1187 3168 fa·

70 3188 192 3248 cultate
219 3187 307 3263 eius,
345 3186 403 3247 sed
426 3185 512 3246 uude
542 3185 704 3268 placuerit
732 3185 898 3268 Principi‚
925 3196 1051 3248 tuntum
1082 3188 1112 3250 ei
1138 3211 1187 3250 so·

67 3269 237 3331 lummodo
252 3288 463 3330 concessurus
483 3275 546 3345 est,
574 3277 732 3350 quantum
753 3267 943 3332 hereditatis
959 3269 1102 3334 eiusdem
1117 3271 1187 3334 cul·

68 3352 137 3437 pati
161 3352 349 3436 vigesimam
373 3348 557 3434 portionem
583 3351 683 3415 fuisse
707 3352 900 3415 constiterit.

291 3483 384 3552 VIII.
425 3505 519 3551 nour.
540 3506 658 3548 encra,
679 3507 727 3551 rc.
749 3506 798 3549 cn.
820 3505 906 3554 acus.
927 3507 959 3551 a.

151 3599 202 3660 De
224 3619 289 3661 non
304 3598 504 3660 criminando
533 3599 699 3696 Principe,
721 3620 777 3661 uec
805 3599 1023 3666 maledicendo
1044 3603 1105 3671 illi.

153 3682 246 3743 Sicut
275 3680 309 3741 in
334 3702 472 3764 persona
502 3681 664 3763 Principis
695 3683 843 3746 omnibus
869 3683 1097 3766 probibemus,
1131 3696 1187 3751 aut

67 3785 273 3827 commovere
307 3764 485 3844 nequitiam
515 3763 721 3845 cogitationis
750 3777 806 3828 aut
829 3789 943 3829 manus
968 3768 1105 3833 iniicere
1132 3773 1187 3832 ul·
1233 3819 1237 3826 .

65 3848 183 3918 tionis;
206 3845 252 3907 ita
270 3846 366 3907 etiam
387 3847 510 3907 nullam
527 3847 667 3928 patimur
690 3846 724 3908 in
748 3871 844 3927 eum,
866 3860 921 3912 aut
936 3861 1044 3914 uotam
1062 3873 1185 3937 ponere
1238 3853 1241 3858 ’

67 3929 234 4006 criminis,
253 3938 308 3988 aut
323 3930 422 3990 verba
438 3949 614 4011 congerere
635 3930 883 4000 maledictionis.
913 3933 1029 3997 Sacrae
1045 3955 1185 4016 namque

66 4013 239 4074 auctoritas
249 4011 445 4095 scripturae,
463 4021 497 4072 et
508 4033 574 4072 uon
589 4012 679 4074 iubet
692 4015 838 4096 accipere
850 4015 1061 4096 opprobrium
1076 4017 1188 4078 adver·

66 4117 119 4157 sus
128 4095 314 4177 proximum
324 4115 418 4156 suum
432 4093 577 4174 ethunc,
592 4095 649 4178 qui
667 4097 873 4160 maledixerit
886 4099 1184 4182 Principempopu-

66 4176 91 4237 li
108 4179 171 4256 sui,
200 4177 401 4239 demonstrat
419 4177 558 4240 existere
581 4199 684 4239 reum.
723 4183 929 4262 Quapropter
941 4182 1134 4264 quicunque
1150 4181 1185 4244 iu

65 4260 255 4352 Principem
262 4269 318 4323 aut
324 4259 448 4328 crimcu
459 4260 621 4346 inissetis
636 4273 692 4330 aut
698 4263 908 4334 maledictum
918 4262 1085 4348 intulerit,
1096 4264 1140 4328 itu
1150 4275 1188 4333 ut
