2684 4868
311 293 415 348 assas
434 291 813 348 w1s1oornoauuna.
832 291 865 346 x.
884 287 956 344 rrr.
977 291 998 341 ι.
1112 349 1113 358 Ν
1152 268 1226 349 619,

129 431 221 500 ΧΠΙ.
264 430 303 498 Si
320 431 396 512 ille,
430 431 486 514 qui
511 429 557 491 ad
578 431 732 572 plpcitum
755 431 875 516 occepit
894 442 1014 508 terras,
1050 428 1204 492 extendat

573 524 723 579 caturae.
1232 529 1235 536 '

190 595 257 677 Qui
286 597 326 659 ad
356 594 511 681 placitum
540 605 641 657 terras
675 593 831 678 suscepit,
860 593 924 657 hoe
952 604 1078 656 tantum
1098 604 1225 675 teneat,

55 748 65 763 ‚
107 682 198 764 quod
231 703 307 742 eum
336 689 495 742 terrarum
526 679 675 740 dominus
703 677 822 738 habore
855 678 1060 761 permiserit,
1098 687 1131 739 et
1157 700 1227 739 am-

91 766 193 848 .plius
220 785 285 825 non
311 770 502 846 praesumat.
554 761 650 840 Quod
676 761 704 824 si
735 761 878 822 culturas
911 783 983 824 suas
1009 759 1139 843 longius
1170 783 1226 823 cx·

107 846 249 908 tendisse
279 845 505 929 cognoscitur,
547 853 579 906 et
620 843 681 905 sibi
727 843 807 906 alios
837 843 877 904 ad
905 843 1104 906 excolendos
1134 865 1226 926 agros

106 931 240 990 fortasse
274 928 502 993 coniunxerit:
538 935 594 987 aut
621 927 732 1010 plures
765 925 827 986 filii
850 926 904 987 vel
930 935 1064 1008 nepotes
1094 925 1128 986 in
1160 925 1226 988 loci

106 1012 208 1094 ipsius
235 1010 467 1073 habitationem
495 1007 740 1073 subcreverint:
770 1018 825 1070 aut
849 1030 994 1091 campos,
1017 1029 1098 1089 quos
1124 1007 1155 1069 ei
1171 1010 1227 1071 do·

107 1096 214 1155 minus
243 1105 347 1156 terrae
383 1115 448 1155 nou
478 1091 700 1175 praestiterat,
732 1093 956 1173 occupaverit:
998 1099 1053 1150 aut
1089 1090 1224 1170 silvam,

107 1199 191 1259 quae
212 1177 243 1237 ei
266 1177 337 1238 data
366 1198 430 1237 non
465 1176 586 1252 fuerat,
616 1184 749 1258 propter
780 1174 976 1234 excolendos
1013 1193 1124 1256 agros,
1169 1183 1225 1235 aut

108 1260 296 1336 conclusos,
328 1269 384 1321 aut
408 1257 554 1319 facienda
580 1257 713 1318 forsitan
737 1267 824 1341 prata
846 1255 1036 1318 succiderit:
1064 1256 1226 1339 quidquid

107 1342 245 1436 amplius
267 1341 452 1425 usurpavit,
494 1363 590 1423 quarn
620 1339 651 1400 ei
683 1340 871 1422 praestitum
898 1339 1053 1422 probatur
1081 1340 1225 1400 amittat:

108 1433 142 1486 et
165 1447 198 1484 m
223 1425 346 1486 domini
371 1422 524 1486 consistat
552 1421 704 1500 arbitrio,
735 1430 842 1482 utrum
865 1443 968 1481 canon
992 1421 1151 1500 addatur,
1182 1443 1224 1482 an

106 1506 170 1568 boc
200 1507 288 1588 quod
316 1529 382 1567 non
417 1506 597 1589 praestitit,
641 1504 791 1566 dominus
824 1504 892 1586 ipse
919 1503 1089 1588 possideat.
1127 1503 1225 1584 Quod

107 1589 134 1650 si
162 1589 383 1650 tantummodo
416 1587 514 1648 alicui
546 1609 621 1671 ager
655 1587 696 1650 sit
730 1588 841 1664 datus,
879 1596 910 1648 et
945 1587 1017 1647 data
1050 1586 1131 1647 silva
1165 1587 1219 1649 vel
1258 1651 1261 1656 ,

107 1686 239 1754 campus
265 1692 335 1750 non
363 1671 481 1734 fucritr
510 1671 578 1732 sine
616 1670 739 1731 domini
769 1670 858 1730 iussu
883 1668 968 1730 nihil
999 1668 1040 1731 de
1062 1669 1144 1734 silva
1170 1669 1225 1734 vel

108 1776 238 1836 campo,
267 1754 325 1835 qui
351 1775 462 1837 agrum
490 1754 597 1836 cepit,
620 1762 764 1836 usurpet.

148 1869 233 1932 xlv.
270 1869 308 1930 Si
326 1869 411 1930 inter
433 1889 502 1930 eum
525 1869 580 1951 qui
599 1867 702 1928 dotet
725 1869 840 1952 accipit
861 1879 978 1930 terram
997 1879 1050 1929 aut
1069 1867 1181 1928 silvam

503 1951 661 2012 contentio
693 1953 827 2018 oriatur.

192 2033 226 2095 Si
247 2033 334 2097 inter
352 2055 425 2096 eum
446 2032 502 2115 qui
526 2033 644 2115 accipit
664 2040 764 2094 terras
787 2033 841 2095 vel
861 2031 977 2110 silvas,
1006 2030 1109 2112 etqui
1132 2051 1222 2114 prae·

109 2115 207 2194 stitit,
244 2117 283 2178 de
319 2117 421 2198 spatio
444 2115 531 2178 unde
558 2115 772 2198 praestiterit,
800 2115 909 2189 ‚fuerit
937 2124 1006 2176 orta
1034 2113 1221 2176 contentius

109 2210 188 2260 tunc
210 2198 236 2260 si
262 2209 408 2281 superest
437 2199 503 2282 ipse
531 2198 587 2280 qni
612 2198 788 2281 praestitit,
825 2208 880 2258 aut
908 2197 935 2260 si
963 2208 1051 2259 certe
1075 2203 1223 2257 mortuus

107 2282 226 2360 fuerit,
258 2280 325 2343 eins
348 2281 485 2344 heredes
523 2281 674 2343 raebeant
700 2291 914 2359 sacramenta,
943 2282 1032 2363 quod
1060 2297 1125 2339 non
1160 2300 1224 2337 am·

106 2365 194 2448 plius
216 2376 329 2425 auctor
359 2384 470 2426 eorum
492 2303 634 2440 dederit,
670 2385 766 2446 quam
798 2365 859 2446 ipsi
883 2365 1091 2447 designanter
1112 2369 1223 2422 osten-

109 2449 209 2510 dunt:
240 2456 272 2508 et
305 2447 351 2509 sic
375 2454 584 2530 posteaquam
614 2445 808 2524 iuraverint,
839 2445 1062 2530 praesentibus
1088 2442 1223 2506 testibus

108 2550 191 2612 quae
235 2528 448 2590 observentur
487 2530 577 2612 signa
607 2530 819 2603 constituant:
860 2538 897 2590 ut
929 2551 987 2611 pro
1020 2550 1058 2590 ea
1084 2537 1120 2588 re
1150 2524 1224 2587 nul-

108 2612 138 2674 la
166 2609 318 2694 deinceps
339 2611 470 2674 accedat
497 2611 661 2676 caussatio.
705 2612 744 2672 -si
766 2633 844 2673 vero
864 2621 1030 2674 consortes
1063 2611 1131 2672 eius
1154 2628 1221 2668 non

108 2693 284 2775 dignentur
312 2694 418 2755 iurare
451 2703 507 2755 aut
539 2695 622 2755 forte
646 2694 829 2755 noluerint:
858 2694 910 2755 rel
934 2694 1075 2778 aliquam
1105 2693 1223 2755 dubie-

107 2783 204 2835 tatem
230 2776 421 2853 habuerint,
449 2786 606 2859 quantum
631 2775 685 2836 vel
709 2776 768 2860 ipsi
801 2777 967 2854 dederint,
1000 2778 1051 2839 vel
1079 2786 1224 2838 anteces-

106 2878 193 2920 sores
232 2881 358 2922 eorumt
408 2859 471 2943 ipsi
500 2869 538 2918 ut
575 2859 695 2920 animus
734 2879 806 2922 suas
841 2880 907 2919 non
960 2859 1221 2940 condempnent,

106 2961 168 3001 nec
193 2951 426 3002 sacramentnm
450 2951 630 3024 praestent:
659 2942 716 3003 sed
746 2943 786 3004 ad
816 2950 882 3003 tota
907 2949 1029 3018 aratra,
1061 2951 1222 3022 quantum

105 3023 165 3106 ipsi
188 3025 240 3084 vel
262 3034 409 3105 parentes
434 3045 545 3086 eornm
570 3023 603 3083 iu
628 3045 684 3084 sua
707 3034 792 3086 sorte
817 3033 1042 3106 susceperant,
1069 3045 1129 3106 per
1157 3023 1222 3086 sin·

105 3106 180 3188 gula
207 3114 309 3166 aratra
335 3107 580 3189 quinquagenos
608 3107 780 3189 aripennes
802 3107 877 3168 dare
904 3106 1034 3171 debent.
1094 3107 1142 3166 Ea
1171 3112 1223 3162 ta-

103 3210 178 3248 men
201 3188 407 3266 conditione,
424 3198 459 3249 ut
482 3199 639 3271 qnantum
662 3198 853 3272 occupatum
873 3187 1064 3266 habuerint,
1088 3187 1138 3249 vel
1154 3182 1223 3248 cul·

103 3281 190 3349 tum,
209 3268 351 3352 mixtis)
376 3271 611 3356 quinquaginta
638 3272 808 3356 aripennes
829 3271 1045 3334 concludant:
1068 3291 1129 3331 uec
1148 3270 1222 3352 plus

105 3375 201 3435 quam
225 3353 258 3413 in
294 3353 416 3417 eisdem
450 3363 670 3416 mensuratum
706 3356 813 3416 fuerat
847 3364 903 3415 aut
935 3363 1116 3430 ostensum,
1158 3348 1228 3412 nisi

104 3443 265 3496 terrarum
306 3437 456 3499 dominus
491 3439 573 3499 forte
619 3437 829 3519 praestiterit,
867 3438 1008 3499 audeant
1055 3437 1221 3519 usurparess

105 3518 203 3594 Quod
218 3539 295 3582 vero
312 3521 449 3604 amplius
467 3519 712 3605 usurpaverint,
736 3519 769 3579 in
786 3519 922 3603 duplum
940 3519 1081 3581 reddant
1098 3519 1217 3583 invasa.

105 3655 180 3721 XV.
224 3659 287 3743 Qui
309 3658 355 3720 ad
377 3658 540 3720 colendam
557 3672 675 3720 terram
691 3659 832 3740 accepit,
851 3659 932 3719 sicut
954 3658 1009 3719 ille
1031 3658 1087 3741 qui
1101 3668 1219 3717 terram

332 3740 440 3820 dedit,
471 3744 517 3802 ita
544 3753 574 3802 et
597 3743 655 3801 iste
678 3761 804 3802 censum
835 3741 989 3802 exsolvat.

189 3821 256 3902 Qui
282 3825 422 3886 accolam
449 3823 483 3882 iu
519 3834 636 3886 terram
668 3845 757 3886 suam
791 3823 984 3905 susceperit,
1018 3831 1051 3886 et
1081 3829 1221 3904 postmo-

104 3905 182 3968 dnm
205 3907 389 3990 contingat,
419 3914 457 3967 ut
480 3906 537 3966 ille
565 3905 623 3988 qui
648 3916 850 3987 susceperat,
882 3906 1069 3989 cuicunque
1093 3904 1221 3965 tertiam

103 3988 234 4067 reddat,
262 3989 413 4050 similiter
442 3989 608 4066 censiant,
637 3999 668 4051 et
688 3989 738 4048 illi
760 3989 817 4069 qui
834 3990 975 4073 suscepti
1001 3995 1095 4066 suut,
1136 3986 1220 4050 sieut

7 4069 9 4074 ’
105 4079 137 4130 et
165 4072 292 4154 patroni
327 4091 456 4149 eornm,
490 4072 633 4154 qualiter
661 4093 926 4156 unumquemque
951 4070 1135 4156 contigerit.

109 4188 545 4204 D——ffl-ffl

103 4247 106 4252 '
171 4241 205 4317 f)
217 4243 261 4298 Sic
280 4243 403 4316 quinque
422 4245 508 4300 Codd.
525 4245 605 4313 Paris.
626 4245 703 4297 Lind.
715 4244 819 4312 habet,
840 4247 907 4305 nisi.
923 4245 993 4301 tait.
1005 4242 1114 4300 Madiit.
1130 4245 1219 4300 iuxta.
