2632 4822
267 319 272 330 ·
341 306 559 364 simiarum
578 268 702 362 lucau
732 297 806 363 trs.
824 307 871 363 vr.
1103 284 1175 361 805
1264 388 1266 394 Ι

71 469 169 530 quam
188 445 286 523 deca
307 445 607 528 mundium'faciat,
642 447 860 517 contentari)
891 449 932 508 sit
952 443 1018 526 ipsa
1041 445 1176 524 mulier,

72 553 131 590 nec
154 529 254 610 possit
282 539 391 614 postea
412 543 527 593 metam
556 553 711 613 quaerere
741 532 780 592 ab
806 528 979 590 heredibus
1008 528 1094 606 eius,
1119 530 1177 609 qui

71 613 242 673 defunctus
264 624 312 674 est
325 659 335 692 ,
365 633 425 697 pro
446 635 485 676 eo
506 615 594 696 quod
617 615 819 696 negligenter
840 613 909 674 siue
932 610 1096 672 voluntate
1120 633 1176 692 pa-

70 703 199 754 rentum
219 716 352 759 suorum
374 697 415 757 ad
448 697 597 759 maritum
619 695 852 768 ambulaverit,
883 693 1006 755 necfuit
1029 693 1087 776 qui
1114 695 1178 756 ius-

68 776 170 838 titiam
192 775 262 838 eius
283 779 479 862 exquireret.
520 779 564 845 ll.
586 799 615 840 a.
637 779 667 844 5.

266 893 316 953 De
337 895 429 954 rebus
455 907 566 956 contra
586 897 741 955 rationem
762 891 981 978 impublicatis.

152 971 247 1056 CXV.
288 977 419 1054 (LXII.)
461 977 494 1037 Si
519 977 592 1058 quis
611 976 789 1059 possederit
817 975 1077 1056 qualemcunque
1109 995 1177 1036 rem
1234 1047 1235 1050 Ἴ

68 1053 243 1135 mobilem,
264 1066 320 1116 aut
340 1057 558 1136 immobilem,
579 1080 639 1140 per
658 1057 799 1120 chartam
812 1059 941 1134 falsam,
963 1065 998 1118 ct
1011 1056 1177 1138 probatum

67 1137 189 1214 fuerit,
211 1139 301 1219 quod
320 1159 379 1222 per
398 1141 503 1223 ipsum
515 1141 749 1202 munimentum
765 1141 880 1201 falsum
901 1160 969 1199 rem
987 1138 1087 1220 ipsam
1108 1162 1178 1222 pos-

68 1220 189 1296 sideat,
210 1238 277 1282 nou
300 1243 373 1284 eum
396 1223 548 1284 defendat
570 1224 725 1306 possessio
745 1245 820 1300 sua,
849 1222 911 1282 hoc
935 1229 984 1283 est
1003 1221 1097 1282 XXX.
1119 1243 1177 1281 an·

67 1321 201 1380 norum,
225 1323 284 1364 uec
310 1305 461 1366 excludat
482 1305 592 1384 illum,
620 1305 714 1368 cuius
741 1327 793 1366 res
814 1304 938 1386 legibue
968 1304 1087 1376 fuerit,
1121 1305 1178 1365 sed

67 1385 192 1444 amittat
216 1406 285 1446 rem
301 1385 416 1470 ipsam,
447 1408 544 1468 quam
572 1409 631 1471 per
649 1387 791 1450 chartam
811 1387 921 1448 falsam
942 1386 1105 1469 possidere
1128 1386 1179 1449 vi-

67 1466 178 1538 detur3
207 1467 254 1528 sic
280 1477 386 1531 tamen
416 1479 452 1531 ut
473 1470 630 1549 diximus,
673 1472 699 1532 si
726 1470 894 1553 probatum
915 1469 1033 1542 fuerit3
1064 1469 1177 1529 stille

65 1547 168 1694 {prag}
194 1569 264 1612 reru
284 1551 437 1636 recipiat,
458 1554 512 1614 cui
534 1563 608 1615 aute
628 1553 792 1639 pertinere
811 1573 870 1637 per
888 1553 994 1634 legem
1012 1551 1177 1617 debuerat.

100 1680 107 1697 ·
170 1681 178 1698 ·
198 1651 229 1713 9·

135 1729 214 1766 roua.
250 1715 329 1770 Petra
350 1723 380 1770 te
410 1717 532 1786 appellat
564 1714 715 1779 Martinus,
749 1717 825 1786 quod
854 1724 886 1770 tu
915 1723 993 1769 tenes
1025 1714 1077 1768 sibi
1105 1716 1176 1768 male

66 1782 162 1835 ordine
185 1790 282 1836 terram
303 1785 402 1852 intuli
427 1788 496 1840 lcco.
533 1789 595 1840 Mea
609 1785 715 1856 propria
732 1795 773 1840 est
792 1795 863 1839 terra
883 1803 964 1856 quam
991 1785 1068 1838 dicis.
1102 1787 1178 1855 Quid

65 1852 116 1904 tibi
144 1851 294 1932 pertinet?¹
317 1855 389 1908 Ecce
408 1865 492 1918 carta,
509 1873 589 1924 quam
610 1866 642 1909 tu
660 1855 726 1916 mihi
744 1855 841 1912 fecisti.
876 1857 955 1908 Falsa
972 1863 1012 1909 est
1027 1855 1076 1908 illa
1092 1865 1176 1911 carta.

66 1921 113 1974 Vis
131 1938 156 1972 er
178 1921 322 1975 adardire?
345 1927 423 1979 Volo.
459 1925 575 1980 Vadiate
595 1943 720 1996 pugnam.
754 1926 789 1979 Et
810 1926 831 1977 si
852 1944 908 1978 nou
924 1924 1043 1978 voluerit
1059 1943 1176 1995 pugnam

66 1991 157 2042 facere
180 1993 340 2062 appellatur,
360 2003 428 2047 tunc
446 1997 608 2066 appellatus,
633 2005 777 2065 postquam
793 1994 898 2047 bellurn
915 1995 1016 2047 factum
1036 2005 1087 2060 est,
1102 1996 1177 2066 quod

65 2060 215 2132 possederit
232 2067 328 2114 terram
351 2062 427 2117 illam
451 2083 500 2136 per
524 2066 607 2120 XXX.
631 2083 730 2127 annos,
756 2082 812 2116 non
834 2065 969 2118 audiatur.

137 2131 296 2184 Secundum
315 2134 445 2203 quosdam
462 2135 502 2188 ita
519 2136 612 2202 agitur.
645 2135 699 2188 dlii
715 2151 779 2190 vero
797 2134 845 2186 ita.

135 2201 214 2251 Petra
226 2209 254 2257 te
271 2204 393 2272 appellat
402 2203 545 2268 Martinus,
565 2204 639 2274 quod
653 2213 724 2258 terra
737 2222 808 2273 quae
822 2204 852 2256 iu
864 2203 913 2256 tali
923 2203 986 2256 loco
996 2209 1046 2265 est,
1066 2201 1102 2264 sit
1113 2219 1175 2254 sua:

67 2275 99 2320 tu
118 2267 169 2322 sibi
187 2285 245 2327 earn
264 2271 380 2330 deunce.
414 2273 475 2328 Nan
493 2274 518 2328 ei
536 2274 704 2344 respondeo,
722 2273 788 2344 quia
804 2273 910 2344 possedi
930 2291 977 2343 per
987 2273 1066 2325 XXX.
1083 2291 1175 2324 annos.

70 2339 142 2390 Vere
158 2341 319 2408 possedisti,
348 2342 397 2396 sed
413 2360 462 2412 per
482 2345 601 2398 chartam
618 2345 731 2405 falsam,
751 2361 834 2413 quam
851 2343 943 2400 dixisti
964 2349 1069 2414 patrem
1085 2360 1176 2394 meum

68 2406 167 2464 fecisse
184 2405 244 2460 tibi.
272 2409 337 2466 Nou
354 2420 397 2464 est
412 2430 515 2467 reram.
549 2414 592 2468 Ita
610 2413 773 2484 approbabo.
1054 2438 1056 2443 ·

137 2475 189 2535 Vel
208 2476 262 2531 ita:
287 2480 358 2535 Vere
373 2483 531 2552 possedisti,
559 2483 609 2536 sed
624 2485 696 2535 malo
715 2483 809 2536 ordine
850 2488 878 2536 et
899 2479 971 2532 malo
988 2480 1078 2533 titulo.
1114 2481 1176 2532 Nou

67 2547 142 2599 malo
161 2547 272 2610 ordine,
300 2551 367 2622 quia
392 2553 523 2622 patruelis
550 2561 617 2606 tuus
641 2551 709 2605 milri
735 2571 795 2606 cam
818 2550 942 2608 vendidit
967 2569 1016 2621 per
1045 2551 1174 2604 chartam.

68 2617 123 2668 illa
142 2616 236 2670 charta
253 2615 322 2673 falsa
341 2630 390 2676 est.
570 2617 577 2636 ’

152 2684 268 2755 CXVI.
308 2691 467 2768 (LXlll.)
507 2690 542 2752 Si
573 2689 647 2773 quis
685 2688 928 2752 commutaverit
953 2697 1090 2767 terram,
1127 2709 1176 2748 ar-

68 2787 164 2848 vum,
184 2770 235 2830 vel
253 2782 397 2855 pratum,
427 2781 483 2834 aut
502 2772 635 2851 silvam,
667 2782 701 2835 et
720 2772 765 2834 ibi
790 2771 1003 2850 laboraverit,
1030 2780 1063 2832 et
1085 2771 1176 2832 aedi-

70 2848 179 2910 licium
195 2853 328 2934 fecerit,
349 2864 405 2916 aut
424 2856 624 2934 clausuram,
646 2864 702 2915 aut
725 2855 835 2918 vineas
849 2854 1013 2936 posuerit,
1037 2861 1070 2914 et
1091 2861 1176 2935 post·

70 2953 109 2994 ea
134 2937 311 2998 surrexerit
333 2949 440 3001 certus
466 2938 581 3017 homo,
611 2939 667 3019 qui
689 2938 793 3019 ipsum
819 2938 927 3000 locum
947 2959 1041 2999 suum
1069 2936 1176 3010 faciat,

71 3021 107 3074 ct
129 3012 186 3074 ille
216 3016 273 3096 qni
309 3021 414 3099 dedit,
445 3020 577 3084 minime
600 3019 740 3104 potuerit
767 3042 841 3081 eum
873 3019 1069 3094 defendere,
1095 3016 1176 3076 reci-

71 3093 141 3177 piat
159 3115 209 3156 res
230 3120 301 3160 suas
322 3123 401 3182 quas
422 3103 529 3180 dedit,
557 3113 590 3166 et
611 3103 823 3184 ille'insuper
849 3101 907 3183 qui
928 3101 1035 3174 dedit,
1063 3108 1095 3160 ct
1116 3097 1177 3156 mi·

74 3176 161 3238 nime
179 3177 355 3244 defendere
376 3186 536 3266 potuerit,
555 3186 657 3269 ipsum
670 3185 828 3263 ,damnum
847 3185 878 3244 ei
890 3183 1053 3258 restituat,
1072 3201 1177 3262 qaan÷

72 3267 140 3318 tum
162 3263 374 3342 appretiatum
395 3266 510 3344 fuerit,
533 3269 621 3349 quod
653 3267 697 3328 ibi
720 3276 828 3349 postea
852 3265 1008 3326 laboravit
1037 3269 1069 3324 et
1088 3261 1179 3322 aedi-

73 3340 191 3407 ficavit.
233 3343 348 3407 Sedet
371 3347 410 3408 de
439 3350 675 3430 comparatione
696 3349 740 3409 ita
762 3347 949 3423 statuimus,
975 3347 1059 3408 sicut
1084 3344 1177 3404 etde

73 3425 332 3489 commutatione.
381 3429 450 3491 Hoc
478 3440 584 3492 antem
610 3431 650 3492 de
676 3431 728 3492 his
757 3428 875 3490 caussis
904 3428 1060 3502 diximus,
1090 3425 1178 3486 unde

73 3505 198 3568 chartas
214 3511 486 3589 commutationis,
508 3523 564 3574 aut
581 3512 795 3588 venditionis,
818 3511 947 3572 interne
961 3534 1024 3570 nou
1046 3509 1179 3575 faciunt,

72 3589 154 3650 Nam
179 3591 265 3653 uude
295 3593 456 3655 chartulas
481 3594 621 3672 faciunt,
654 3605 685 3658 et
705 3594 897 3674 ostendunt,
920 3592 1078 3657 sicdebet
1099 3613 1178 3669 esse,

73 3668 159 3732 sicut
177 3672 210 3731 in
235 3671 311 3757 ipsis
332 3675 487 3738 chartulis
509 3677 636 3760 legitur.
675 3675 719 3743 ll.
740 3676 790 3742 56.
812 3677 841 3738 3.
885 3681 889 3689 ⁴

143 3771 226 3806 roura.
271 3759 348 3812 Petra
371 3767 401 3811 te
431 3760 552 3830 appellat
572 3760 722 3824 Martinus,
759 3759 833 3830 quod
861 3765 892 3810 tu
916 3766 993 3812 tenes
1014 3754 1065 3808 sibi
1081 3763 1179 3807 terram

73 3825 148 3876 malo
164 3825 258 3878 ordine
277 3827 306 3878 in
324 3830 374 3881 tali
391 3830 462 3882 loco.
500 3833 561 3900 lpsa
580 3839 650 3883 terra
668 3847 729 3881 mea
747 3840 787 3883 est
805 3829 919 3899 propria.
954 3827 1028 3897 Quid
1047 3823 1099 3878 tibi
1118 3843 1180 3896 per-

73 3893 168 3947 tinet?
198 3899 322 3950 Donatus
341 3900 517 3952 commutavit
536 3915 700 3953 eamecum.
744 3898 786 3952 Da
811 3900 922 3951 wadiam
941 3899 1112 3950 deauctore.
1151 3895 1179 3946 si
1253 3951 1256 3966 ,

73 3973 171 4016 auctor
186 3968 309 4030 venerit,
335 3979 362 4022 et
380 3970 530 4036 negaverit:
549 3971 625 4040 ipse,
653 3971 701 4038 qui
726 3971 778 4022 fuit
797 3967 1099 4039 appellatus,'pr0bet·
1152 3965 1180 4015 Sl

74 4032 188 4087 dixerit:
214 4053 264 4102 ego
281 4047 373 4092 tecum
391 4040 563 4094 coinanimari.
598 4040 673 4112 Quid
691 4040 742 4098 tibi
763 4038 938 4114 pertinebat?
963 4036 1182 4094 Per'suecessio·

80 4161 206 4177 b—-n-

26 4261 28 4272 r
122 4237 179 4312 ‘d)
196 4242 238 4300 Al.
257 4243 344 4298 Codd.
364 4255 526 4314 contempta.
