2632 4822
118 217 194 298 734
478 237 644 292 euterun
678 238 857 296 aornnns

123 455 125 464 Ι
200 371 412 454 cet-xxvl.
454 373 489 438 Si
510 375 706 460 mancipium
734 379 957 462 cuiuscunque
988 376 1023 438 in
1046 384 1139 438 curte
1173 375 1235 438 Re·

115 463 163 550 δὴ
184 460 376 544 coniugium
410 457 536 535 feeerit,
562 469 595 520 et
619 461 824 540 Gastaldiua,
856 473 912 524 aut
932 471 1023 522 actor
1043 459 1144 541 Regis
1168 469 1235 541 post
1313 461 1314 466 ’

113 546 289 612 necandam
310 554 343 605 et
364 540 490 602 tertiam
516 547 783 605 contestationem
811 545 948 606 reddere
971 542 1180 618 dilataverit,
1194 541 1234 603 ita

114 631 274 704 iubemus,
297 635 333 685 ut
357 623 471 685 reddat
491 622 596 706 ipsum
622 627 836 710 mancipium,
870 639 902 688 et
924 627 1014 686 aliud
1037 625 1166 700 simile,
1196 626 1233 686 de

114 715 181 779 auia
202 709 341 796 propriis
364 707 461 768 rebus
484 708 633 788 domino,
662 710 716 771 cui
739 710 945 787 dilataverit,
976 709 1117 770 reddere
1138 723 1233 790 coga-

112 807 177 862 tur.
219 792 308 856 Etsi
339 791 416 862 ille,
446 790 504 872 qui
533 789 573 851 de
602 801 693 854 curte
723 793 818 875 Regis
842 793 945 876 ipsum
976 790 1179 871 mancipium
1200 791 1231 851 in

114 879 214 963 gratia
236 875 371 958 recepit,
389 882 422 932 et
445 881 554 955 postea
574 896 632 958 pro
655 875 722 957 ipsa
744 879 839 958 culpa
860 879 894 938 in
918 876 950 936 id
981 873 1160 935 vindictam
1183 872 1232 934 de·

112 961 210 1037 derit,
233 967 403 1039 componat
425 955 458 1014 in
482 967 572 1018 curte
594 955 701 1040 Regis,
723 957 811 1022 unde
833 958 867 1020 id
888 958 1003 1022 tulerit
1022 956 1149 1020 solidos
1166 955 1231 1036 XL,

113 1044 140 1108 ai
162 1065 196 1108 aa
221 1041 373 1104 idoneare
398 1059 462 1098 non
485 1039 639 1122 potuerit.
722 1041 746 1102 1.
769 1041 817 1106 25.
840 1063 889 1108 ao.

181 1166 262 1204 eoru.
299 1149 377 1200 Perre
392 1153 421 1197 to
434 1146 557 1217 appellat
574 1147 718 1212 Martinus,
737 1150 813 1220 quod
834 1160 866 1202 ta
889 1148 1056 1220 prolongasti
1076 1149 1103 1202 ei
1122 1149 1231 1204 reddere

112 1228 175 1294 post
191 1219 305 1272 terciam
325 1217 556 1292 contestacioueru
574 1220 714 1272 Donatum
738 1238 819 1274 suum
845 1237 970 1286 servam,
996 1219 1046 1290 qui
1073 1219 1182 1286 fugerat
1204 1221 1231 1274 in

113 1299 218 1346 cortem
242 1289 335 1356 Regis,
365 1287 437 1338 unde
455 1295 486 1338 tu
507 1304 533 1340 es
553 1288 715 1343 Adsecutus
1116 1321 1120 1328 ·

183 1361 261 1414 Petre
280 1371 307 1411 te
326 1358 447 1427 appellnt
466 1357 609 1424 Martinus,
635 1362 710 1429 quod
730 1365 761 1412 tu
779 1355 905 1430 recepisti
923 1357 954 1409 iu
977 1357 1065 1428 gratia
1091 1359 1231 1414 Donatum

112 1439 192 1486 tuum
210 1447 326 1488 servunt,
348 1427 395 1496 qni
416 1427 521 1492 [tigerat
540 1428 569 1479 ln
588 1439 691 1482 cortem
710 1429 802 1495 Regis,
830 1430 905 1482 unde
931 1438 973 1482 est
997 1429 1176 1495 Advocatus,
1206 1441 1231 1486 et

112 1511 209 1576 postea
231 1499 331 1554 dedisti
348 1499 381 1550 iu
402 1515 465 1550 eum
483 1497 634 1554 vindictata
651 1515 700 1570 pro
718 1499 776 1572 ipsa
796 1501 888 1570 eulpa.

198 1599 426 1667 Cchtht.
471 1599 506 1662 si
535 1601 568 1662 in
604 1603 741 1664 ecclesia
768 1614 824 1665 ant
857 1605 891 1664 in
926 1603 1022 1666 domo
1054 1601 1230 1664 sacerdotis

112 1687 311 1770 mancipium
327 1685 561 1768 cuiuscumque
577 1687 767 1770 confugium
780 1687 907 1760 lecerit,
928 1696 959 1748 et
971 1680 1165 1770 Episcopus,
1181 1695 1232 1746 aut

111 1773 272 1848 sacerdos,
295 1770 352 1852 qui
375 1769 407 1828 in
434 1789 473 1828 eo
496 1769 568 1830 loco
590 1780 736 1853 praeest,
759 1768 794 1831 id
815 1769 953 1854 reddere
975 1769 1007 1840 in
1034 1768 1136 1850 gratia
1162 1779 1232 1852 post

112 1853 289 1918 secundam
312 1862 344 1913 et
362 1852 487 1911 tertiam
509 1849 777 1913 contestationem
798 1851 992 1930 dilataverit,
1015 1851 1060 1911 ita
1083 1851 1231 1912 decerni·

111 1956 200 2014 mne,
232 1932 403 1996 ut'reddat
431 1935 775 2018 ipsummancipium,
804 1946 835 1998 et
861 1933 951 1997 aliud
973 1931 1077 1995 simile
1103 1934 1143 1994 de
1167 1933 1230 1996 suis

110 2019 251 2106 propriis
272 2017 379 2093 rebus,
402 2026 439 2076 ut
463 2037 569 2100 supra.
610 2017 701 2080 Etsi
725 2019 759 2078 in
791 2019 892 2102 gratia
925 2019 1089 2085 redditum
1119 2017 1228 2093 faerit,

109 2113 338 2188 posteaquam
362 2100 511 2160 domiuus
531 2121 590 2182 pro
618 2101 685 2184 ipsa
708 2102 804 2186 culpa
825 2101 857 2160 in
882 2123 954 2163 eum
977 2099 1156 2179 vindictam
1176 2099 1229 2160 de-

110 2187 219 2264 derit,
253 2195 362 2245 autse
395 2183 537 2259 idoneet,
560 2192 596 2243 ut
625 2205 736 2268 supra,
757 2193 813 2244 ant
834 2183 874 2256 sit
896 2182 1069 2265 culpabilis
1092 2183 1153 2264 ipsi
1180 2204 1231 2242 ec-

109 2267 227 2330 elesiae
250 2260 334 2328 solid
355 2263 418 2330 XL.
440 2262 484 2324 ita
508 2275 546 2325 ut
568 2286 626 2348 per
647 2277 787 2330 actorem
809 2267 905 2348 Regis
928 2267 1118 2352 exigantur,
1142 2272 1175 2324 et
1195 2263 1230 2324 in

104 2371 198 2414 aacro
219 2347 324 2427 altari,
347 2347 403 2408 ubi
426 2345 544 2410 iniuria
567 2349 649 2411 facta
669 2359 734 2427 est,
756 2359 949 2435 ponantur„
1012 2349 1036 2408 l.
1064 2347 1112 2410 25.
1130 2349 1188 2429 aa.

178 2475 257 2511 roam
292 2455 437 2524 Presbyter
456 2459 533 2510 Petra
558 2475 620 2511 curn
644 2459 752 2511 Donato
776 2465 825 2512 tuo
854 2457 1010 2520 Advocato,
1033 2448 1173 2516 ,Martinus
1200 2463 1231 2510 te

106 2529 244 2600 appellat,
271 2526 347 2601 quod
363 2535 394 2578 tu
414 2527 577 2596 prolongasti
599 2525 650 2579 sibi
669 2529 780 2580 ¹eddere
799 2536 860 2597 post
877 2528 982 2580 tertiam
1003 2523 1230 2604 arnrnonitionern

107 2600 267 2654 anselmum
286 2613 365 2648 snum
389 2613 504 2662 servum,
529 2597 577 2667 qni
597 2597 701 2662 lingeret
718 2599 747 2650 iu
766 2597 916 2650 Ecclesiam
935 2599 1049 2649 Sanctae
1067 2595 1170 2644 Mariae

161 2667 297 2720 'Martiae
313 2669 487 2736 te‘appellat
506 2669 610 2728 Petrus,
633 2668 680 2736 qui
701 2677 742 2720 est
767 2669 922 2722 Advocatns
948 2666 981 2719 de
1006 2662 1231 2735 parte'Puhlica
1307 2699 1309 2704 -

106 2738 185 2862 pund
210 2748 242 2791 tu
265 2736 391 2804 recepisti
415 2738 443 2787 in
467 2738 553 2812 gratia
579 2739 736 2790 Anselruum
761 2747 844 2790 tuum
868 2753 994 2796 serrum,
1024 2733 1072 2804 qai
1094 2731 1168 2798 fugit
1197 2736 1230 2786 in

131 2808 232 2861 eclesia
250 2807 368 2860 Sanctae
385 2805 499 2869 Mariae,
519 2816 548 2859 et
564 2815 659 2876 postea
677 2808 776 2864 dedisti
793 2809 823 2860 in
848 2825 910 2860 eum
933 2807 1084 2860 uindictam
1101 2821 1151 2873 pro
1169 2803 1231 2876 ipsa

109 2879 250 3010 culplllai
268 2955 344 3000 actor
361 2943 426 2997 istos
443 2943 500 3002 xt.
518 2943 620 3000 solidos
638 2947 789 3014 retinuerit,
807 2947 911 3022 poterit
933 2943 1063 3014 dominus
1085 2941 1226 3003 Ecclesiae

110 3037 173 3073 eam
191 3016 256 3071 inde
274 3015 420 3088 appellare.

192 3116 435 3187 CCLXXVlIl.
477 3115 512 3178 si
526 3139 635 3180 servus
657 3118 742 3180 intra
762 3118 964 3202 provinciam
985 3115 1019 3178 iu
1037 3120 1111 3200 fuga
1132 3139 1229 3202 vaga·

108 3205 207 3279 verit,
230 3214 261 3264 et
282 3201 433 3264 dominus
454 3221 530 3262 eum
550 3201 725 3279 invenerit,
749 3212 780 3264 et
805 3223 916 3264 servus
939 3202 1006 3285 ipse
1035 3202 1170 3283 lugierlt
1192 3202 1228 3260 in

110 3300 236 3353 curtam
265 3285 426 3360 alienam,
454 3292 486 3345 et
510 3284 659 3346 dominus
684 3305 823 3366 sequeus
848 3306 923 3345 enm
953 3283 1227 3365 apprehenderim

110 3395 178 3434 non
200 3377 370 3455 reputetur
388 3366 485 3449 eulpa
507 3366 637 3440 domino
662 3389 721 3450 pro
741 3389 792 3445 eo,
814 3367 904 3449 quod
929 3366 961 3427 in
983 3375 1076 3428 curte
1094 3366 1229 3428 alterius

109 3459 256 3519 furorem
278 3451 312 3510 in
332 3470 461 3534 servum
483 3449 626 3527 habens,
660 3472 729 3512 rem
755 3473 844 3512 suam
868 3447 1113 3532 apprehendere
1140 3451 1229 3510 visus

112 3548 169 3608 est
211 3535 297 3599 Etsi
320 3533 389 3610 ille,
412 3532 504 3594 cuius
533 3533 632 3595 curtis
654 3533 773 3611 fuerit,
795 3542 850 3593 aut
870 3531 988 3612 aliquis
1011 3551 1052 3592 ex
1082 3531 1229 3591 homini-

110 3624 170 3688 bus
192 3620 281 3684 iltius
303 3615 501 3697 mancipium
522 3615 562 3676 de
584 3616 731 3677 manibus
752 3616 820 3698 eius
842 3615 974 3691 tulerit,
1007 3622 1062 3673 aut
1087 3623 1229 3675 anteste-

109 3705 196 3780 terte,
216 3703 345 3763 nullum
366 3699 515 3780 penitus,
547 3698 604 3779 qui
626 3699 773 3779 sequitur
793 3719 923 3760 servum
944 3717 1055 3770 suum,
1079 3697 1112 3755 in
1134 3705 1229 3764 curte

111 3784 386 3868 ipsascaadalum
408 3782 521 3856 iaciat,
553 3781 630 3844 etsi
651 3781 789 3856 feeerit,
819 3780 961 3862 qualiter
982 3778 1014 3838 in
1038 3779 1228 3840 benedicto

108 3860 239 3952 legitur,
254 3872 438 3946 componat.
478 3864 520 3924 Et
533 3863 590 3944 qui
612 3864 819 3938 antesteterit,
841 3873 896 3923 aut
913 3883 1042 3924 servum
1063 3862 1103 3930 de
1126 3883 1229 3923 manu

110 3954 240 4027 tulerit,
270 3951 303 4008 in
326 3947 426 4028 ipsius
447 3946 489 4006 sit
510 3946 702 4028 periculum.
744 3947 823 4007 Nam
844 3946 871 4006 si
901 3967 975 4006 casu
1001 3944 1142 4004 faciente
1175 3944 1229 4027 ip·

111 4060 182 4099 sum
203 4031 400 4112 mancipium
422 4028 515 4102 mori,
538 4030 683 4088 autalibi
704 4028 849 4089 aberrare
872 4026 1052 4107 contigerit,
1071 4025 1151 4109 ipse,
1169 4027 1229 4107 qui

111 4141 184 4181 eum
207 4121 246 4178 de
269 4137 365 4173 marim
390 4111 514 4173 domini
537 4111 724 4189 abstulerit,
747 4123 801 4172 aut
825 4109 1043 4186 antesteterit,
1066 4109 1227 4172 restituat.

109 4203 151 4267 Et
171 4203 198 4265 si
220 4203 389 4260 inventum
412 4194 521 4274 luerit,
553 4194 728 4272 reddatur,
758 4205 791 4256 et
813 4216 878 4254 non
906 4199 1036 4274 cogatur
1064 4192 1227 4254 Dominus
