2684 4868
121 257 196 336 542
323 273 428 333 nscrs
447 271 741 340 wrsssornonuu
758 269 823 330 sn.
840 269 889 329 vr.
908 271 980 330 ιιι.
999 272 1039 330 ιι.

118 421 254 486 maritus
275 439 333 506 pro
356 438 477 494 uxore,
510 436 572 478 nec
592 413 692 476 trater
710 435 770 498 pro
792 413 912 492 fratre,
942 433 1002 475 nec
1022 411 1155 476 vicinus
1174 433 1237 497 pro

118 507 248 581 vicino,
294 523 353 564 nec
369 501 584 584 ‘propinquus
613 519 672 579 pro
699 495 883 582 propinquo
917 496 1016 557 ullam
1038 496 1235 559 calumniam

116 589 331 675 pertimescat.
388 583 452 646 Sed
484 583 540 642 ille
562 581 649 644 solus
672 580 836 642 indicetur
856 577 1042 662 culpabilis,
1073 579 1131 664 qni
1162 581 1233 641 cul·
1290 633 1292 644 ,

116 671 223 757 panda
246 666 426 740 commisit,
452 675 484 727 et
505 665 627 726 crimen
650 685 724 726 cum
747 663 805 724 illo
826 663 885 749 qni
906 661 1039 740 fecerit,
1059 660 1228 724 morietnrs

117 777 179 817 nec
201 772 400 817 successores
421 759 476 812 aut
491 746 628 811 heredes
648 768 707 832 pro
719 746 813 809 factis
832 755 1006 830 parentum
1020 746 1123 807 ullum
1140 745 1229 830 peri·

116 841 228 902 culum
248 836 488 922 pertimescant.

118 1024 210 1098 Tru.
245 1023 295 1100 ΙΙ.
345 1023 406 1098 De
430 1019 604 1122 maleficis
630 1020 969 1191 aeficonsulentibns
994 1042 1058 1094 eos
1069 1071 1083 1111 ,
1125 988 1234 1116 atque

293 1137 296 1144 '
584 1145 677 1195 vene
704 1145 766 1190 css.

488 1279 518 1348 Ι.
557 1305 621 1346 sss.
663 1303 752 1349 cuns.
792 1301 859 1344 sex.

159 1398 198 1461 st
224 1398 375 1480 ingenuus
403 1395 444 1459 de
470 1397 571 1460 salute
598 1397 654 1458 uel
678 1409 778 1539 oporte
805 1396 941 1459 hominis
968 1395 1193 1465 vaticinatores

600 1490 770 1546 consuat„

199 1563 265 1643 Qui
288 1561 328 1624 de
350 1561 453 1624 salute
473 1561 526 1625 vel
547 1553 650 1624 morte
670 1561 833 1647 Principis
854 1563 906 1625 vel
926 1562 1152 1646 cuiuscunque
1173 1561 1233 1625 bo-

113 1647 211 1710 minis
232 1647 368 1723 sriolos,
402 1641 607 1728 auruspiccs,
641 1646 695 1707 rel
716 1645 944 1709 vaticinatores
964 1646 1128 1724 consulit,
1164 1667 1233 1707 nna

115 1754 190 1793 cum
212 1730 263 1792 his
283 1728 340 1812 qni
362 1729 592 1811 responderint
612 1729 875 1807 consulentibus,
910 1729 1043 1811 ingenui
1065 1727 1231 1811 siqnidem

113 1813 250 1898 flagellis
271 1811 373 1888 caesi,
406 1832 480 1873 cum
500 1812 596 1874 rebus
618 1811 766 1874 omnibus
788 1811 865 1874 fisco
887 1811 1039 1874 servituri
1067 1810 1230 1874 associen-

112 1907 185 1975 tur,
208 1905 246 1957 nt
265 1917 282 1956 a
299 1915 375 1977 rege
392 1893 445 1956 cni
464 1908 559 1957 erunt
574 1893 684 1956 donati
703 1904 859 1978 perpetuo
874 1893 1008 1956 servitio
1024 1893 1230 1956 addicantur.

113 1979 211 2059 Quod
230 1987 262 2040 et
281 1976 307 2039 si
329 1976 389 2038 filii
414 1999 526 2040 eorum
550 1978 631 2040 tales
647 1977 746 2039 fuisse
765 1975 1012 2061 repperiantur,
1034 1975 1226 2059 parentibus

111 2061 259 2125 criminis
284 2060 378 2140 socii,
409 2060 508 2123 simili
530 2062 757 2143 dampnatione
784 2064 976 2144 plectantur.
1016 2059 1052 2122 si
1081 2081 1159 2122 vero
1183 2059 1224 2122 ab

108 2141 232 2208 scelere
258 2153 427 2228 parentum
448 2143 628 2206 habeantur
653 2145 818 2222 extranei,
852 2153 884 2206 et
904 2142 1096 2228 dignitatem
1117 2153 1150 2205 et
1166 2163 1224 2206 re-

107 2249 181 2290 rum
203 2227 347 2288 omnium
365 2228 615 2308 possessionem,
647 2248 743 2309 quam
762 2235 912 2310 parentes
935 2226 1120 2306 amiserint,
1148 2226 1223 2311 pie·

107 2310 239 2373 nissime
266 2309 468 2376 obtinebunt.
520 2309 612 2373 Servi
637 2331 715 2372 vero
742 2310 871 2373 diverso
898 2330 1017 2392 genere
1041 2330 1222 2391 poenarum

106 2389 232 2468 afflicti,
267 2393 300 2452 in
322 2391 542 2470 transmarinis
560 2392 702 2476 partibus
722 2391 938 2455 uansferemli
961 2392 1162 2472 vendantur,
1184 2401 1221 2453 nt

106 2474 259 2536 severitas
278 2471 439 2536 vindictae
459 2495 525 2536 non
541 2473 659 2538 habeat
675 2485 862 2554 excusatos,
892 2496 974 2558 qnos
994 2474 1145 2558 propriae
1166 2497 1220 2537 ro-

105 2557 239 2618 luntatis
261 2575 428 2636 excessus,
458 2557 601 2631 nefariae
628 2556 912 2643 praevaricationis
933 2558 1031 2621 faciat
1051 2557 1218 2622 obnoxios.

476 2704 522 2774 11.
564 2728 628 2774 rus.
656 2729 744 2774 enos.
773 2729 843 2772 sex.

365 2895 367 2902 Ι
429 2828 445 2856 ·
553 2821 599 2882 De
622 2821 785 2908 veneficis.

184 2901 395 2966 Diversorum
410 2901 583 2965 criminum
600 2906 707 2982 noxii,
731 2906 857 2968 diverso
874 2912 950 2968 snut
967 2923 1145 2988 poenarum
1163 2924 1218 2986 ge·

105 3008 184 3049 nere
208 2986 360 3052 feriendi.
414 2987 622 3070 Acsprimum
647 2989 807 3088 ingenuos
826 2988 892 3050 sive
919 3009 1027 3050 servos
1042 2986 1214 3065 veneficos,
1306 3041 1308 3047 .

104 3071 138 3132 isl
159 3078 223 3147 est,
245 3070 302 3151 qui
321 3091 448 3131 venena
468 3071 665 3149 conficiunt,
688 3081 745 3134 rsta
770 3071 917 3155 protinus
931 3071 1075 3133 vindicta
1096 3090 1215 3151 sequa-

103 3163 175 3218 tur:
197 3163 234 3213 nt
251 3151 278 3214 si
296 3151 486 3216 senerrbtam
500 3153 667 3236 potionem
687 3155 785 3217 alicui
806 3153 975 3230 dederint,
999 3163 1031 3214 et
1052 3152 1109 3236 qni
1126 3152 1217 3212 bibe·

103 3237 148 3298 rit
174 3245 319 3296 mortuns
350 3236 468 3298 exinde
499 3239 618 3315 fuerit,
655 3238 704 3299 illi
734 3240 831 3299 etiam
862 3238 1019 3297 continuo
1046 3235 1216 3319 suppliciis

1 3390 9 3403 Ι
103 3319 224 3380 subditi
237 3328 338 3379 morte
360 3320 542 3402 turpissima
560 3330 635 3384 snut
651 3321 821 3404 puniendi.
863 3318 897 3381 Si
917 3329 1003 3382 certe
1020 3319 1140 3401 poculo
1156 3339 1217 3380 ve·

103 3402 181 3464 neni
205 3410 328 3484 potatus
347 3405 500 3481 evaserit,
523 3404 555 3463 in
585 3405 654 3465 eius
673 3412 860 3486 potestatem
881 3402 1056 3464 tradendus
1078 3411 1126 3463 est
1145 3402 1216 3480 ille,

100 3486 160 3630 pesp
173 3485 295 3630 sibiiiii
318 3492 355 3545 ut
371 3485 410 3548 de
429 3507 468 3596 eo
490 3487 579 3570 quod
594 3487 701 3550 facere
717 3487 873 3566 voluerit,
895 3486 946 3547 sni
968 3486 1011 3548 sit
1023 3483 1215 3548 incunctan-

422 3683 485 3752 tlt.
526 3705 588 3751 ans.
619 3706 684 3752 cns.
718 3707 805 3752 cuns.
833 3704 906 3751 nux.
994 3737 997 3744 .

352 3801 406 3860 De
427 3796 581 3883 maleficis
602 3812 633 3860 et
654 3799 884 3861 consulentibus
905 3819 969 3861 eos.

182 3878 324 3941 Malefici
341 3890 373 3941 ct
391 3881 584 3943 immissores
604 3891 843 3965 tempestatum,
873 3884 930 3965 qui
950 3877 1144 3963 quibusdam
1161 3877 1214 3938 in-

100 3964 336 4026 cantationibus
357 3963 546 4044 grandinem
563 3964 597 4024 in
620 3966 730 4026 vineas
748 3987 930 4046 messesque
951 3966 1078 4025 mittere
1100 3960 1214 4044 perhi-

96 4050 235 4125 bentur,
258 4057 290 4108 et
309 4045 342 4106 bi
361 4046 419 4128 qni
440 4067 500 4130 per
510 4047 750 4109 invocationem
764 4049 957 4110 daemonnm
971 4058 1094 4110 mentes
1107 4043 1214 4104 homi-

97 4155 176 4192 nnm
213 4129 426 4205 conturbant,
462 4151 520 4190 seu
546 4130 604 4213 qui
633 4142 791 4192 nocturna
817 4131 974 4193 sacrificia
1001 4127 1213 4194 daemonibus

95 4215 295 4293 celebrautp
314 4231 435 4295 eosque
454 4233 515 4297 per
537 4212 761 4278 invocationes
781 4213 918 4278 nefarius
944 4219 1099 4302 nequiter
1121 4213 1214 4277 ins'o·
