2684 4868
112 261 200 337 618Ι
307 279 412 336 eneis
433 284 725 342 wisrooruonun
752 286 824 342 ms.
844 289 875 342 x.
893 290 965 343 nr.
984 291 1009 347 1.

138 420 214 488 VII.
258 421 296 483 Si
321 423 446 484 vineam
467 425 501 486 in
523 425 626 485 alienu
648 439 734 487 terro
754 429 824 508 quis
842 428 1059 511 plantaverit,
1092 431 1127 490 in
1144 451 1211 514 qun

514 521 632 568 sortem
652 510 837 575 nonhabet.

201 589 266 666 Qui
284 589 413 649 viueum
428 587 462 649 in
481 589 582 650 uIIeui
602 590 697 651 fundi
721 591 897 670 territorio,
919 592 953 654 in
979 615 1045 676 quo
1070 592 1137 676 ipse
1155 618 1235 657 eon-

117 692 184 734 sors
206 693 272 732 uon
299 681 368 749 est,
394 671 464 732 sine
486 672 695 754 permissione
723 673 864 753 dominI,
895 676 962 739 sive
985 699 1042 758 per
1066 679 1148 755 vim,
1176 689 1232 739 aut

114 754 248 815 forsitan
273 753 404 816 domino
435 754 600 814 nesciente
618 754 671 815 vei
693 754 845 834 absente,¹
871 759 1082 839 plantaverit:
1108 761 1231 822 etiamsi

114 846 147 898 et
160 837 395 898 contradictum
411 858 477 898 nou
499 836 609 914 fuerit,
630 837 767 913 vineam,
790 860 886 920 quam
906 841 1075 937 plantavit,
1097 843 1231 910 amittat.

115 918 200 996 Quia
221 918 369 983 sufficere
399 919 429 980 ei
451 919 569 995 debet,
600 920 688 1001 quod
721 921 761 982 ad
791 921 1012 1004 dupiutronem
1033 925 1081 987 rei
1103 947 1168 988 nou
1190 928 1234 988 ad

115 1001 253 1080 dicitur,
276 1003 334 1084 qui
356 1001 462 1062 aliena
483 1002 658 1085 pervasisse
681 1002 870 1071 dinoscitur.

156 1119 245 1184 v111.
287 1119 336 1179 De
357 1117 515 1181 diuisione
537 1131 695 1178 terrarum
704 1117 798 1201 sacto
818 1123 902 1183 inter
916 1122 1052 1183 Gothum
1074 1133 1105 1183 et
1127 1123 1188 1185 Ro·

608 1223 743 1268 manum.

151 1290 153 1296 ’
198 1282 324 1347 Divisio
346 1283 434 1345 iuter
462 1280 606 1346 Gothum
634 1293 667 1345 et
693 1285 873 1348 Romanum
895 1288 977 1349 facta
1008 1287 1047 1349 de
1076 1288 1229 1384 portione

112 1379 272 1430 terrarum
292 1366 361 1431 sive
391 1366 563 1442 silvarum,
592 1367 684 1427 nulla
705 1370 830 1432 ratione
862 1370 1028 1446 turbetur,
1058 1393 1085 1432 si
1119 1380 1227 1433 tamen

111 1451 266 1535 probatur
287 1449 447 1511 celebrata
470 1448 596 1514 divisio.
637 1449 703 1512 Nec
724 1453 772 1513 ‘de
804 1451 927 1514 duabus
956 1453 1098 1535 partibus
1127 1455 1228 1515 Gothi

101 1533 237 1616 aliquid
257 1532 319 1595 sihi
340 1533 501 1594 Romanus
547 1543 707 1594 raesumat
727 1545 783 1595 aut
805 1535 962 1596 vindicet:
994 1545 1050 1596 aut
1071 1536 1110 1598 de
1133 1538 1228 1598 tertia

110 1615 246 1696 Romani
269 1615 396 1677 Gothus
416 1613 478 1676 ribi
501 1553 626 1694 aliquid
655 1616 772 1679 audeat
793 1639 949 1700 usurpare
971 1627 1026 1678 aut
1047 1619 1227 1699 vindicare,

111 1699 174 1760 nisi
206 1699 295 1780 quod
324 1699 363 1759 de
392 1707 500 1758 nostra
529 1695 663 1758 forsitan
695 1697 724 1758 ei
758 1700 856 1760 fuerit
883 1700 1032 1783 largitate
1062 1701 1226 1763 donatum.

43 1805 55 1825 ·
109 1781 175 1844 Sed
196 1780 284 1863 quod
306 1803 324 1840 a
346 1779 549 1862 parentibus,
578 1780 633 1842 vel
654 1780 771 1844 vieinIs
798 1781 937 1845 divisum
962 1791 1029 1862 est,
1057 1785 1227 1867 posteritas

21 1869 24 1874 “
100 1862 281 1924 .immutare
305 1883 369 1922 uon
392 1870 504 1924 tentet.

109 1979 172 2044 IX.
214 1981 264 2042 De
286 1980 377 2039 silvis
403 1980 487 2038 iuter
509 1975 647 2039 Gothum
668 1991 700 2040 et
728 1980 902 2042 Romanum
923 1977 1071 2040 indivisis
1095 1981 1226 2044 relictis.

191 2066 239 2126 De
261 2061 350 2126 silvis
367 2081 449 2144 quae
471 2059 629 2122 indivisae
652 2061 785 2130 forsitan
799 2062 1001 2141 resederunt,
1023 2084 1081 2124 seu
1099 2063 1225 2126 Gothus

109 2169 168 2210 seu
187 2147 350 2208 Romanus
376 2165 435 2206 eas
458 2144 680 2240 assumpserit,
714 2153 745 2205 et
767 2146 898 2206 fortasse
926 2145 1043 2206 fecerit
1064 2147 1222 2208 culturase

106 2230 276 2292 statuimus
306 2237 343 2288 ut
369 2228 395 2289 si
422 2225 528 2286 adhuc
553 2226 634 2286 silva
665 2238 836 2310 superest,
881 2229 969 2289 uude
1003 2228 1093 2310 paris,
1116 2228 1224 2289 meriti

107 2322 196 2374 terra
218 2312 287 2372 eius
309 2310 363 2371 cui
383 2305 523 2372 ¹debetur
548 2309 691 2389 portioni
721 2309 837 2372 debeat
863 2310 1082 2392 compensari,
1112 2310 1224 2373 silvam

108 2396 256 2476 accipere
279 2414 344 2453 nou
367 2402 504 2455 recuset.
546 2389 581 2452 si
603 2401 709 2452 autem
726 2392 811 2475 paris
832 2392 941 2454 meriti
963 2413 1046 2475 quae
1068 2415 1225 2476 compen-

107 2487 207 2552 setur,
229 2477 311 2538 silva
332 2497 398 2536 non
420 2472 531 2550 fucrit,
553 2475 646 2554 quod
664 2475 704 2536 ad
732 2476 892 2538 culturam
918 2475 1140 2555 scissumest,
1171 2476 1224 2537 di-

110 2559 250 2622 videtur.

108 2673 154 2736 X.
199 2671 298 2768 puori
320 2693 376 2749 eo,
413 2690 492 2755 quoe
525 2691 636 2732 seruus
666 2691 730 2732 non
762 2672 886 2734 iubente
925 2671 1053 2737 domino
1083 2671 1223 2755 fecerit,

234 2767 368 2839 excepto
390 2753 477 2836 quod
502 2754 557 2814 lex
585 2753 687 2830 iubet,
715 2754 823 2815 ualere
852 2777 915 2816 non
933 2769 1099 2839 poterunt.

192 2836 362 2918 Quidquid
383 2857 493 2899 servus
516 2835 647 2897 domiuo
680 2858 745 2896 non
776 2836 907 2899 iubente
935 2838 1078 2900 diviserit
1098 2837 1152 2899 vel
1178 2838 1224 2899 fe·

107 2921 210 2999 cerit,
249 2929 385 3002 excepto
406 2920 496 3001 quod
517 2919 570 2980 Iex
592 2919 766 3000 permittit,
800 2920 927 2980 firmum
949 2942 1015 2981 non
1037 2940 1104 2981 ease
1126 2919 1223 2982 iube-

108 3027 196 3066 mus:
226 3004 253 3066 si
279 3003 313 3064 id
333 3003 484 3082 dominus
512 3002 599 3065 servi
620 3002 765 3062 noluerit
785 3004 958 3065 custodire.

108 3118 165 3184 XI.
212 3117 253 3180 Ut
280 3119 335 3202 qui
357 3127 465 3178 terras
489 3116 534 3177 od
558 3138 707 3179 cononem
732 3120 906 3214 acceperit,
937 3117 1090 3202 placitum
1112 3129 1223 3181 servet.

190 3205 326 3277 Terras,
357 3221 441 3282 quae
458 3199 497 3260 ad
519 3200 674 3282 placitum
695 3221 828 3262 canonis
858 3201 947 3261 datae
969 3208 1061 3276 suut,
1082 3200 1224 3281 quicun-

105 3308 170 3369 que
192 3283 350 3366 suscepit,
380 3284 447 3364 ipse
469 3281 648 3364 possident,
689 3293 722 3342 et
748 3304 905 3344 canonem
927 3283 1060 3344 domino
1087 3282 1224 3365 singulis

107 3391 221 3443 annis,
253 3368 311 3464 qui
335 3365 435 3426 fuerit
464 3366 637 3427 defunctus
671 3366 832 3426 exsolvat:
870 3366 947 3447 quia
974 3364 1130 3447 placitum
1157 3385 1223 3425 non

105 3458 235 3535 oportet
264 3448 417 3530 inrumpi.
475 3447 571 3525 Quod
602 3447 629 3508 si
658 3469 816 3508 canonem
847 3448 1058 3510 constitutum
1088 3446 1223 3528 singulis

106 3535 200 3595 annis
223 3532 358 3615 implere
380 3529 580 3614 neglexerit,
611 3540 711 3591 terras
733 3530 884 3591 dominus
911 3551 970 3614 pro
991 3549 1049 3592 suo
1074 3527 1145 3590 iure
1170 3528 1227 3590 de·

103 3618 230 3678 fendut:
263 3615 341 3697 quia
372 3636 429 3675 sua
458 3614 554 3696 culpa
582 3612 779 3673 beneficium
809 3614 897 3696 quod
928 3615 1035 3675 fuerat
1065 3620 1223 3674 consecu-

103 3711 175 3780 tus,
197 3699 340 3774 amittat,
367 3696 444 3778 qnia
466 3696 620 3779 placitum
643 3717 710 3756 uon
733 3696 882 3780 implesse
903 3693 1120 3760 convincitur.

185 3813 262 3876 XII.
304 3814 354 3873 De
377 3812 568 3894 terrisonae
590 3807 724 3890 definito
746 3831 898 3872 annorum
919 3829 1048 3872 numero
1068 3829 1130 3895 per

505 3893 656 3974 placitum
684 3891 810 3953 dantur.
893 3899 897 3906 '

187 3981 222 4043 si
249 4000 308 4063 per
330 3973 507 4059 precarium
535 3973 702 4056 epistolam
733 3985 840 4036 certus
869 3993 1029 4036 annorum
1069 3995 1225 4036 numerus

101 4059 487 4145 fuerit'compreheusus,
520 4057 562 4118 ita
592 4065 626 4118 ut
655 4056 711 4118 ilie
734 4057 791 4138 qui
813 4059 990 4140 susceperit
1013 4068 1130 4136 terrun,
1152 4066 1224 4140 post

103 4148 324 4230 quodcunque
344 4150 471 4221 tempus
492 4139 624 4200 domino
646 4140 855 4202 reformaret:
874 4141 975 4204 ,iuxta
1000 4141 1230 4204 conditionem.

103 4231 214 4314 lsiueiti
241 4237 341 4290 terras
374 4223 544 4285 restituere
574 4243 639 4282 uon
669 4231 821 4288 moretur.
