2632 4822
298 238 300 242 ’
328 261 547 318 murratum
583 259 708 314 iacun
744 262 809 314 ms.
828 264 861 317 v.
1105 249 1173 320 771

66 413 133 466 tem
155 412 283 466 sanctae
301 402 363 465 Dei
394 398 558 484 genitricis
584 399 720 478 Mariae,
754 422 960 485 quocumque
985 404 1116 490 ingenio
1138 407 1173 467 iu

66 509 99 548 se
119 486 317 567 suscipiunt,
337 495 449 569 postea
471 484 512 546 ad
528 483 705 544 secularem
721 483 818 544 vitam
838 487 891 546 vel
912 487 1055 549 habitum
1069 498 1175 550 trans-

65 569 114 644 ire,
139 570 323 630 nullatenus
346 575 560 650 praesumant.
620 565 708 643 Quia·
725 567 927 628 considerare
953 570 1048 630 dehet
1070 571 1174 631 omnis

65 651 279 729 christianus,
310 651 399 732 quod
426 651 454 711 si
482 649 695 730 quiscumque
717 650 869 724 secularis
890 651 986 712 homo
1009 664 1176 734 parentem

64 745 205 796 nostram
225 733 403 795 secularem
428 741 574 815 sponsat,
610 752 684 790 cum
711 731 781 791 solo
810 734 930 793 annulo
959 756 1029 796 eam
1062 738 1175 796 subar-

61 815 144 893 rhat,
167 825 198 876 et
220 838 308 876 suam
328 817 414 892 facit,
438 810 470 876 c't
490 815 516 874 si
538 821 646 896 postea
668 813 765 874 aliam
785 836 920 875 uxorem
943 818 1080 896 duxerit,
1103 818 1174 877 cul-

61 899 177 984 pabilis
199 893 364 959 invenitur
384 899 477 959 solid.
498 898 538 956 D.
581 898 709 974 Quanto
740 898 839 978 magis
860 899 957 959 debet
979 922 1088 961 caussa
1109 901 1172 960 'Dei

62 992 95 1044 et
124 991 251 1044 sanctae
273 979 391 1054 Mariae
421 978 557 1061 amplior
585 998 671 1055 esse,
703 988 739 1040 ut
767 1001 849 1061 quae
880 977 985 1063 ipsum
1013 984 1172 1062 velamen,

60 1064 113 1127 vel
142 1063 290 1138 habitum
318 1062 352 1121 in
381 1085 414 1124 se
444 1061 640 1144 suspiciunt,
678 1059 712 1120 in
742 1063 856 1123 eodem
880 1059 1025 1126 'debeant
1046 1073 1173 1148 perma-

62 1147 161 1208 nere?
198 1145 233 1206 si
262 1165 327 1225 qua
356 1167 432 1208 vero
452 1144 573 1205 femina
595 1151 707 1203 contra
727 1142 807 1222 hoc,
839 1147 1058 1226 quodnostra
1080 1148 1174 1208 insti·
1253 1181 1256 1183 ·

60 1230 123 1292 tuit
144 1227 358 1305 excellentia,
395 1227 512 1310 egerit,
545 1234 599 1285 aut
619 1226 732 1286 marito
755 1248 787 1287 se
811 1227 1028 1309 copulaverit,
1059 1231 1174 1312 perdat

62 1332 192 1372 omnem
220 1307 427 1371 substantiam
456 1332 559 1370 suam:
599 1317 632 1369 et
660 1308 808 1369 deveniat
837 1309 905 1391 ipsa
930 1313 1107 1373 substantia
1137 1313 1189 1380 in·

62 1401 249 1478 potestatem
270 1393 396 1454 Palatii.
438 1395 486 1452 De
507 1412 644 1474 persona
657 1412 733 1451 vero
751 1389 896 1460 eiusdem
911 1395 1065 1471 feminae,
1088 1416 1171 1476 quae

60 1477 124 1538 tale
147 1476 266 1534 malum
287 1475 504 1551 commiserit,
522 1474 644 1534 iudicet
663 1475 756 1547 Rex,
778 1473 834 1554 qui
855 1497 912 1557 pro
934 1486 1077 1560 tempore
1098 1479 1172 1536 fue-

60 1559 118 1636 rit,
141 1558 281 1640 qualiter
301 1558 350 1617 illi
372 1557 552 1641 placuerit,
576 1564 628 1616 aut
648 1555 682 1614 in
705 1558 898 1619 monasterio
920 1560 1094 1636 mittendo,
1117 1567 1173 1618 aut

60 1641 202 1724 qualiter
222 1642 400 1701 secundum
420 1643 526 1700 Deum
546 1639 662 1708 melius
684 1639 886 1721 praeviderit.
928 1641 1033 1702 Simili
1062 1644 1171 1720 modo,

60 1735 94 1785 et
116 1724 154 1784 de
176 1723 274 1800 victu,
295 1725 348 1785 vel
369 1723 561 1784 vestimento
583 1720 740 1804 eius'ipse
759 1721 910 1804 princeps
925 1723 1070 1804 ordinet,
1095 1747 1173 1806 qua-

60 1801 391 1888 liter'illi'plac'uerit.
417 1805 469 1866 'Si
497 1814 604 1864 autem
634 1802 708 1880 ille,
744 1805 777 1864 in
810 1801 899 1866 cuius
929 1808 1064 1867 mundio
1096 1807 1169 1866 talis

60 1887 183 1949 femina
206 1897 267 1964 est,
301 1888 510 1948 consentiens
536 1886 633 1948 fuerit
660 1887 694 1944 in
728 1908 821 1968 supra
853 1888 970 1970 scripto
1000 1891 1101 1963 malo,
1137 1898 1169 1949 ct

59 1971 227 2052 probatum
258 1969 370 2040 fuerit3
410 1980 582 2052 componat
608 1968 771 2050 widrigild
793 1991 901 2050 suum,
942 1981 974 2031 et
994 1973 1071 2049 ille,
1112 1973 1169 2051 qui

60 2074 131 2112 eam
152 2053 267 2112 tollere
289 2053 529 2133 praesumserit,
564 2060 733 2134 componat
760 2052 796 2110 in
815 2052 933 2134 palatio
955 2054 1051 2135 Regis
1074 2055 1182 2120 solid..

61 2135 129 2195 DC.
171 2135 204 2194 Si
226 2144 332 2194 autem
355 2135 531 2197 mundoald
552 2134 651 2218 ipsius
676 2134 815 2194 feminae
839 2135 961 2218 inipso
985 2137 1069 2195 malo
1093 2157 1170 2196 con-

58 2216 199 2278 sentiens
228 2238 295 2276 uon
322 2218 436 2296 fuerit,
468 2218 611 2278 medium
641 2217 680 2276 de
712 2216 788 2299 ipsis
809 2219 876 2276 DC.
900 2217 1011 2279 solidis
1032 2219 1168 2299 accipiat

57 2299 143 2381 ipse,
173 2308 204 2359 et
224 2302 292 2359 Rex
314 2296 467 2364 medium.
510 2301 575 2378 Qui
596 2308 701 2360 autem
722 2301 820 2359 talem
840 2301 994 2360 feminam
1015 2299 1191 2383 rapuerit,

58 2377 230 2464 componat
252 2382 343 2442 solid.
367 2384 416 2444 Μ.
445 2392 479 2442 ut
499 2382 670 2466 praecedat
692 2403 799 2442 caussa
820 2383 882 2443 Dei
905 2384 998 2447 solid.
1022 2383 1058 2444 C.
1082 2405 1166 2464 quo·
1237 2437 1247 2448 .,

57 2465 144 2524 niam
175 2465 213 2524 de
244 2472 336 2546 raptu
357 2465 508 2526 secularis
529 2465 675 2536 feminae,
691 2465 880 2547 compositio
900 2467 1050 2530 DCCCC.
1072 2465 1167 2530 solid.
1247 2458 1251 2466 ’

56 2547 92 2609 in
115 2547 221 2608 edicto
249 2547 386 2629 legitur:
421 2548 488 2630 ipsa
517 2568 611 2623 vero,
646 2568 735 2628 quacv
763 2567 828 2607 non
861 2549 1098 2609 conservaverit
1129 2569 1167 2608 ea

56 2649 138 2712 quae
173 2629 317 2711 superius
348 2631 517 2712 leguntur,
559 2638 591 2689 et
620 2629 800 2712 supradicto
828 2631 912 2692 malo
947 2632 1164 2714 consenserit,

15 2745 18 2752 ν
55 2732 177 2798 poenae
201 2713 431 2795 suprascriptae
454 2713 621 2776 subiaceat.
666 2713 728 2777 ll.
750 2714 800 2794 37.
826 2734 850 2777 1.

126 2812 205 2846 roau.
242 2795 328 2846 Maria
346 2813 408 2847 cum
426 2797 533 2851 Donato
551 2805 599 2848 tuo
621 2803 712 2847 tutore
733 2804 762 2846 te
784 2796 906 2864 appellat
924 2797 1033 2861 Petrus,
1059 2795 1107 2864 qui
1124 2803 1166 2848 est
1259 2801 1262 2808 ⁴

56 2864 212 2918 Advocatus
235 2865 269 2918 de
293 2873 370 2934 parte
390 2866 521 2926 Publica,
555 2866 630 2936 quod
651 2873 682 2916 tu
714 2864 816 2918 duxisti
841 2865 985 2931 maritum,
1019 2874 1165 2938 postquam

57 2944 89 2989 tu
109 2935 185 2986 fuisti
204 2943 309 2988 mutata
334 2936 368 2987 de
388 2946 464 2988 veste
484 2935 618 3000 religiosa.
671 2983 673 2986 .

124 3005 203 3056 Petre
233 3012 261 3054 te
290 3007 411 3076 appellat
443 3003 593 3070 Martinus,
646 3003 693 3073 qui
743 3013 783 3056 est
802 3005 971 3066 ¹Advocatus
1008 3004 1042 3055 de
1086 3011 1164 3074 parte

58 3069 191 3190 quilica‚
225 3075 300 3142 quod
321 3084 355 3127 tu
377 3075 489 3145 rapuisti
515 3075 629 3136 Aldum,
662 3082 807 3146 postquam
827 3076 881 3128 fuit
902 3082 1009 3126 mutata
1031 3074 1066 3126 de
1087 3083 1164 3128 vcstc

56 3157 85 3192 re
98 3157 187 3206 igiosa.

181 3212 291 3278 XXXI.
332 3215 415 3291 (II)
455 3213 490 3274 si
522 3211 594 3294 quis
615 3213 756 3295 rapuerit
777 3212 1046 3293 qualemcumque
1068 3209 1165 3270 semi·
1221 3278 1223 3283 1

57 3312 131 3350 nam
153 3292 286 3353 liberam
307 3296 501 3376 secularem,
536 3296 621 3356 unde
655 3297 688 3355 in
721 3295 873 3356 anteriori
901 3294 1018 3354 Edicto
1046 3293 1165 3374 legitur
1196 3297 1201 3310 “

57 3375 245 3455 compositio
267 3367 326 3440 s'ol.
347 3379 516 3456 DCCCC.,
543 3378 587 3438 ita
608 3379 774 3451 volumus,
803 3387 838 3436 ut
862 3377 900 3437 de
924 3376 988 3436 illis
1019 3375 1163 3436 CCCCL.

55 3457 184 3534 solidis,
219 3458 276 3538 qui
308 3459 473 3542 pertinent
507 3461 546 3520 ad
574 3470 721 3541 parentes
751 3459 802 3519 vel
833 3458 1010 3518 mundoald
1044 3478 1163 3532 earum,

56 3540 193 3622 accipiat
214 3562 254 3601 ex
276 3541 353 3624 ipsis
374 3541 432 3603 sol.
454 3530 648 3619 mundoald,
672 3541 728 3623 qui
751 3540 870 3618 fuerit,
892 3562 949 3623 pro
972 3539 1082 3621 fatigio
1105 3561 1163 3612 suo

56 3631 88 3682 et
110 3622 278 3686 exactione
301 3624 347 3686 dc·
363 3623 447 3706 ipsa,
479 3623 512 3683 in
534 3646 672 3708 poenam
694 3622 786 3684 solid.
809 3625 869 3699 CL.
910 3622 1065 3703 Reliquos
1086 3643 1163 3682 vero

55 3705 147 3767 CCC.
167 3706 283 3767 habeat
304 3706 371 3788 ipsa
390 3707 622 3784 femina,ycui
652 3706 725 3767 talis
755 3705 872 3764 iniuria
901 3714 954 3764 aut
976 3704 1163 3765 detractatio

49 3788 139 3850 factu
160 3797 217 3850 est.
258 3789 291 3849 Si
311 3798 419 3850 autem
439 3799 561 3871 patrem
582 3799 635 3850 aut
655 3791 786 3850 fratrem
802 3787 869 3870 ipsa
885 3787 1024 3848 foemina
1042 3787 1163 3847 habue-

48 3869 113 3948 rit,
154 3881 185 3932 et
212 3871 246 3930 in
278 3893 389 3932 corum
417 3872 551 3933 mundio
572 3871 686 3948 fuerit,
720 3881 798 3931 tunc
819 3878 909 3950 pater
930 3880 984 3930 aut
1003 3872 1102 3931 frater
1123 3869 1163 3930 de
1262 3916 1266 3921 .

55 3951 123 4037 ipsa
144 3954 385 4037 compositione,
408 3977 488 4037 quae
511 3964 558 4016 est
579 3954 753 4016 solidorum
772 3947 925 4023 ccccl...
947 3951 1067 4016 faciant
1088 3972 1163 4013 cum

55 4035 121 4094 fitia
143 4046 197 4095 aut
218 4059 324 4098 sorore
345 4059 411 4114 sua,
433 4037 571 4118 qualiter
584 4035 762 4098 voluerint:
776 4055 861 4095 -nam
878 4035 959 4096 alter
974 4033 1164 4110 mundoald,

55 4127 109 4178 aut
129 4140 243 4199 parens
265 4119 311 4182 sic
339 4120 482 4181 dividant
509 4121 609 4206 ipsam
641 4116 925 4201 compositionem,
956 4117 1040 4186 sicut
1068 4137 1164 4200 supra

55 4201 231 4265 statuimus.
294 4202 318 4264 l.
341 4203 389 4268 30.
416 4225 460 4264 11.
