2684 4868
131 259 207 337 558
325 277 432 335 mors
450 235 742 334 wrsrooruoaun
765 275 830 338 ua.
848 277 895 331 vr.
914 277 984 332 rrr.
1002 281 1035 334 v.

395 417 501 482 XVII.
565 439 626 478 ris.
668 437 733 480 crs.
774 439 861 480 sons.
902 437 972 478 nex.

411 534 461 594 De
505 532 673 606 arricidis,
695 545 853 594 eteorum
873 531 975 594 rebus.
1029 529 1033 542 '

212 622 300 682 Dum
323 615 451 678 nullum
479 554 691 678 homicidium
711 616 878 677 voluntate
900 612 1098 678 commissum
1118 619 1237 683 nostris

112 703 253 794 'legibus
269 701 476 784 relinquatur
492 697 650 777 inultum,
673 697 812 762 stillum
828 698 928 781 magis
946 706 1089 781 oporteat
1100 712 1236 764 mortem

128 789 299 870 excipere,
321 785 378 866 qui
394 781 670 864 consanguinitate
686 781 869 866 proximum
886 784 1130 864 praesumpserit
1147 786 1235 847 oeci-

129 870 227 933 dere:
249 866 388 950 proinde
408 865 471 926 hoc
491 885 586 925 omne
608 886 667 948 per
688 885 802 927 aevum
821 864 1060 947 promulgamus
1084 866 1236 946 edictum,

132 962 169 1014 ut
195 951 386 1037 quicunque
405 946 615 1031 parricidium
640 947 770 1026 fecerit,
799 945 863 1008 hoc
881 956 929 1009 est
947 956 1072 1030 patrem
1090 957 1145 1008 aut
1169 971 1238 1012 ma-

127 1044 232 1108 trem,
261 1053 320 1095 ssu
343 1033 476 1092 fratrem
500 1039 556 1090 ant
571 1051 731 1109 sororem,
761 1029 814 1091 vel
837 1049 1068 1112 quemcunque
1090 1031 1151 1092 sihi
1168 1053 1241 1113 pro·

127 1117 305 1204 pinquum,
328 1112 492 1197 proposito
511 1112 562 1174 vel
585 1112 766 1174 intentione
780 1134 896 1196 pravae
918 1111 1096 1175 voluntatis
1114 1115 1240 1176 occide·

126 1199 187 1276 rit,
209 1197 378 1259 confestim
395 1195 643 1291 comprehensus
659 1217 678 1255 a
694 1195 802 1257 iudice
818 1196 932 1258 eadem
951 1206 1054 1259 morte
1072 1196 1241 1279 puniatur,

125 1302 191 1364 qna
204 1282 271 1364 ipse
289 1279 388 1338 alium
397 1299 514 1361 punire
527 1279 784 1363 praesumpserit.
824 1277 875 1340 lta
892 1288 928 1339 ut
943 1299 1002 1340 seu
1018 1279 1069 1340 vir
1086 1279 1155 1341 sive
1170 1300 1240 1338 mn·

126 1363 190 1424 lier
211 1365 269 1439 sit,
291 1361 348 1443 qui
365 1361 530 1443 parricidii
551 1360 674 1432 crimen
694 1361 874 1440 admiserit,
896 1361 923 1423 si
934 1361 1018 1422 filios
1037 1382 1102 1421 non
1118 1359 1241 1423 hahue-

125 1446 188 1525 rit,
220 1445 324 1506 omnis
349 1443 526 1526 parricidae
554 1443 716 1506 hereditas
748 1444 789 1505 ad
815 1444 953 1505 heredes
978 1453 1011 1506 et
1034 1443 1239 1526 propinquos

127 1528 227 1590 occisi
252 1526 423 1610 pertineat.
478 1525 512 1586 Si
539 1546 617 1588 vero
638 1526 722 1589 filios
744 1526 784 1590 de
809 1526 873 1588 alio
899 1527 1051 1609 coniugio
1076 1526 1240 1603 hahuerit,

127 1610 282 1672 medietas
317 1607 477 1670 facultatis
503 1608 572 1671 eius
599 1609 674 1672 liliis
704 1608 802 1672 occisi
824 1609 989 1691 proficiat,
1023 1617 1056 1670 et
1083 1607 1240 1670 medietas

127 1693 202 1754 filiis
221 1690 419 1774 parricidae,
440 1691 466 1752 si
480 1699 586 1753 tamen
605 1692 776 1755 inscelere
795 1689 894 1774 patris
910 1701 965 1754 aut
988 1690 1097 1751 matris
1117 1688 1241 1752 conscii

126 1795 193 1836 non
209 1773 333 1835 fuerint
354 1774 529 1855 approbati.
569 1776 649 1836 Nam
667 1776 693 1838 si
710 1774 856 1837 conscios
875 1795 929 1836 eos
950 1775 1054 1838 scelus
1067 1782 1240 1857 parentum

124 1855 293 1936 habuerit,
328 1858 432 1917 omnis
460 1856 638 1940 parricidae
671 1857 833 1920 hereditas
856 1856 931 1918 filiis
956 1855 1054 1918 occisi
1082 1855 1244 1939 proficiat.¹

126 1941 225 2020 Quod
253 1940 281 2002 si
310 1961 416 2021 neque
440 1939 600 2022 parricida
628 1962 735 2022 neque
766 1940 889 2002 occisus
918 1939 1001 2002 filios
1029 1938 1238 2022 reliquerint,

127 2033 206 2085 tunc
228 2044 357 2084 omnem
378 2023 563 2084 facultatem
582 2023 779 2104 parricidae,
800 2030 950 2105 parentes
971 2021 1068 2084 occisi
1088 2029 1144 2081 aut
1160 2041 1236 2103 pro·

124 2106 243 2190 pinqui
269 2105 397 2168 sibimet
423 2105 456 2165 in
486 2105 633 2168 omnihus
651 2105 882 2168 vindicabunt:
913 2104 965 2166 vel
985 2101 1143 2187 proximi,
1176 2102 1236 2184 qui

125 2189 195 2250 eins
216 2198 351 2333 :inoptam
383 2188 602 2252 ulciscendam
632 2188 851 2267 instituerint,
885 2186 950 2248 iuri
979 2184 1043 2250 sno'
1072 2185 1235 2270 applicare

126 2292 193 2333 non
239 2294 259 2332 u
284 2271 376 2336 itent.
1090 2273 1092 2278 '

342 2415 472 2481 XVlIl.
514 2439 651 2496 carrona
682 2439 816 2482 novrrsa
846 2439 1021 2481 susanam.

261 2535 380 2596 Deliis
402 2537 457 2618 qni
473 2541 641 2620 proximos
662 2536 821 2614 sanguinis
843 2537 894 2594 sui
913 2533 1100 2599 occiderint.

206 2617 242 2680 Si
264 2627 356 2700 pater
377 2617 498 2695 filium,
520 2627 575 2678 aut
597 2618 683 2679 filius
697 2626 836 2700 patrem,
858 2638 916 2679 seu
936 2616 1068 2677 maritus
1088 2634 1233 2693 uxorem,

125 2709 180 2764 aut
200 2721 284 2762 uxor
303 2700 473 2778 maritum,
503 2709 559 2761 aut
579 2709 680 2761 mater
699 2700 812 2778 filiam,
834 2708 889 2761 aut
908 2699 975 2758 filia
995 2708 1149 2776 matrem,
1181 2707 1237 2758 ant

123 2784 389 2860 fraterfratrcm,
418 2790 473 2843 ant
490 2803 581 2844 soror
598 2804 758 2860 sororem,
788 2793 844 2844 aut
861 2803 1009 2844 socerum
1027 2801 1143 2864 gener,
1181 2789 1237 2842 aut

125 2887 282 2952 generum
303 2885 415 2943 socer,
439 2865 492 2928 vel
515 2886 615 2927 nurus
636 2861 793 2944 socrum,
806 2874 863 2926 ant
881 2885 991 2926 socrus
1012 2884 1148 2941 nurum,
1179 2862 1235 2925 vel

123 2969 352 3033 quemcunque
375 2969 493 3012 consen
519 2949 654 3009 uinitate
684 2948 745 3010 sihi
768 2947 969 3031 proximum,
1004 2955 1059 3007 aut
1086 2965 1144 3006 suo
1175 2965 1241 3028 ge-v

123 3033 197 3094 neri
219 3033 403 3115 copnlatum
425 2971 601 3108 occiderit,
622 3040 724 3092 morte
745 3031 947 3113 dampnetur.
988 3025 1131 3107 Quodsi
1154 3047 1234 3108 pro·

124 3127 200 3200 pter
217 3115 280 3178 hoc
301 3113 463 3176 homicida
495 3115 536 3176 ad
555 3113 733 3176 Ecclesiam
753 3115 807 3177 vel
828 3111 940 3174 altaria
961 3119 1072 3174 sancta
1093 3130 1234 3170 coneur-

122 3199 221 3276 rerit,
259 3198 294 3258 in
321 3207 478 3279 potestate
506 3205 676 3280 parentum
697 3197 750 3259 vel
772 3195 1029 3279 propinquorum
1050 3191 1146 3255 occisi
1167 3201 1235 3252 tra-

123 3281 249 3343 dendus
271 3288 337 3342 est:
359 3289 396 3342 ut
414 3281 501 3342 salva
523 3289 647 3340 tantam
670 3279 794 3356 anima,
823 3276 984 3362 quidquid
1005 3278 1045 3338 de
1067 3297 1106 3336 eo
1126 3275 1234 3336 facere

124 3364 307 3438 voluerint,
336 3362 475 3424 habeant
496 3370 694 3445 potestatem.
755 3363 894 3423 Omnem
921 3380 999 3421 vero
1025 3356 1235 3420 substantiam

122 3469 211 3508 suam
232 3445 407 3508 heredibus
429 3445 545 3522 occisi,
577 3445 669 3505 iuxta
685 3443 766 3527 legis
781 3441 956 3527 superioris
979 3440 1149 3516 ordinem,
1181 3438 1235 3498 iu-

121 3528 234 3592 bemus
248 3527 374 3607 addici,
408 3537 463 3590 aut
478 3528 575 3591 etiam
589 3527 685 3604 fisco,
720 3529 748 3589 si
765 3525 901 3588 heredes
924 3522 1086 3607 proximos
1109 3520 1242 3596 occisus¹

125 3633 191 3672 non
209 3611 400 3693 reliquerit,
422 3611 547 3674 sociari.
588 3611 668 3674 Nam
681 3609 843 3672 homicida
862 3629 923 3676 nec
943 3604 1148 3667 facultatibus
1167 3600 1234 3665 suis

121 3693 275 3756 liberatus
298 3704 427 3776 utetur,
459 3693 583 3759 etiamsi
610 3714 747 3778 poenam
770 3691 881 3754 mortis
903 3689 1039 3754 evadere
1060 3695 1233 3750 mereatur.

505 3829 508 3835 Α
537 3843 625 3908 xlx.
667 3860 817 3918 surmus.

227 3959 265 4020 Si
284 3983 304 4020 a
322 3961 473 4040 proximo
497 3958 657 4038 sanguinis
679 3977 752 4018 casu
770 3956 938 4038 proximus
958 3951 1133 4038 occidatur.

203 4043 237 4104 Si
255 4050 347 4124 pater
364 4040 484 4118 filium,
505 4049 561 4102 aut
581 4049 681 4101 mater
698 4039 814 4117 filiam,
835 4047 891 4100 aut
910 4037 997 4098 filius?
1013 4045 1161 4119 patrem,
1178 4040 1233 4094 aut

121 4126 222 4184 frater
244 4125 397 4198 fratrem,
438 4132 493 4183 aut
514 4122 692 4206 quemlibet
718 4123 778 4184 sihi
805 4120 1063 4204 propinquum,
1083 4115 1246 4200 gravibus.

121 4215 249 4266 coactns
268 4203 419 4282 iniuriis,
439 4216 493 4266 aut
514 4210 592 4268 dum
609 4215 787 4289 repugnat,
809 4204 927 4268 occidit
938 4228 946 4275 ς
970 4213 1002 4264 et
1020 4202 1082 4262 hoc
1104 4197 1232 4262 idoneis
