2632 4822
108 225 182 306 766
398 237 593 295 asserium
627 236 752 296 ancon
786 239 852 296 ns.
870 239 908 296 ιν

107 399 139 450 et
164 385 228 454 ΙΙΙ.
250 405 288 446 ea
314 399 394 468 quae
424 391 531 458 recta,
560 389 592 440 et
620 377 791 440 seeundum
812 379 914 440 Deum
937 381 1119 464 tranquilia
1138 381 1231 443 nohis

106 478 360 554 comparuerunt.
400 463 491 523 Nune
508 473 611 522 autern
631 462 732 540 Regni
744 466 848 524 nostri
858 483 940 523 anno
955 465 1025 524 Deo
1039 475 1230 546 protegente

105 552 164 617 ΙΧ.
196 549 250 610 die
271 543 489 610 Kalendarum
511 543 721 620 Martiarum,
751 545 924 605 indictione
945 545 1004 606 1V.
1026 548 1228 630 pensitantes

103 636 229 706 omnia,
264 641 295 692 et
316 638 511 688 recurrentes
538 627 726 708 antiquioris
747 627 856 686 Edisti
874 627 1041 710 Capitula,
1071 649 1138 686 una
1159 649 1228 689 cum

103 715 287 784 iudicibus,
317 722 347 770 et
367 709 498 790 reliquis
514 707 734 788 Langobardis
742 709 902 790 fidelibus
924 712 1065 786 nostris,
1089 711 1224 785 iteratis,

103 801 138 859 iu
159 809 273 868 orsorto
297 793 451 854 volumine
472 791 618 875 supplere
645 803 676 850 et
704 793 832 870 iungere
853 791 1099 875 praevidimus,
1147 813 1224 872 quae

101 881 193 943 uobis
214 875 385 940 secundum
407 875 509 933 Deum
531 885 617 933 recto
637 887 888 957 comparuerunt.
925 874 971 936 Id
990 887 1041 934 est
1059 876 1224 958 inprimis
1306 943 1307 946 Ἴ

249 993 291 1053 In
320 989 446 1074 quantis
471 987 563 1048 annis
589 983 701 1048 debeat
727 1009 793 1050 esse
813 987 952 1069 legitimo
977 1002 1078 1051 aetas.

185 1107 281 1172 xlx.
323 1106 398 1182 (Ι.)
440 1104 510 1165 Hoc
530 1102 764 1186 prospeximus,
786 1113 823 1164 ut
844 1105 929 1164 intra
945 1104 986 1166 X.
1009 1104 1222 1168 etV111.an-

105 1214 164 1256 uos
188 1213 254 1254 non
284 1189 328 1252 sit
356 1185 521 1269 legitimas
549 1185 665 1264 homo,
690 1187 731 1248 ad
755 1207 806 1248 res
827 1208 899 1248 suas
927 1187 1138 1257 alienandast
1167 1207 1222 1247 ex-

104 1286 199 1358 cepto
224 1273 251 1335 si
278 1279 370 1356 pater
398 1267 543 1330 debitum
569 1268 744 1347 dimiserit,
783 1268 900 1330 habeat
930 1277 1129 1354 potestatem
1160 1289 1222 1330 aua

104 1380 180 1422 cum
206 1356 320 1418 notitia
346 1350 509 1432 Principis
531 1361 635 1414 terrae
660 1351 770 1430 istius,
803 1361 928 1413 tantum
958 1353 999 1414 de
1026 1352 1128 1418 rebus
1157 1353 1221 1414 suis

106 1440 219 1517 dandi,
245 1445 402 1520 quantum
428 1433 573 1494 debitum
598 1434 703 1514 ipsum
728 1434 846 1511 inerit,
876 1446 914 1495 ut
940 1435 972 1497 ei
999 1433 1105 1494 maior
1132 1433 1221 1496 dam-

105 1525 211 1584 nietas
241 1528 375 1603 propter
406 1536 506 1577 onera
536 1516 714 1578 solidorum
747 1537 813 1579 nou
843 1525 1011 1582 accrescat.
1073 1517 1117 1580 Et
1154 1517 1221 1599 ipse

103 1606 267 1691 princeps,
290 1601 346 1684 qui
370 1620 431 1682 pro
451 1608 594 1682 tempore
614 1599 726 1672 luerit,
752 1608 885 1683 propter
905 1603 1011 1662 Deum
1032 1606 1066 1659 et
1095 1599 1221 1660 animae

104 1709 181 1752 suae
205 1685 411 1761 mercedem,
439 1682 557 1766 dirigat
578 1702 746 1764 personam
767 1685 874 1744 Deum
896 1682 1065 1743 timentem
1090 1684 1133 1743 de
1168 1705 1222 1743 sua

103 1770 305 1858 praesentia,
335 1787 418 1848 quae
439 1761 502 1826 hoe
524 1764 630 1848 ipsum
650 1765 813 1850 sapienter
832 1767 1025 1841 consideret,
1050 1773 1087 1827 ut
1109 1765 1152 1826 ad
1172 1765 1222 1848 ip·

105 1873 178 1916 sum
200 1850 398 1912 infantulam
422 1847 529 1929 aliqua
554 1847 730 1910 damnietas
750 1858 863 1910 contra
887 1849 1056 1925 rationem,
1084 1856 1141 1908 aut
1190 1867 1222 1908 er

106 1934 339 2020 negligentiam
360 1931 492 2001 minime
514 1928 632 1994 veniat.
673 1931 716 1992 Et
735 1932 768 1990 in
787 1952 874 1992 nono
903 1930 1029 1992 decimo
1052 1951 1140 1989 anno
1166 1869 1222 1990 io·

105 2020 188 2080 mini
211 2017 419 2099 Langobardo
445 2014 484 2073 sit
507 2012 649 2096 legitima
670 2023 779 2092 aetas,
810 2022 842 2074 et
869 2014 1100 2096 quodcumque
1131 2013 1221 2073 sece-

105 2104 161 2180 rit,
184 2104 237 2164 vel
254 2096 448 2160 iudicaverit
471 2095 626 2157 derebus
649 2096 726 2174 suis,
744 2095 850 2157 stabili
874 2095 989 2156 ordine
1015 2096 1132 2156 debeat
1150 2117 1222 2176 per·

106 2205 248 2247 manere.
289 2184 331 2243 Et
353 2182 415 2241 hoc
435 2177 602 2240 statuimus
619 2186 715 2262 atque
738 2179 932 2255 diffinimus,
962 2189 999 2238 ut
1022 2178 1048 2238 si
1072 2179 1220 2238 cuicum-

106 2291 171 2350 que
195 2276 268 2327 ante
293 2267 378 2348 ipsos
398 2263 435 2328 X.
456 2271 488 2322 et
512 2261 608 2326 Vlll.
632 2281 733 2322 annos
756 2263 901 2323 evenerit
922 2260 1103 2343 aegritudo,
1127 2271 1218 2320 etse

105 2349 225 2412 viderit
250 2348 290 2408 ad
315 2346 425 2407 mortis
447 2341 630 2427 periculum
652 2345 808 2422 tendere,
835 2341 950 2405 habeat
980 2343 1146 2404 licentiam
1180 2343 1219 2402 de

104 2433 203 2492 rebus
236 2431 301 2492 suis
326 2451 385 2513 pro
418 2427 522 2486 anima
545 2449 602 2488 sua
627 2425 662 2486 in
688 2426 805 2488 sanctis
836 2425 916 2489 locis
948 2447 1058 2487 caussa
1091 2425 1220 2506 pietatis

107 2515 161 2575 vel
186 2515 220 2573 in
243 2510 453 2573 Xenodochio
476 2509 620 2572 indicare
647 2510 734 2590 quod
761 2510 924 2588 voluerit,
953 2516 987 2570 et
1014 2509 1105 2592 quod
1131 2508 1221 2568 iudi·

107 2596 246 2672 caverit,
270 2594 382 2656 stabile
407 2591 522 2654 debeat
541 2603 740 2673 permanere.
786 2593 831 2654 11.
852 2613 901 2675 29.
929 2611 954 2657 r.

176 2716 255 2751 sonu.
291 2699 370 2750 Petro
388 2703 417 2750 te
432 2696 553 2768 appellat
568 2697 712 2760 Martinus,
734 2695 808 2768 quod
824 2705 855 2750 tu
871 2704 948 2749 tenes
966 2694 1016 2747 sihi
1032 2695 1105 2747 malo
1124 2695 1223 2748 ordine

106 2778 205 2822 terram
223 2769 252 2818 in
268 2767 318 2819 tali
338 2769 408 2818 loco.
437 2769 518 2836 ulpsa
534 2775 605 2819 terra
623 2783 684 2817 meo
701 2768 808 2838 propria
826 2777 866 2819 est
881 2783 929 2836 per
947 2777 1085 2829 cartam3u
1106 2776 1134 2816 et
1150 2780 1222 2816 ecce

108 2849 293 2908 ea1·ta,quam
321 2845 352 2887 tu
375 2835 443 2886 mihi
464 2835 570 2906 iecisti,
589 2836 700 2906 quando
719 2846 749 2890 tn
771 2854 828 2889 eras
853 2838 922 2888 inira
946 2844 1065 2886 aetatem.
1104 2833 1133 2884 Si
1157 2852 1222 2886 car-

106 2919 137 2964 ta
157 2908 312 2960 manifestat
333 2903 457 2956 debitum
479 2906 581 2974 patrio,
602 2914 630 2957 et
644 2907 750 2971 omnia,
779 2908 851 2959 sicut
869 2908 915 2959 lox
937 2906 984 2956 ista
1002 2903 1078 2968 dioit3
1102 2912 1152 2955 aut
1175 2904 1222 2954 di-

108 2989 154 3034 cat
178 2981 282 3040 salsam,
303 2985 351 3028 aut
372 2974 419 3026 det
435 2991 551 3044 poenam
571 2974 605 3028 de
629 2986 709 3028 curta
748 2977 776 3028 si
798 2986 942 3029 castanon
963 2973 1118 3026 manifestat
1138 2973 1223 3024 debi-

105 3060 184 3113 tum,
209 3051 257 3102 sed
275 3043 431 3098 manifestat
458 3045 533 3114 quod
555 3043 658 3098 habeat
679 3046 827 3110 legitimam
846 3055 972 3110 aetatem3
994 3053 1041 3096 aut
1063 3045 1223 3112 appellator

108 3117 311 3179 dicatfalsam,
345 3123 393 3166 aut
411 3113 458 3166 det
479 3132 596 3184 poenam
623 3114 657 3166 de
678 3123 759 3167 carta.
806 3116 834 3168 Si
860 3128 935 3168 carta
961 3115 1043 3166 dicit:
1067 3117 1143 3165 sicut
1166 3115 1222 3164 alia

107 3201 193 3253 carta,
213 3207 295 3259 quam
312 3185 487 3248 semihomo,
505 3184 552 3255 qui
570 3182 656 3238 habet
672 3185 820 3251 legitimam
838 3195 973 3238 aetatem:
994 3191 1021 3235 et
1034 3184 1141 3234 iudices
1158 3201 1223 3254 pos-

107 3265 162 3314 sint
184 3259 350 3330 pruevidere‚
373 3257 438 3327 quia
458 3255 529 3306 inira
549 3261 665 3306 aetatem
682 3264 749 3318 erat,
769 3258 817 3308 liat
838 3259 955 3308 talliata.
993 3253 1020 3304 Si
1044 3271 1099 3304 non
1119 3263 1223 3322 potue·

106 3333 163 3383 rint
186 3329 363 3402 praevidere,
399 3334 446 3378 aut
477 3326 629 3396 appellator
658 3325 772 3396 probet,
799 3328 874 3396 quod
893 3324 971 3378 infru
990 3331 1109 3376 aetatem
1141 3331 1220 3384 erat,

107 3411 156 3454 aut
181 3403 228 3454 det
245 3415 360 3471 poenam
378 3397 413 3448 de
438 3405 520 3448 carta.
924 3405 928 3412 ·

177 3497 255 3548 Petre
273 3499 302 3544 te
319 3492 440 3562 appellat
456 3490 599 3554 Martinus,
621 3490 696 3562 quod
713 3507 772 3561 pars
792 3489 948 3544 Monosterii
967 3489 1061 3543 Sancti
1078 3486 1223 3556 Apollina-

107 3567 152 3628 ris,
173 3566 246 3616 unde
266 3572 296 3615 tu
316 3581 343 3615 es
369 3563 529 3624 advocatus,
554 3570 632 3614 tenet
650 3562 700 3612 sihi
717 3560 789 3612 malo
809 3562 902 3614 ordine
919 3571 1017 3614 terram
1033 3561 1063 3611 in
1078 3559 1130 3609 tali
1148 3559 1222 3610 loco.

110 3639 172 3708 lpsa
196 3645 267 3687 terra
292 3633 398 3702 propria
423 3642 463 3684 est
488 3633 522 3684 de
539 3633 703 3684 Mouasterio
727 3632 820 3684 Sancti
838 3632 1016 3700 Apollenaris.
1071 3628 1147 3698 Quid
1168 3627 1223 3678 tibi

107 3703 247 3779 pertinet?
275 3703 346 3753 Ecce
365 3712 455 3764 carta,
481 3711 757 3772 qnampatertuus,
777 3701 899 3769 quierat
924 3703 994 3752 inira
1013 3707 1153 3760 aetatem,
1181 3697 1224 3748 fe-

99 3781 149 3830 'cit
168 3777 202 3827 ad
216 3773 420 3832 Monastorium,
433 3771 497 3823 dum
513 3771 582 3824 vidit
599 3789 627 3824 se
646 3771 784 3821 ambulare
803 3771 837 3821 ad
849 3773 999 3838 pericnlum
1018 3768 1118 3820 mortis.
1157 3769 1223 3818 Pro-

109 3849 158 3900 bet
176 3844 223 3916 qni
248 3844 385 3913 appellet,
413 3843 488 3912 quod
504 3850 582 3912 pater
599 3860 662 3894 suus
681 3840 828 3894 convaluit
847 3841 881 3893 de
905 3842 963 3913 ipsa
987 3837 1165 3902 infirmitate,
1194 3845 1224 3890 et

111 3919 160 3972 fiat
174 3925 249 3971 carta
266 3912 371 3967 taliata.

194 4015 270 4082 XX.
313 4013 405 4090 (ΙΙ.)
448 4013 483 4076 si
515 4013 588 4096 quis
613 4011 698 4074 liber
721 4011 817 4073 homo
842 4032 875 4071 se
905 4009 1113 4072 defendendo
1139 4010 1222 4072 lihe-

112 4125 185 4168 rum
208 4098 374 4178 horninem
391 4096 562 4174 occiderit,
578 4105 611 4156 et
633 4097 659 4156 si
679 4095 847 4175 probatum
867 4093 977 4170 fuerit,
999 4093 1087 4174 qnod
1103 4114 1138 4153 se
1162 4095 1224 4155 de·

113 4184 278 4252 iaudeudo
298 4181 439 4247 liberum
459 4179 624 4242 hominem
643 4177 813 4254 occiderit,
825 4175 870 4237 sic
887 4197 962 4237 eum
979 4185 1163 4258 componat,
1182 4176 1224 4238 si·
