2684 4868
286 274 393 332 neers
410 271 700 332 wrusornoaun
717 272 782 330 na.
801 272 865 330 vu.
883 272 955 327 ur.
974 276 1012 328 11.
1134 261 1208 336 561

89 438 170 479 meu
193 425 249 478 aut
269 415 368 478 iudex
395 415 523 476 uultum
551 413 712 478 discutere
742 411 830 476 solus
857 423 1055 497 praesumat,
1083 439 1126 482 ue
1147 421 1211 484 aii.

88 500 185 584 quod
204 500 304 582 possit
321 521 393 560 -essc
415 498 615 577 colludium,
651 505 687 557 ut
714 496 873 557 innocens
892 497 1025 561 fortasse
1046 510 1211 567 tormenta

89 584 261 647 sustineat.
301 581 395 642 Prius
415 589 520 643 tamen
539 600 663 663 poenae
680 599 745 639 nou
763 577 944 659 subiaceat,
965 603 1062 666 quam
1079 595 1135 646 aut
1149 587 1210 650 sub

88 663 276 748 praeseutia
305 663 451 725 indicum
481 661 658 728 manifestis
682 661 930 743 probationibus
956 675 1124 746 arguatur;
1154 681 1211 732 aut

87 756 181 808 certe
202 746 287 808 sicut
307 745 340 806 in
371 746 443 808 aliis
471 744 597 828 legibus
632 744 836 819 continetur,
872 765 947 805 cum
968 757 1135 812 accusator
1154 750 1209 813 iu-

86 829 224 892 scribat:
248 839 280 891 ct
301 829 347 890 sic
369 827 403 888 in
424 829 608 911 praesentia
628 825 776 892 iudicum
795 825 944 912 superius
967 830 1208 899 nominatorum

85 911 290 997 quaestionis
309 911 450 996 agitetur
473 931 620 975 examen.

317 1093 407 1164 Tru.
433 1092 483 1164 11.
534 1093 593 1166 De
617 1091 762 1164 furibus
787 1103 824 1164 et
848 1092 969 1174 furtis·

538 1253 563 1316 1.
604 1273 753 1330 asmona·

90 1369 136 1435 Ut
156 1380 297 1451 exponat
317 1367 398 1453 quid
415 1369 550 1453 quaerit,
572 1370 628 1452 qui
639 1365 802 1450 furtiuum
818 1389 885 1430 rem
898 1390 932 1430 se
947 1389 1097 1466 quaerere
1114 1371 1204 1438 dicit.

172 1453 239 1531 Qui
257 1472 326 1512 rem
341 1451 495 1513 furtivam
513 1473 547 1513 re
575 1451 671 1530 uirit,
693 1451 772 1536 quid
799 1460 935 1534 quaerat
952 1453 1053 1514 rudici
1075 1455 1203 1519 occulte

83 1535 184 1601 debet
202 1555 383 1618 exponere,
405 1544 441 1596 ut
459 1474 607 1596 osteniat
625 1556 685 1618 per
704 1533 871 1596 manifesta
891 1535 997 1616 sigua,
1020 1536 1100 1618 quid
1125 1559 1204 1620 per·

84 1621 189 1682 didit:
222 1639 264 1678 ue
287 1617 406 1684 veritas
425 1617 610 1702 ignoretur,
643 1617 672 1686 si
700 1637 767 1682 non
792 1616 960 1682 evidentia
987 1617 1079 1703 sigua
1110 1641 1201 1684 mou·

82 1700 244 1766 amaverit.

527 1817 570 1879 11.
612 1835 759 1891 arraona.

85 1933 252 2009 Siyservus
272 1944 345 1994 ante
365 1929 492 2008 datam,
515 1951 570 1992 seu
586 1944 660 2018 post
677 1929 784 1992 datam
799 1931 944 1994 libertam
947 1931 1054 2014 faciat
1066 1933 1199 2015 fartum.
1314 1943 1316 1946 ’

167 2016 201 2076 Si
219 2017 292 2098 quis
303 2016 335 2076 in
351 2017 483 2078 servitio
496 2023 690 2077 constitutus
703 2015 825 2075 furtum
844 2016 1019 2089 admiserit,
1044 2028 1077 2078 et
1088 2027 1199 2100 postea

83 2121 106 2160 a
124 2099 255 2160 domino
277 2119 334 2161 suo
358 2099 458 2159 fuerit
475 2098 706 2174 manumissus,
729 2097 786 2158 illa
807 2119 889 2181 quae
911 2108 1004 2159 antea
1028 2099 1199 2174 admiserat

83 2183 125 2243 ad
142 2183 315 2265 dampnum
342 2181 464 2244 domini
488 2201 553 2241 non
576 2180 777 2263 pertineant,
812 2180 869 2242 scd
892 2181 959 2262 ipsc
984 2180 1068 2242 sicut
1085 2204 1197 2246 servus

80 2285 220 2348 poenam
236 2275 270 2326 et
289 2265 462 2346 dampnum
484 2263 609 2346 iegibus
629 2262 783 2345 suscipiat
801 2263 1031 2339 constitutum,
1054 2264 1112 2344 qni
1128 2267 1197 2325 ini-

81 2347 146 2408 cita
166 2355 363 2430 perpetrasse
390 2347 578 2408 dinoscitur.
619 2345 716 2424 Quod
741 2344 768 2407 si
792 2355 864 2427 post
885 2346 991 2407 datam
1010 2345 1197 2410 libertatem

78 2428 144 2490 hoc
164 2428 298 2506 fecerit,
333 2428 378 2489 ita
401 2438 436 2489 ut
462 2450 573 2493 servus
595 2435 627 2488 et
646 2427 911 2510 compositionem
932 2437 964 2488 et
982 2440 1114 2491 centum
1141 2425 1196 2492 fla'ss

78 2510 165 2595 gella
188 2512 355 2573 sustineat.
409 2511 505 2590 Quod
536 2511 562 2574 si
587 2511 651 2571 talc
677 2511 799 2572 factum
822 2531 888 2572 non
917 2511 1032 2590 fuerit,
1063 2523 1196 2596 propter

77 2594 169 2677 quod
200 2592 348 2656 servituti
373 2596 534 2676 tradatur,
575 2591 610 2655 iu
635 2592 784 2657 libertate
816 2603 946 2679 accepta
977 2594 1192 2660 nihilomiuus

77 2686 275 2763 permaneat.

456 2878 460 2891 .
514 2824 573 2886 111.
613 2843 763 2901 arraona,
812 2827 820 2847 ¹

78 2939 118 3002 Si
138 2959 246 3001 servus
264 2937 310 3004 ad
326 2935 422 3002 alium
442 2927 604 3002 dominum
623 2943 778 3003 transiens
785 2945 802 3021 ,'
827 2939 1033 3027 quodcunque
1051 2948 1191 3010 commit·

521 3036 566 3086 tat
587 3024 741 3085 illicitum.

159 3104 194 3164 Si
211 3127 322 3167 servus
342 3105 382 3167 ad
399 3105 498 3168 alium
514 3106 680 3168 domiuum
693 3105 873 3178 transiens,
896 3105 1020 3188 aliquid
1039 3108 1188 3172 derebus

76 3185 194 3270 prioris
219 3187 342 3249 domini
365 3189 578 3267 involaverit,
600 3197 655 3250 aut
675 3188 861 3266 abstulerit,
882 3190 1187 3273 seuquodcunquc

76 3270 201 3352 aliquid
233 3271 422 3332 damnosum
445 3270 612 3346 intulerit,
646 3271 723 3333 dum
747 3294 807 3357 pro
837 3271 972 3334 crimine
1003 3273 1187 3353 cupiditatis

76 3354 168 3434 cupit
195 3353 319 3432 addici,
351 3354 542 3416 discutiatur
565 3376 583 3413 a
602 3353 728 3418 iudice:
756 3363 788 3416 et
811 3353 837 3415 si
857 3354 919 3415 boc
940 3351 1062 3415 crimen
1088 3355 1189 3416 admi·

75 3435 153 3498 sisse
176 3435 400 3513 convincitur,
423 3435 581 3518 posterior
593 3437 760 3515 domiuus,
783 3436 809 3497 si
824 3435 981 3514 voluerit,
1009 3459 1068 3519 pro
1092 3459 1186 3500 servo

21 3523 25 3530 ’
75 3517 250 3600 dampnum
264 3517 504 3600 compositionis
524 3518 698 3579 exsolvat..
719 3519 813 3579 Certe
832 3518 858 3578 si
877 3518 1021 3579 uoluerit
1031 3564 1042 3597 ,
1063 3540 1185 3602 servus,

75 3601 255 3663 secundum
276 3601 418 3664 criminis
440 3600 629 3688 qualitatem
649 3597 793 3661 tradatur
813 3600 853 3661 ad
873 3621 1021 3685 poenam,

506 3750 562 3814 tv.
603 3769 751 3825 surrent.

231 3865 270 3926 Si
289 3867 440 3947 ingenuus
463 3888 534 3928 cum
556 3887 645 3928 servo
667 3865 770 3928 alieno
783 3863 889 3946 saciat
900 3862 1038 3944 furnum.

157 3947 191 4010 Si
211 3949 283 4030 quis
303 3951 462 4032 ingenuus
481 3971 553 4010 cum
579 3970 673 4010 servo
698 3947 805 4009 alieno
821 3947 855 4007 in
875 3947 1010 4010 crimine
1028 3949 1182 4018 inventus

13 4063 15 4066 ·
71 4032 193 4109 fuerit,
217 4043 272 4093 aut
287 4033 411 4094 stantum
429 4033 564 4120 forsitan
584 4031 721 4109 faciant,
749 4031 800 4094 vel
816 4029 941 4112 aliquid
960 4031 1104 4114 rapiant,
1119 4047 1184 4106 ,aut

71 4114 227 4176 illicitum
260 4115 479 4197 quodeunque
513 4115 728 4184 committautt
772 4114 951 4176 secuudum
982 4117 1200 4197 superiorem-

72 4196 178 4281 legem
192 4197 397 4277 medictatem
418 4197 564 4266 eiusdem
585 4196 826 4283 composition-ia
854 4197 1041 4277 exsolvant,
1076 4200 1120 4264 ita
1147 4213 1183 4283 ut

888 4310 937 4384 36
