2648 4874
144 252 220 330 tao
328 265 443 333 mers
455 267 752 330 uasrooraonuu
769 272 838 326 trs.
858 271 909 328 111.
928 271 997 328 rrr.
1018 272 1064 326 rr.

145 412 259 476 eadem
284 428 369 494 quae
397 407 602 488 postmodnm
634 407 667 470 in
698 409 858 472 adulterio
885 412 1089 474 convincitur
1114 411 1259 496 coniuge

144 504 347 568 creatorum,
373 491 505 550 maritus
527 492 596 552 eius
619 489 801 586 portionem
829 494 982 572 obtineat,
1005 503 1041 554 ut
1061 503 1135 576 post
1161 517 1256 554 suum

144 578 268 640 obitum
293 574 415 636 eisdem
444 573 517 633 liliis
541 575 767 655 possidendam
790 575 972 658 relinquat:
1009 577 1054 636 ita
1081 585 1188 636 tamen
1220 587 1256 637 ut

142 669 313 745 postquam
334 675 417 716 uxor
433 657 579 716 adultera
605 655 638 714 in
660 666 846 738 potestatem
866 659 964 720 fuerit
984 656 1090 718 mariti
1114 660 1255 738 redacta,

144 743 237 804 nulla
263 741 304 802 sit
330 738 380 800 illi
403 738 538 800 ulterius
568 739 622 798 vel
646 740 828 802 fornicandi
851 763 925 801 cum
951 740 1018 819 illa,
1039 741 1092 802 vel
1115 741 1149 798 in
1180 763 1256 801 con-

143 826 231 909 ingio
253 823 343 886 illam
365 820 426 882 sibi
446 819 590 882 sociandi
614 821 754 902 licentia.
795 825 875 883 Nam
897 825 924 884 si
944 823 1067 900 fecerit,
1089 821 1156 906 ipse
1180 824 1254 904 qui·

144 910 219 972 dem
246 905 286 966 de
314 904 411 968 rebus
441 904 510 966 eius
541 903 588 963 nil
613 903 779 964 habiturus
799 915 862 966 est:
884 905 987 966 omnis
1008 915 1114 966 tamen
1135 907 1254 965 mulie-

143 990 187 1053 ris
212 987 370 1062 facultas,
394 995 449 1048 aut
471 985 547 1046 filiis
566 984 634 1046 eius
659 984 820 1068 legitimis,
846 997 911 1062 aut,
940 988 967 1048 si
989 988 1047 1048 filii
1070 988 1252 1066 defuerint,

142 1069 318 1136 heredibus
348 1067 492 1129 mulieris
523 1089 563 1127 ex
590 1077 658 1130 toto
686 1068 842 1152 proficiat.
890 1069 1012 1133 Similis
1040 1069 1120 1136 ratio
1153 1080 1187 1133 et
1212 1071 1253 1132 de

143 1151 301 1241 sponsatis
327 1151 431 1214 torma
460 1159 614 1212 servetur.

445 1287 533 1355 xttl..
574 1306 636 1354 res.
666 1309 731 1352 aas.
761 1310 848 1354 scos.
874 1312 943 1360 sax.

141 1397 192 1470 De
212 1404 358 1491 personis
379 1402 491 1486 quibas
514 1400 705 1465 adulterium
725 1425 873 1467 accusare
897 1407 1081 1470 conceditur
1088 1431 1102 1478 ,-
1125 1416 1156 1469 et
1178 1425 1254 1492 qua·

384 1487 460 1546 liter
479 1487 625 1568 perquiri
647 1487 695 1546 rel
716 1490 859 1548 convinci
879 1491 1011 1563 iubetur.

224 1569 259 1631 si
280 1575 498 1652 perpetratum
517 1567 623 1628 scelus
644 1569 756 1650 legalis
773 1590 909 1631 censura
925 1589 991 1632 nou
1011 1571 1169 1656 reprimit,
1186 1591 1270 1631 scca.

142 1656 317 1717 leratorum
335 1649 499 1713 temeritas
531 1649 571 1709 ab
601 1650 739 1712 adsuetis
760 1651 844 1713 vitiis
875 1673 1078 1736 nequaquam
1103 1654 1253 1736 quiescit.

142 1738 287 1816 Ideoque
309 1733 385 1817 quia
408 1732 611 1816 quorundam
634 1732 795 1794 interdum
817 1757 933 1796 uxores
960 1738 1044 1798 viros
1076 1759 1151 1797 suos
1172 1737 1252 1796 abo-

141 1818 322 1894 minantes,
345 1836 478 1896 seseque
500 1814 657 1876 adulterio
678 1816 872 1898 polluentes,
894 1818 936 1879 ita
963 1819 1149 1902 potionibus
1178 1817 1254 1899 qui-

141 1901 292 1977 busdam,
326 1900 379 1960 vel
408 1897 631 1958 maleficorum
654 1898 871 1978 factionibus,
900 1903 1079 1963 eorundem
1109 1902 1253 1964 virorum

141 1994 267 2046 mentes
288 1980 432 2042 alienant
453 1990 548 2061 atquc
570 1981 799 2063 praecipitant,
830 1992 866 2043 nt
892 2003 953 2044 nec
976 1985 1119 2066 agnitum
1141 1982 1252 2042 uxoris

142 2063 339 2129 adulterium
360 2083 509 2124 accusare
530 2062 661 2144 publice
683 2065 735 2124 vel
760 2064 934 2126 defendere
956 2068 1104 2146 valeant,
1127 2065 1253 2126 neceb

142 2149 290 2211 eiusdem
310 2147 476 2208 adulterae
506 2144 652 2226 coniugis
681 2144 843 2208 consortio
870 2148 923 2210 rel
945 2148 1121 2211 dilectione
1144 2148 1252 2209 disoe-

141 2230 246 2294 dant-:
280 2226 314 2289 id
335 2227 369 2287 in
401 2225 517 2288 caussis
546 2227 664 2287 talibus
692 2228 825 2290 omnino
847 2231 1038 2291 servandum
1066 2239 1131 2307 est,
1167 2239 1203 2289 ut
1225 2227 1251 2288 si

144 2313 289 2375 eiusdem
309 2310 492 2386 adulterae,
521 2309 574 2369 vel
602 2309 727 2393 decepti
757 2311 861 2372 mariti
890 2321 992 2374 aetate
1021 2322 1097 2375 sunt
1116 2309 1250 2394 legitimi

143 2394 215 2471 filii,
237 2392 313 2476 ipsis
335 2393 423 2452 iuxta
445 2391 534 2474 quod
561 2392 692 2453 maritus
722 2392 884 2455 adulterae
914 2395 1080 2476 requirere
1109 2402 1249 2476 poterat,

80 2499 85 2507 ·
144 2479 185 2540 sit
205 2477 291 2558 apud
313 2473 454 2534 iudicem
482 2472 624 2534 mulieris
656 2475 850 2537 adulterium
882 2479 1055 2540 accusandi
1083 2477 1135 2539 vel
1162 2499 1249 2538 com-

142 2556 301 2643 probandi
321 2555 463 2623 lieentia.
506 2555 599 2616 Certe
630 2555 656 2616 si
678 2565 734 2618 aut
761 2555 820 2619 filii
846 2559 972 2638 desunt,
995 2570 1051 2621 aut
1075 2580 1140 2620 non
1164 2559 1249 2620 eius-

144 2644 219 2703 dem
241 2639 352 2700 aetatis
379 2638 432 2699 vel
455 2639 627 2715 solertiae,
657 2639 712 2719 qui
736 2640 802 2701 hoo
829 2643 979 2723 expedire
1012 2643 1151 2725 legitime
1175 2662 1249 2723 pos-

145 2721 220 2802 sint,
243 2743 283 2782 ne
309 2723 460 2799 fortasse,
495 2721 571 2781 dum
595 2721 704 2782 dilatio
724 2720 904 2784 ulciscendi
931 2725 1080 2786 adulterii
1110 2723 1251 2787 interce-

146 2807 212 2884 dit,
245 2813 301 2864 aut
328 2802 500 2886 deceptum
530 2802 679 2863 maritum
704 2805 905 2868 fradulenter
930 2807 1073 2867 adultera
1097 2806 1251 2888 perimat,

144 2898 200 2951 aut
219 2887 354 2949 facultas
376 2886 443 2948 eius
470 2884 545 2946 filiis
568 2886 632 2946 suis
657 2888 708 2947 vel
730 2889 919 2971 propinquis
946 2911 987 2950 ex
1016 2890 1076 2950 hac
1108 2887 1251 2950 occasio-

147 2991 188 3034 ne
212 2972 380 3053 depereat,
408 2968 600 3052 propinquis
628 2969 732 3030 mariti
764 2971 926 3033 adulterae
958 2974 1017 3033 sub
1045 2971 1105 3032 hac
1134 2971 1253 3032 disere·

141 3055 234 3116 tione
264 3050 437 3112 accusandi
471 3051 650 3112 adulteram
672 3052 738 3112 'lex
767 3052 826 3114 ista
855 3054 1041 3116 constituit:
1070 3063 1108 3114 ut
1140 3054 1167 3114 si
1197 3074 1251 3112 ae·

103 3171 106 3178 »
146 3134 321 3198 cusationis
342 3132 439 3194 huius
467 3133 618 3195 fiduciam
645 3144 857 3215 assumentes,
885 3136 1080 3198 adulterium
1108 3133 1252 3196 mulieris

147 3241 261 3282 eorum
280 3214 491 3300 inquisitione
521 3237 628 3276 coram
657 3215 763 3278 iudice
786 3220 954 3280 manifeste
984 3219 1140 3301 patuerit,
1173 3227 1252 3278 tunc

146 3302 275 3364 adulter
295 3300 360 3360 sive
382 3299 477 3359 etiarn
498 3298 660 3376 adultera,
683 3299 739 3381 qui
759 3299 824 3361 hoc
845 3303 951 3362 scelus
974 3301 1112 3361 convicti
1132 3302 1254 3360 fuerint

149 3381 357 3459 commisisse,
381 3403 456 3442 cum
477 3381 627 3442 omnibus
647 3383 745 3443 rebus
766 3382 831 3444 suis
852 3383 918 3443 illis
940 3382 1168 3444 incunctanter
1187 3391 1253 3442 tra-

149 3466 248 3530 dendi
270 3472 345 3526 sunt
366 3463 520 3541 servitur,
542 3465 599 3545 qui
629 3464 714 3525 hanc
743 3465 980 3526 accusationem
1001 3465 1181 3526 secundum
1202 3463 1253 3522 in-

149 3547 348 3613 stitutionem
368 3546 448 3630 legis
469 3546 529 3607 visi
549 3546 671 3608 fuerint
691 3547 860 3608 iustissime
881 3548 1044 3630 prosequi,
1066 3547 1159 3608 salvis
1181 3557 1254 3607 tan-

149 3642 218 3695 tum
239 3630 416 3706 animabus,
438 3650 517 3710 quas
539 3629 579 3690 ad
600 3628 739 3689 lamenta
759 3629 973 3712 poenitentiae
995 3629 1121 3712 pietatis
1143 3627 1255 3690 indul-

150 3715 258 3797 gentia
277 3733 486 3789 reservamus,
509 3733 545 3771 ea
566 3712 672 3772 tamen
696 3733 778 3792 quae
801 3711 835 3772 in
858 3713 1103 3774 detruncatione
1125 3713 1177 3772 vel
1197 3709 1255 3768 fla-

151 3797 238 3875 gello
262 3795 405 3878 corporis
422 3794 461 3854 vin
484 3793 529 3854 eis
550 3793 712 3875 impertire
732 3794 905 3872 voluerint,
927 3795 1093 3874 licentiam
1112 3816 1172 3876 per
1191 3792 1255 3851 hu-

150 3875 201 3942 ius
225 3878 303 3960 legis
328 3877 525 3938 sanctionem
544 3877 762 3937 decernimus.
813 3879 1050 3956 Veruntamen,
1082 3886 1147 3938 tam
1170 3873 1256 3936 eius-

153 3962 230 4032 dem·
247 3959 410 4022 adulterae
435 3957 495 4018 filii
513 3979 554 4018 ex
575 3958 644 4040 ipso
666 3959 728 4018 iam
747 3969 908 4042 tempore,
930 3983 995 4042 quo
1018 3961 1166 4021 convicta
1182 3959 1257 4018 fue-

151 4045 194 4107 rit
214 4045 276 4104 tale
298 4042 647 4124 facinusperpetrasse,
662 4062 766 4121 quam
788 4043 883 4105 etiam
903 4043 1076 4126 propinqui
1098 4042 1167 4120 sui,
1186 4046 1258 4124 post

150 4129 223 4189 eius
242 4126 302 4188 viri
315 4125 466 4199 obitum,
502 4123 528 4184 si
542 4122 615 4182 'filii
641 4123 812 4204 defuerint,
838 4125 1003 4187 adulterae
1032 4125 1176 4188 mulieris
1199 4123 1256 4182 ob-

153 4210 279 4276 tineant
304 4207 499 4280 facultatem.
520 4281 522 4284 .
546 4204 582 4266 Si
606 4215 714 4270 autem
734 4205 794 4268 filii
816 4217 888 4291 post
911 4206 979 4270 eius
1000 4209 1124 4271 obitum
1144 4227 1257 4292 super-
