2684 4868
301 313 406 372 aao1s
414 309 718 372 summoneatur
736 317 812 371 ura:
820 315 866 373 rx.
885 312 957 399 arr.
974 319 997 374 ι.
1099 341 1109 348 Ἀ
1133 305 1207 384 697

90 465 202 518 natum
222 455 386 518 invenerit
405 465 439 519 et
454 455 625 538 irruperit,
647 455 784 540 duplum
801 456 950 520 restituat
969 456 1022 522 illi
1042 463 1097 526 cui
1117 465 1205 532 fraus

89 541 181 601 illata
203 548 270 616 est,
292 547 325 602 at
342 549 507 622 praeterea
525 538 602 607 XX.
622 540 754 624 flagella
774 539 938 625 cuempiat.

360 687 403 749 H.
446 687 486 748 St
508 686 679 772 dampnum
695 687 826 770 faciant
850 711 935 776 apes.

91 829 93 834 ·
173 801 207 864 Si
230 802 301 886 quis
320 803 440 885 apiaria
462 803 496 864 in
518 805 665 883 civitate,
688 815 741 866 aut
759 805 837 866 villa
857 807 992 869 forsitan
1016 819 1206 874 uouemer-

89 885 149 964 rit,
173 895 205 947 et
228 886 298 947 aliis
316 887 489 969 dampnum
511 888 674 966 intulerit,
697 889 802 949 statim
827 901 1015 967 moneatur,
1044 894 1206 958 ut'easrin

91 969 207 1050 abditis
224 969 305 1030 locis
322 971 495 1031 transferre
515 970 644 1048 debent,
668 993 709 1032 ne
729 973 812 1032 forte
832 972 866 1032 in
880 974 1208 1038 eodemtoeohorni.

91 1053 188 1117 nibus
209 1061 263 1112 aut
281 1052 473 1114 animalibus
489 1053 660 1137 ¹dampnum
684 1055 833 1116 inferant·
875 1057 917 1120 Et
935 1057 993 1139 qui
1006 1055 1208 1142 ‘baecpreef

92 1144 186 1220 cepta
208 1145 262 1196 aut
288 1136 491 1196 testationem
514 1138 714 1220 neglexerit,
737 1145 769 1198 et
790 1137 965 1221 dampnum
985 1139 1207 1206 miserationis

91 1220 128 1280 in
151 1218 376 1301 quadrupedes
397 1219 561 1297 intulerit,
584 1221 852 1302 quodmortuum
865 1223 979 1300 suerit,
1003 1224 1207 1306 duplumlru-

92 1303 219 1364 stitnat:
242 1301 331 1382 quod
342 1323 419 1363 vero
439 1301 656 1380 debilitatum,
678 1303 734 1363 ille
750 1304 910 1383 obtineat,
933 1313 966 1367 et
982 1305 1086 1370 similo
1100 1307 1209 1385 domi-

93 1407 137 1446 no
156 1385 283 1457 reddat;
318 1395 349 1446 et
373 1406 432 1465 pro
460 1384 576 1448 iudicis
604 1387 854 1466 contestatione,
887 1410 985 1478 quum
1009 1389 1120 1458 audire
1147 1411 1208 1488 pu·

92 1467 248 1553 glexerit,
271 1469 310 1533 V.
331 1466 453 1531 solidos
466 1477 597 1530 coactus
617 1469 770 1532 exsolvat.
839 1541 842 1549 .
1177 1464 1184 1479 ⁴

432 1619 489 1680 Ill.
532 1617 717 1700 Reseratis
738 1622 860 1708 apibus.

177 1723 214 1785 Si
235 1724 305 1807 quis
326 1723 486 1806 ingenuus
510 1723 543 1784 in
569 1724 688 1806 apiario
718 1725 795 1786 furti
817 1747 926 1788 caussa
942 1724 1043 1787 fuerit
1059 1727 1208 1808 compre·

93 1805 231 1868 bessus:
254 1808 282 1868 si
299 1807 382 1867 nihil
401 1807 519 1868 exinde
539 1808 727 1887 abstulerit,
749 1819 880 1894 propter
896 1809 959 1876 huc
979 1808 1067 1891 quod
1085 1807 1207 1869 ibidem

94 1890 348 1972 comprehensus
370 1901 436 1967 est,
463 1899 528 1950 tres
550 1891 670 1952 solidos
692 1891 812 1970 solvat,
844 1904 876 1954 et
897 1893 933 1952 L.
954 1889 1083 1973 flagella
1104 1891 1207 1952 susci·

93 1973 169 2057 piat.
214 1975 383 2034 Caeterum
404 1972 430 2032 si
453 1974 629 2052 abstulerit,
652 1976 866 2055 novecuplum
888 1983 1020 2058 cogatur
1032 1975 1206 2059 ¹epsolnepe

94 2065 128 2118 et
159 2057 358 2136 praedictum
392 2077 560 2116 nnmerum
592 2055 792 2138 flagellorum
826 2058 973 2140 excipiat.
1031 2056 1067 2116 Si
1097 2048 1207 2132 serviis

93 2159 170 2200 vero
194 2138 275 2198 nihil
298 2138 483 2222 ingrediens
505 2139 688 2216 abstulerit,
719 2149 848 2200 centum
869 2139 1208 2212 verberibus‚,addica-

94 2231 163 2282 tur:
200 2222 289 2302 quod
318 2222 345 2283 si
378 2221 564 2300 abstulerit,
602 2223 790 2304 sexcuplum
818 2221 954 2284 reddere
984 2216 1207 2304 compellatur.

90 2307 155 2366 Pro
176 2325 242 2384 quo
269 2304 296 2366 si
327 2305 476 2366 dominus
498 2305 678 2366 satisfacere
701 2306 864 2384 noluerit,
905 2327 980 2369 cum
1015 2304 1208 2371 serviturum

93 2385 162 2463 illi,
184 2387 240 2469 qui
261 2388 398 2472 dampna
417 2387 569 2473 pertulit,
590 2387 702 2449 tradat.
805 2391 809 2402 '
1144 2393 1149 2424 ³
1179 2387 1183 2398 ’

95 2569 97 2572 ·
184 2567 261 2628 Lm.
284 2568 340 2631 1x.
380 2567 674 2636 annuemus
696 2565 755 2630 ar
773 2537 1189 2646 aarno1anrrans.¹„‘

122 2714 211 2794 Tru.
236 2717 265 2788 1.
316 2719 375 2790 De
400 2717 560 2813 fugitivis
586 2730 624 2790 et
648 2718 954 2812 occultatoribus',
986 2686 1188 2817 fugqu‘lt'd

513 2819 784 2914 praebentibus.

509 2983 535 3044 Ι.
577 3002 730 3058 aurique.

188 3094 227 3155 st
246 3095 317 3178 ᾳιιίε
338 3095 489 3176 ingenuus
509 3098 564 3158 uel
588 3119 698 3158 servus
711 3094 890 3179 fugiturum
910 3097 1027 3160 celasse
1049 3107 1126 3176 rep-

572 3181 725 3265 periatur.
1065 3180 1067 3192 '
1104 3187 1106 3192 ’

176 3258 210 3318 si
237 3258 309 3342 quis
339 3259 500 3344 ingenuus
528 3261 698 3344 fugitivum
730 3261 868 3323 celatum
903 3260 1068 3339 habuerit,
1106 3258 1207 3323 allum

92 3341 178 3424 paris
193 3343 298 3408 metiti
315 3365 389 3406 cum
410 3345 524 3404 eodem
544 3365 634 3405 servo
655 3345 785 3405 domino
802 3344 876 3406 dare
898 3354 1036 3428 cogatur.
1080 3343 1114 3402 Sl
1130 3341 1208 3404 te'ro

53 3441 56 3448 '
93 3445 202 3484 seruus
224 3425 293 3486 sine
317 3426 516 3488 conscientia
537 3426 658 3488 domini
679 3428 728 3488 sui
754 3426 923 3508 fugitivum
946 3425 1115 3504 celaverit,
1146 3437 1208 3486 se‘r-

92 3505 127 3566 vi
145 3508 237 3567 ambo
257 3509 388 3589 publice
418 3519 555 3570 centena
584 3509 712 3592 flagella
733 3509 929 3593 suscipiant,
959 3505 1111 3574 dominus'
1131 3518 1207 3592 ueto

91 3587 189 3650 huius
206 3591 288 3653 servi
313 3592 397 3652 nihil
418 3592 527 3654 damni
546 3593 710 3657 sustineat.
1162 3593 1183 3605 “’
1252 3595 1255 3600 ’

132 3735 176 3799 11.
220 3737 258 3800 Si
270 3737 431 3822 flagitiores
450 3743 576 3804 uinctus
597 3761 780 3824 quocunque
803 3739 949 3818 ligamine
973 3739 1165 3802 absolvatur.

173 3845 208 3906 Si
229 3846 300 3930 quis
321 3848 465 3909 alienum
487 3870 615 3911 serrum
634 3849 669 3908 in
689 3851 764 3931 fuga
786 3849 920 3932 lapsum,
943 3849 1029 3909 ferro
1050 3847 1207 3924 vinctum,

91 3937 147 3988 aut
165 3927 198 3987 in
215 3951 412 4014 quocunque
435 3932 586 4016 ligamine
604 3932 811 3994 constitutum
828 3931 1017 3993 absolverit:
1039 3951 1097 4013 pro
1118 3935 1209 4012 pi’ae-

91 4014 271 4094 sumptione
292 4034 365 4093 sua,
388 4015 443 4097 qui
459 4015 522 4076 lroc
540 4017 672 4094 fecerit,
697 4017 752 4077 det
769 4015 899 4076 domino
920 4013 1003 4076 servi·
1021 4011 1143 4074 solidos
1165 4015 1207 4072 X.

90 4094 125 4153 Si
146 4117 222 4157 vero
245 4119 311 4158 non
333 4096 480 4160 hebuerit
500 4099 587 4160 uude
611 4107 800 4183 componat,
831 4122 849 4158 a
877 4099 984 4160 iudice
1013 4099 1050 4158 C.
1076 4094 1206 4178 flagella

91 4179 258 4262 susoipiat,
281 4191 313 4241 et
333 4203 459 4242 servum
479 4183 643 4264 requirere
667 4186 703 4242 ac
726 4183 858 4242 domino
872 4181 1040 4243 restituere
1050 4191 1123 4239 ‘non
1135 4187 1208 4238 mo·

91 4270 189 4328 retur,
234 4263 330 4344 Quod
351 4265 378 4326 si
392 4265 474 4328 'curn
496 4284 562 4325 non
584 4265 724 4349 potnerit
746 4265 911 4343 invenire,
934 4267 1065 4326 serani‘n'
1082 4269 1206 4346 temet-
