2640 4838
416 253 584 316 euterun
617 252 812 336 acratius*
1105 242 1176 314 723

65 403 125 488 qui
144 421 204 486 per
223 398 417 484 impensa),
448 396 484 459 id
496 402 556 460 cst
585 394 629 455 in.
641 402 757 456 votum*
772 396 1078 480 Regis'dtmiuitur,
1109 399 1178 486 ipsa

66 488 139 570 lege
160 484 264 561 vivat,
287 483 371 543 sicut
392 478 448 562 qui
469 478 714 539 amundfactus
736 483 845 559 esth).
887 482 1001 560 litt.
1028 505 1053 544 1.
1084 503 1093 531 ³·
1166 523 1167 531 κ

152 564 325 628 ccxxvi.
368 557 450 624 Item
481 560 537 643 qui
567 561 700 622 fulsreal
737 565 773 640 c)
804 563 938 638 fecerit,
978 573 1011 626 et
1040 575 1178 646 quatuor

66 651 134 714 vias
155 649 187 710 ei
210 645 357 725 dederit,
389 654 420 708 et
441 643 561 704 amund
582 665 602 704 a
623 665 674 721 se,
706 642 810 706 idest
831 654 1019 708 extraneum
1041 669 1107 708 non
1128 649 1179 709 fe·

66 733 170 812 ecrit,
209 731 308 792 talem
335 731 441 812 legem
467 737 621 812 patronus
653 747 726 786 eum
756 725 825 809 ipso
854 729 989 809 habeat,
1026 739 1180 812 tanquam

69 839 143 878 cnm
169 817 290 892 fratre,
319 821 373 875 ant
403 833 477 872 cum
503 809 573 870 aliis
602 809 789 892 parentibus
808 811 919 873 liberis
941 812 1178 896 Longohardis:

69 900 105 961 id
131 906 196 976 est,
226 896 253 957 si
281 895 365 974 filios
393 903 449 955 aut
475 893 577 970 filias,
606 891 664 974 qui
689 892 820 953 fulfreal
842 896 962 976 factm,
996 917 1061 956 non
1085 896 1182 957 dimi-

40 1013 43 1027 ·
70 981 165 1058 serit,
196 988 351 1064 patronus
372 976 441 1040 eius
462 975 514 1037 illi
535 975 706 1053 succedat,
727 975 812 1037 sicut
832 998 927 1060 supra
948 978 1101 1062 scriptum
1122 989 1182 1040 est

67 1065 114 1129 ll.
136 1065 155 1125 ὅ
179 1107 187 1123 .
214 1083 239 1122 r.
1118 1079 1121 1090 ⁴
1171 1087 1174 1108 ²

153 1064 345 1205 dcxxvii.
386 1142 469 1202 Item
493 1140 551 1223 qui
571 1141 695 1203 aldium
719 1149 773 1201 ant
796 1140 914 1203 aldium
936 1143 1043 1206 facere
1066 1144 1183 1207 volue-

69 1225 231 1306 rit‚'n0n
256 1223 307 1282 illi
338 1223 433 1285 debet
457 1234 595 1306 quatuor
617 1224 705 1302 vias,
741 1223 822 1286 haec
851 1236 925 1287 sunt
953 1247 1070 1310 genera
1100 1217 1183 1308 qua-

68 1321 146 1375 tuor
164 1305 479 1376 manumissionum⁸¹
503 1308 625 1368 Tamen
655 1327 785 1368 necesse
808 1317 856 1368 est
888 1329 948 1390 pro
968 1311 1070 1369 futuri
1099 1319 1184 1372 tern-
1265 1363 1267 1370 .

69 1394 157 1479 poris
184 1388 355 1464 memoria,
394 1396 432 1449 ut
461 1389 600 1470 qualiter
628 1388 766 1450 liberum
787 1399 841 1450 ant
861 1391 995 1452 liberam
1013 1392 1185 1476 thingave-

13 1515 15 1522 ι
70 1477 131 1555 rit,
161 1470 369 1534 manumissio
390 1470 425 1530 in
448 1472 556 1533 charta
586 1471 739 1534 libertatis
767 1481 1044 1536 commemoretur.
1084 1477 1127 1538 Et
1156 1476 1184 1538 si

72 1559 216 1620 chartam
246 1574 313 1615 non
343 1553 460 1617 fecerit
486 1565 595 1618 tamen
629 1555 758 1618 libertas
788 1555 840 1616 illi
870 1568 1065 1640 permaneat.
1137 1558 1185 1624 ll.

71 1643 91 1704 5
117 1689 124 1704 .
150 1661 176 1700 1.
999 1645 1001 1648 ’

93 1643 114 1720 4
142 1737 223 1775 roan.
258 1721 338 1774 Petro
365 1728 395 1774 te
425 1721 547 1792 appellat
570 1718 724 1784 Martinus,
760 1720 837 1794 quod
865 1729 898 1775 tu
915 1730 953 1776 'es
979 1738 1044 1776 suus
1074 1739 1185 1790 servus,

74 1801 104 1846 et
120 1793 192 1845 malo
212 1790 307 1844 ordine
330 1789 466 1843 subtrahis
488 1802 516 1845 te
544 1791 578 1842 de
602 1808 650 1842 sno
674 1791 793 1846 servitiu.
830 1790 912 1844 Liber
935 1811 1005 1845 sum.
1042 1792 1085 1846 Tu
1110 1795 1188 1848 dedi-

75 1863 111 1916 sti
129 1861 219 1914 mein
236 1878 348 1913 manum
366 1861 487 1924 Donati,
517 1868 545 1913 et
562 1862 685 1914 Donatus
711 1862 788 1916 dedit
812 1879 856 1914 me
873 1863 902 1914 in
921 1881 1016 1914 manus
1034 1865 1131 1929 Pauli,
1159 1876 1189 1920 et
1265 1893 1267 1901 ⁴

76 1932 177 1986 Paulus
196 1931 226 1982 in
248 1947 359 1982 manum
374 1930 513 1994 Ausetani,
543 1938 571 1982 et
591 1931 734 1983 Anselmus
751 1933 780 1985 in
803 1949 913 1984 manum
934 1932 1061 1992 Roberti,
1088 1931 1116 1988 et
1136 1937 1190 1988 Ro·

13 2041 14 2044 *
76 2002 170 2056 bertus
193 2000 296 2054 dimisit
315 2017 360 2052 rue
381 2001 498 2054 liberum
524 1999 553 2052 in
576 2001 755 2070 quadrivium.
796 2001 832 2054 Et
852 2003 953 2084 probet
974 2021 1022 2074 per
1047 2005 1188 2075 scriptum,

75 2069 558 2196 tittztttmdttttt
578 2071 880 2196 fata

75 2211 191 2286 probet3
219 2178 527 2282 alioquiniuret3’aut
547 2175 597 2261 liat
613 2195 734 2263 servus(
891 2179 899 2207 '
1052 2161 1116 2209 mn,
1159 2165 1179 2198 u
1273 2209 1276 2220 i

147 2283 225 2337 Petre
245 2290 273 2334 te
300 2280 422 2402 aqpellat
438 2281 591 2343 Martinus,
624 2279 700 2351 quod
720 2288 752 2333 tu
781 2289 859 2334 tenes
882 2283 956 2339 malo
978 2283 1073 2339 ordine
1096 2292 1196 2340 tertam

78 2351 108 2404 in
129 2349 180 2403 tali
200 2343 264 2404 loco
291 2368 306 2402 a
349 2359 454 2420 partem
480 2349 642 2414 publicam,
671 2350 747 2402 unde
771 2350 829 2420 ipse
853 2361 894 2408 est
917 2353 1082 2408 Advocatus.
1132 2357 1143 2406 l
1165 2371 1196 2407 sa

76 2431 149 2475 terra
180 2437 241 2472 mea
271 2422 379 2491 propria
407 2429 447 2474 est
477 2421 513 2472 de
542 2429 619 2490 parte
649 2419 750 2474 Donati
783 2421 837 2474 mei
867 2420 970 2476 liberti.
1018 2423 1079 2476 Non
1109 2374 1195 2498 debes

79 2509 142 2544 eum
157 2489 331 2555 succedere,
360 2493 424 2560 quia
449 2489 539 2544 fecisti
561 2508 623 2544 eum
648 2500 842 2544 extraneuma
868 2501 915 2556 te,
948 2492 1013 2560 aut‘,
1042 2495 1143 2549 dedisti
1165 2496 1196 2548 in

13 2615 15 2620 ,
76 2579 190 2616 manum
208 2560 295 2627 Regis.
330 2560 387 2614 Aua
412 2560 528 2632 probet,
555 2570 604 2614 aut
626 2569 735 2630 taceat3
770 2561 894 2632 alioquin
918 2563 997 2617 iuret.

37 2639 40 2646 ⁴
162 2655 374 2718 ccxxvllt.
417 2655 451 2716 Si
472 2656 606 2718 libertus
625 2657 740 2734 homo,
775 2656 833 2738 qui
856 2654 988 2720 fulfreal
1009 2653 1113 2720 lactus
1136 2665 1195 2738 est,

81 2739 166 2800 filios
190 2738 403 2820 dereliquerit
420 2737 601 2822 legitimos,
632 2740 696 2800 sint
714 2739 764 2799 illi
783 2739 928 2803 heredes.
970 2739 1004 2800 Si
1029 2743 1111 2801 filias
1136 2741 1197 2800 ha-

80 2822 206 2896 buerit,
227 2820 369 2882 habeant
392 2830 424 2882 et
447 2823 533 2904 ipsae
555 2822 659 2904 legem
679 2845 785 2900 suam,
816 2823 1015 2906 sicutsupra
1036 2823 1198 2886 eonstitu-

81 2915 151 2966 tnm
176 2910 233 2965 est.
274 2905 317 2964 Et
335 2904 361 2966 si
381 2905 541 2965 naturales
562 2905 699 2987 fuerint,
728 2905 869 2966 habeant
886 2917 918 2968 et
936 2905 997 2988 ipsi
1016 2908 1121 2991 legem
1140 2929 1196 2966 su-

82 3008 142 3048 um.
184 2985 266 3046 Etsi
283 3007 359 3047 casu
373 2987 513 3055 faciente
531 2984 600 3046 sine
611 2984 784 3050 heredibus
798 2997 942 3049 mortuus
960 2991 1067 3067 fuerit,
1090 2999 1195 3054 etan-
1231 3029 1234 3038 ι

81 3075 142 3132 tea*
163 3067 350 3130 indicaverit
374 3089 425 3130 res
447 3089 519 3130 suas
547 3067 688 3151 proprias
712 3091 744 3132 se
771 3072 921 3147 vivente,
955 3072 990 3132 id
1017 3083 1066 3133 est
1092 3071 1195 3132 ande-

84 3149 222 3235 gaverit,
259 3158 290 3210 et
317 3150 483 3234 irrigaverit
508 3149 542 3227 d)
570 3152 748 3212 secundum
773 3153 877 3234 legem
901 3153 1194 3236 Langobardorum,

82 3233 199 3296 habeat
222 3232 275 3292 cni
298 3233 472 3294 donaverit.
512 3233 592 3302 Nam
612 3243 767 3315 quantum
788 3236 826 3296 de
853 3236 949 3296 rebus
975 3235 1194 3298 benefactoris

85 3315 134 3378 sui
156 3335 215 3396 per
236 3314 355 3376 donum
375 3313 541 3390 habuerit,
573 3315 681 3376 sicas
702 3337 767 3377 non
790 3317 993 3400 obligaverit,
1026 3319 1194 3400 adipsum

84 3407 256 3482 patronum
277 3406 333 3458 aut
351 3397 489 3458 heredes
510 3406 718 3458 revertantur.
770 3399 813 3459 Et
835 3399 861 3459 si
883 3399 1008 3482 aliquid
1029 3401 1062 3460 in
1086 3401 1196 3483 gasin-

86 3481 140 3543 dio
162 3480 281 3557 Ducis,
314 3491 369 3542 aut
395 3480 592 3563 privaturum
619 3480 786 3541 hominum
814 3482 966 3563 obsequio
990 3485 1123 3545 donum
1142 3483 1195 3546 vel

13 3582 17 3589 “
87 3583 205 3623 munus
227 3561 456 3644 conquisierit,
476 3583 527 3623 res
544 3563 586 3625 ad
604 3563 788 3624 donatorem
807 3573 1015 3626 revertantur.
1056 3565 1097 3628 In
1117 3565 1197 3628 alias

87 3714 514 3734 m

157 3799 189 3870 a)
205 3801 316 3854 Herold.
335 3802 385 3872 qui
403 3802 434 3853 in
449 3817 531 3872 pant.
593 3799 621 3872 b)
638 3801 689 3854 Un.
708 3800 775 3854 Cod.
795 3802 889 3856 addit:
915 3803 1019 3856 Postea
1037 3801 1136 3856 munds·
1153 3821 1199 3858 eo·

86 3887 148 3924 rum
167 3889 218 3922 nee
236 3869 277 3922 aut
292 3873 354 3942 ipso
374 3889 461 3932 necta
470 3871 550 3944 filiis
568 3873 627 3924 eius
645 3871 806 3927 nullatenus
825 3876 1009 3942 requiratur,
1038 3887 1065 3926 et
1090 3875 1199 3949 sifilr'a

87 3943 148 3994 eius
166 3953 217 3991 aut
235 3943 312 4010 ipsa,
341 3959 413 4011 quae
422 3935 646 4014 fulsreursacta
665 3954 721 4003 est,
750 3941 789 3994 nd
804 3947 932 3996 maritum
950 3945 1092 3996 ambulare
1111 3947 1201 3998 conti-

86 4011 178 4078 gerit,
206 4008 290 4062 detur
305 4029 356 4081 pro
375 4030 409 4062 ea
427 4009 556 4062 mundius
580 4013 653 4062 sicut
676 4029 728 4082 pro
757 4014 854 4064 libera.
917 4013 943 4082 e)
968 4014 1012 4068 Al.
1032 4014 1117 4066 Codd.
1136 4015 1202 4088 sul-

77 4079 166 4150 frear
175 4097 185 4144 ,¹
202 4081 339 4153 fulsrea,·
353 4079 513 4151 sulfreald3
531 4081 665 4150 fulfreal.
745 4080 776 4151 d)
794 4083 839 4135 Sic
857 4081 1003 4135 Lindenbu
1030 4085 1130 4137 Mur-at.
1150 4103 1202 4136 au-

87 4145 268 4219 dingauerit,
289 4163 317 4202 et
334 4152 496 4219 irrigaverit.
515 4150 625 4206 llerold,
644 4147 861 4218 uvadegauuero,
884 4166 912 4206 et
929 4148 1140 4223 aridegoeuttera't.
1158 4154 1200 4208 Al.

88 4217 175 4272 Codd.
195 4217 343 4291 indignus,
363 4233 390 4274 et
408 4221 548 4292 erigam,-
576 4219 776 4298 auditorvere,
806 4223 1060 4297 etaura'gavvereb.
1088 4228 1091 4238 '
1119 4275 1120 4279 ,
