2684 4868
135 263 211 342 tto
329 279 435 344 mors
454 279 746 344 wrsreoruouuu
763 282 832 344 tu.
851 283 915 340 ur.
934 284 1006 342 rrr.
1025 287 1048 340 r.

134 422 329 510 positionem
349 442 410 509 pro
431 437 465 483 se
486 419 655 483 exsolvere
676 441 742 481 non
762 422 921 503 potuerit,
965 434 1022 488 aut
1048 426 1075 488 si
1107 429 1252 500 noluerit

135 528 196 591 pro
217 528 258 569 eo
279 504 462 568 satisfacere
483 502 650 584 dominus,
683 523 814 570 serrum
831 526 891 591 pro
912 516 1005 570 reatu
1032 510 1158 576 tradere
1182 537 1250 580 non

135 600 290 654 moretur.

547 687 550 692 ⁵
589 703 633 767 II.
674 723 829 782 urricus,

161 819 213 885 De
233 841 299 892 nou¹
321 817 483 886 eredendo
503 818 660 884 indicanti
680 842 773 919 sepvo
784 867 794 903 ,
816 822 880 884 nist
899 841 969 888 cum
989 822 1110 887 danunt
1128 831 1217 893 reses.

639 925 759 966 monto.

217 987 254 1050 si
276 1007 389 1051 servus
409 987 480 1050 sine
502 984 700 1049 conscientie
721 986 842 1048 domini
864 986 914 1048 sui
936 987 1063 1074 aliquid
1083 989 1249 1055 indicare·

31 1105 32 1108 ¹
135 1070 199 1149 rit,
221 1063 316 1133 aliter
336 1070 367 1131 ei
390 1091 456 1131 non
478 1070 650 1149 credatur,
673 1069 734 1131 uisi
755 1068 905 1132 domiuus
924 1092 985 1154 pro
1005 1094 1143 1156 persons
1162 1075 1250 1139 servi

128 1151 318 1216 testimonio
336 1174 395 1214 suo
412 1153 532 1214 dixerit
553 1173 620 1214 esse
639 1153 856 1234 credendum,
892 1152 1113 1220 dehonestate
1132 1158 1250 1223 mentis

132 1236 206 1300 eius
224 1235 394 1320 profereus
414 1235 636 1299 testimonium
654 1255 778 1302 verum.

573 1374 634 1442 Ill.
676 1395 826 1453 urricus.

449 1491 488 1552 Si
507 1491 608 1554 index
621 1487 710 1572 furti
730 1493 772 1553 sit
793 1493 946 1559 conscius.

134 1585 136 1593 '
216 1574 252 1637 Si
281 1573 382 1636 index
405 1574 484 1636 furti
512 1573 661 1636 conscius
688 1574 928 1658 comprobatur,
958 1574 1084 1638 nullam
1109 1597 1249 1660 poenam

40 1686 43 1691 ·
132 1657 298 1736 incurret,
319 1657 376 1720 sed
399 1658 572 1740 dampnum
589 1658 798 1720 absolutionis
818 1659 951 1722 eradat:
971 1659 1154 1721 mercedem
1168 1682 1248 1725 vero

129 1763 190 1826 pro
210 1741 333 1803 indicio
351 1745 418 1802 non
434 1740 598 1823 requiret,
621 1741 673 1802 cui
693 1741 839 1804 sufficere
853 1739 967 1819 debet,
989 1751 1025 1803 ut
1040 1763 1174 1805 securus
1190 1743 1248 1803 ab·

130 1825 249 1889 scedst.
303 1823 372 1902 Qui
395 1823 421 1885 si
443 1823 577 1884 forsitan
600 1844 670 1884 rem
697 1844 780 1906 quae
803 1823 917 1884 furtim
941 1824 1046 1886 oblatu
1071 1834 1137 1903 est,
1172 1846 1248 1887 cum

130 1906 211 1969 furti
237 1906 246 1966 i
271 1906 337 1968 sius
358 1915 506 1980 consorte
527 1905 689 1985 diviserit,
720 1927 802 1990 quae
825 1906 860 1966 in
879 1907 1248 1994 portionemsuscepit,

131 1998 165 2052 et
184 1929 271 2075 apud
291 2011 325 2052 se
345 1988 501 2069 retinuit,
522 1987 637 2074 simpla
655 1983 782 2051 tuntum
801 1989 958 2054 restituat.

570 2129 629 2193 IV.
669 2149 817 2205 surmus.
863 2196 867 2206 „

508 2245 558 2305 Dc
579 2243 723 2306 mercede
745 2242 871 2308 indicis.
914 2241 916 2245 ’

215 2326 250 2390 Si
272 2327 345 2411 quis
364 2329 470 2391 furem
490 2328 688 2410 prodiderit,
709 2327 735 2390 si
756 2335 862 2388 tamen
885 2325 965 2388 furti
980 2325 1081 2410 ipsius
1096 2327 1245 2393 conscius

131 2431 198 2471 non
222 2415 287 2490 e'st,
316 2433 382 2472 non
411 2413 485 2495 plus
509 2432 569 2492 pro
592 2409 714 2472 indicio
739 2410 890 2494 accipiat,
926 2409 990 2471 nisi
1015 2419 1171 2493 quantum
1189 2433 1242 2474 res

129 2493 289 2570 valuerit,
311 2515 393 2575 quae
410 2492 523 2555 furtim
543 2492 647 2553 abluta
668 2501 731 2554 est:
760 2493 788 2554 si
809 2504 915 2555 tomen
935 2492 1067 2554 domino
1085 2493 1134 2555 rei
1152 2513 1242 2554 com-

127 2575 248 2658 positio
264 2577 366 2638 fuerit
380 2576 535 2638 exsoluta.
577 2574 635 2638 Sin
657 2585 762 2638 autem
782 2576 855 2638 talis
872 2577 914 2638 sit
932 2576 1064 2638 fortusse
1085 2575 1243 2656 conditio,

129 2667 167 2719 ut
195 2680 326 2722 necesse
358 2658 399 2720 sit
426 2657 519 2718 illum
547 2657 605 2739 qui
631 2659 685 2719 fur
707 2658 861 2740 probatur
889 2657 1012 2736 occidi,
1041 2666 1073 2720 et
1094 2657 1175 2720 nihil
1200 2660 1242 2722 de

130 2741 200 2802 eius
222 2741 429 2803 facultatibus
450 2740 656 2803 inveniatur:
688 2751 743 2801 aut
763 2742 790 2803 si
811 2763 923 2805 servus
944 2739 1062 2819 fuerit,
1084 2751 1117 2804 et
1136 2741 1243 2802 domi-

128 2845 190 2886 nus
212 2824 297 2888 servi
320 2823 529 2887 substantiam
559 2825 629 2886 eius
658 2845 734 2887 suec
769 2824 915 2888 vindicet
941 2824 1110 2906 potestati,
1143 2835 1175 2885 et
1205 2825 1241 2884 in

131 2902 397 2989 compositionem
417 2907 475 2988 qui
495 2906 675 2991 perdiderit
695 2929 746 2969 res
766 2929 858 2986 suas,
888 2906 972 2967 nihil
1002 2906 1101 2968 fuerit
1122 2926 1242 2967 conse-

128 2999 241 3052 cutus=
263 3000 342 3052 tunc
357 2991 484 3053 tertiam
498 2999 622 3074 partem
635 2990 674 3051 de
689 2998 838 3074 repperta
851 3011 899 3067 re,
920 3011 979 3072 pro
991 2988 1138 3052 mercede
1152 2986 1240 3050 indi-

128 3072 172 3135 cii
195 3083 429 3157 consequetur,
451 3082 484 3136 et
504 3071 628 3136 delator
646 3073 694 3134 nil
716 3073 852 3160 amplius
873 3072 936 3133 iam
956 3069 1108 3156 requirat.

567 3187 610 3253 V.
651 3210 802 3268 curioni.

184 3303 222 3366 Si
242 3305 391 3368 innocens
411 3306 445 3368 in
466 3325 647 3391 quocunque
668 3306 800 3367 erimine
821 3317 983 3366 accusetur
1003 3305 1041 3366 ab
1063 3302 1179 3366 indice.

210 3387 408 3472 Quicunque
424 3398 593 3452 accusatur
608 3389 641 3448 in
658 3388 812 3466 crimine,
834 3389 947 3466 idest,
970 3387 1149 3464 veneficio,
1171 3406 1241 3446 ma·

128 3467 252 3551 leficio,
283 3472 390 3550 furto,
421 3482 477 3533 aut
502 3471 750 3554 quibuscunque
776 3471 868 3532 factis
891 3469 1037 3542 illicitis,
1075 3479 1259 3532 accusator·

127 3553 198 3615 eius
220 3564 393 3616 concurrat
412 3556 453 3617 ed
474 3555 634 3618 Comitem
656 3555 812 3632 civitatis,
834 3553 888 3616 rel
909 3553 1069 3632 iudicem,
1091 3553 1126 3613 in
1146 3552 1240 3613 cuius

126 3634 292 3697 territorio
308 3646 355 3699 est
370 3638 581 3704 constitutus:
615 3648 653 3700 ut
676 3637 738 3721 ipsi
763 3637 941 3699 secundum
966 3637 1071 3719 legem
1097 3655 1241 3696 caussam

128 3718 316 3780 discutiunt:
339 3728 371 3782 et
391 3743 465 3784 cum
481 3720 695 3805 cognoverint
715 3721 835 3782 crimen
854 3720 1042 3796 admissum,
1063 3739 1157 3780 reum
1174 3718 1240 3777 Co-

126 3822 194 3862 mes
211 3810 243 3862 et
258 3802 359 3865 iudex
374 3803 661 3889 comprehendent.
701 3805 744 3865 Et
760 3803 787 3864 si
806 3802 953 3885 copitalia
974 3822 1040 3862 non
1061 3799 1239 3876 admiserit,

124 3892 204 3944 tunc
225 3883 256 3944 ei
282 3885 336 3947 cui
366 3907 441 3950 reus
463 3896 530 3964 est,
570 3896 625 3949 aut
649 3907 842 3969 componere
870 3885 1101 3968 compellatur,
1134 3889 1190 3942 aut
1212 3881 1240 3942 si

127 3987 192 4027 non
222 3967 374 4030 habuerit
400 3970 488 4032 unde
508 3979 695 4053 componat,
727 3969 904 4030 serviturus
926 3968 1085 4030 tradatur:
1108 3967 1135 4027 si
1158 3984 1239 4026 vero

126 4049 285 4113 innocens
302 4053 514 4135 approbatur,
537 4053 576 4114 de
596 4053 719 4114 iudicio
734 4072 866 4113 securus
881 4050 1036 4112 abscedat.
1078 4048 1142 4110 llle
1160 4067 1238 4108 vero

126 4134 184 4218 qui
205 4135 387 4215 accusavit,
410 4144 442 4198 et
461 4157 599 4220 poenam
617 4145 651 4196 et
672 4135 809 4216 dampna
828 4134 997 4232 suscipiat,
1020 4153 1103 4216 quse
1126 4128 1240 4192 debuit

125 4217 192 4301 pati
212 4227 400 4300 accusatus,
433 4218 462 4281 si
482 4218 522 4282 de
544 4217 679 4282 crimine
698 4218 812 4281 fuisset
832 4226 1011 4284 convietus.
1052 4217 1168 4278 Comes
1188 4221 1236 4274 tu·
