2632 4822
68 257 146 338 808
371 277 587 335 aturrusunr
613 281 737 338 trouu
780 279 843 336 ur.
865 278 947 337 vu*

68 413 291 498 terseniente,
331 425 368 481 nt
395 417 608 482 homicidium
636 419 676 482 de
708 423 896 505 parentibus
925 439 1050 482 eornm
1079 442 1190 506 perse-

69 504 156 582 niat,
188 501 277 564 undo
300 500 452 564 duritiam
472 502 559 564 inter
581 524 617 566 se
643 512 789 566 teneant:
821 507 849 568 si
876 507 956 567 dare
982 513 1046 565 aut
1080 505 1190 569 tollere
1256 566 1257 575 ,

69 577 254 663 noluerint,
287 594 458 668 componat
475 605 564 668 pars,
603 607 687 668 quae
708 588 909 671 neglexerit,
932 585 1026 648 sient
1051 587 1141 650 inter
1160 610 1189 652 se

67 677 220 734 statutum
247 665 420 729 habuerint
443 677 476 729 et
499 667 566 730 sint
585 667 731 731 absoluti.
771 669 858 749 Quia
883 689 956 730 non
977 677 1034 732 cst
1060 669 1188 750 bonnm,

69 762 107 815 nt
133 749 179 811 ibi
206 747 365 834 quispiam
398 749 515 812 debeat
547 750 623 812 dare
662 751 761 812 liliam
791 773 899 830 snam,
932 761 994 812 snt
1027 773 1187 832 sororem,

67 833 122 980 ¹pel
144 841 310 978 parelsptem
335 850 442 912 mam,
470 832 527 894 ubi
547 853 623 896 vera
645 830 814 898 inimicitia
833 833 1015 898 homicidii
1036 855 1108 897 esse
1125 857 1188 919 pro-
1251 836 1255 847 ⁴

92 923 171 978 atur.
250 960 258 977 .
283 935 308 977 ι.
337 921 383 976 it.
1111 951 1115 956 ·

135 1015 218 1050 rosus.
255 997 332 1049 Pctse
355 1005 384 1049 ta
418 998 539 1068 appellat
555 997 709 1061 Martinus,
740 998 815 1070 qnod
841 997 900 1070 ipse
928 998 1081 1068 sponsavit
1099 1000 1186 1053 Atdau

67 1077 145 1122 tuam
167 1069 251 1120 liliam
271 1067 409 1138 puellam,
438 1078 466 1121 et
487 1068 586 1122 dedisti
611 1087 670 1123 eam
698 1068 777 1122 alteri
794 1069 830 1123 ad
853 1069 1020 1136 coniugium
1041 1079 1111 1124 ante
1127 1072 1186 1123 duos

67 1155 160 1190 annos.
195 1139 255 1191 Non
278 1138 410 1207 sponsasti
427 1156 515 1190 meam
533 1138 625 1190 filiam.
661 1139 740 1194 Tune
756 1139 824 1204 ille,
846 1139 894 1210 qui
914 1141 1067 1211 appellat,
1087 1141 1186 1212 probet.

68 1209 96 1262 Si
120 1207 238 1270 dixerit,
271 1205 404 1276 sponsasti
422 1217 453 1260 tu
483 1225 570 1262 meam
600 1207 700 1272 fluam,
737 1209 863 1262 sednon
889 1219 948 1264 erat
976 1211 1098 1280 puella3
1126 1219 1187 1264 tune

66 1279 131 1340 ille,
159 1279 206 1360 qui
225 1278 368 1348 appellat,
391 1277 507 1346 probet,
542 1277 617 1348 quod
642 1286 699 1330 erat
716 1279 827 1348 puella,
860 1287 889 1332 et
911 1279 1022 1342 sinon
1049 1280 1185 1354 potuerit,

65 1348 138 1400 iuret
157 1364 239 1418 apse,
267 1346 314 1417 qui
336 1348 491 1416 appellatus
517 1355 571 1410 est,
598 1347 664 1420 quia
686 1365 741 1400 non
759 1357 816 1402 erat
832 1349 935 1419 puella.
1244 1359 1246 1369 '¹

136 1417 233 1479 Petra,
254 1425 283 1469 te
308 1419 430 1486 appellnt
448 1418 597 1481 Martinus,
621 1418 695 1487 quod
710 1427 741 1470 tu
757 1417 870 1489 rapuisti
884 1418 987 1470 Aldam
1010 1435 1093 1472 snam
1112 1437 1188 1490 spou-

67 1503 133 1540 sam.
177 1487 250 1540 Aldu
276 1503 337 1540 eum
357 1489 462 1538 Donato
480 1496 531 1540 tuo
556 1495 648 1540 tutore
672 1490 700 1543 P.
724 1497 754 1540 te
771 1489 891 1559 appellat
909 1489 966 1550 Μ.,
988 1490 1073 1558 qnod
1096 1499 1130 1543 tu
1149 1500 1186 1542 te-

66 1573 115 1610 nes
134 1555 184 1608 sibi
201 1558 275 1609 malo
298 1556 393 1609 ordine
416 1567 513 1611 terrant
538 1557 566 1610 in
589 1557 638 1608 tali
666 1559 737 1610 loeo.
772 1559 835 1612 Mea
872 1557 962 1626 ropria
988 1567 1035 1610 cst
1059 1578 1112 1629 per
1130 1577 1187 1615 sue·

66 1625 216 1682 cessionem
237 1626 288 1680 mei
306 1626 400 1695 patris.
450 1627 515 1682 Non
537 1625 620 1678 debes
651 1635 682 1680 tu
708 1627 733 1680 ei
758 1645 840 1682 aucae
861 1645 922 1691 ere,
951 1627 1025 1696 quia
1056 1639 1089 1682 tu
1117 1629 1186 1682 fuisti

65 1706 192 1821 spiorpsatta
208 1697 245 1749 ad
263 1696 428 1819 (lltlaninpum
447 1695 706 1820 etArltventehepatre
723 1706 777 1821 ιιιιιιι
789 1699 1019 1822 εἱιιοιιοίιιιιιαιε
1039 1697 1187 1754 ambulasti

67 1783 83 1818 a
142 1784 262 1820 emma
298 1783 431 1820 marsum.
499 1786 516 1819 u
552 1783 602 1838 pro
659 1784 731 1830 ,au
779 1784 843 1821 acea

410 1863 457 1922 De
483 1861 562 1944 frea
584 1863 665 1924 male
690 1875 835 1924 tractata.

152 1941 249 2010 CXX.
291 1939 454 2029 (valt.)
495 1945 649 2006 Continet
668 1956 773 2006 antem
800 1941 945 2007 anterius
968 1943 1131 2008 Edictum
1148 1941 1186 2006 de

67 2029 137 2088 frea
166 2048 240 2102 suu,
269 2028 326 2109 qni
346 2049 417 2089 eam
446 2025 751 2106 male-tractaverit,
783 2028 907 2088 amittat
934 2027 1115 2088 mundium
1139 2028 1186 2107 ip-
1251 2076 1252 2079 ,

68 2110 152 2178 sius;
179 2110 310 2172 sednon
325 2110 426 2188 dicit,
446 2107 550 2192 qualis
570 2109 611 2171 sit
635 2110 702 2192 ipsa
725 2110 806 2171 mala
825 2109 983 2172 tractatio.
1040 2109 1184 2174 Proinde

69 2200 207 2254 statuere
237 2192 474 2276 praevidimus,
495 2192 599 2273 qualis
613 2192 656 2253 sit
684 2190 751 2275 ipsa
773 2194 855 2254 mala
872 2191 1036 2258 tractatio.
1102 2192 1184 2252 Mala

68 2274 213 2335 tractatio
230 2285 288 2352 est,
305 2274 332 2338 si
348 2297 417 2336 eam
429 2275 512 2334 fame
533 2284 588 2336 aut
599 2273 652 2336 siti
666 2274 841 2353 necaverit,
858 2285 912 2335 aut
932 2274 1184 2350 vestimentum,

69 2365 126 2416 aut
144 2356 410 2436 calceamentum,
432 2357 611 2420 secundum
631 2356 817 2439 qualitatem
833 2353 989 2443 personae
1009 2355 1066 2419 rel
1083 2377 1185 2440 peen-

71 2437 161 2514 niae,
196 2439 324 2501 mulieri
351 2461 416 2500 non
453 2440 596 2514 dederit;
622 2448 677 2500 ant
706 2439 732 2504 sl
761 2459 871 2513 serto,
907 2438 960 2502 nel
984 2439 1116 2500 aldioni
1138 2438 1184 2499 al·

69 2518 170 2580 terius
189 2542 259 2582 esan
287 2543 422 2584 uxorem
450 2521 527 2584 dare
554 2520 796 2605 praesumserit,
826 2530 880 2582 aut
913 2521 1059 2606 turpiter
1086 2521 1184 2581 batti-

70 2601 156 2661 derit
177 2621 266 2674 eam;
290 2615 426 2687 excepto
440 2603 467 2666 si
488 2604 594 2666 inians
613 2604 734 2682 fuerit,
765 2625 825 2687 pro
845 2604 980 2665 honesta
1006 2602 1183 2684 disciplina

70 2682 287 2760 ostendenda,
310 2695 364 2746 aut
380 2697 512 2768 propter
529 2686 698 2747 muliebria
716 2707 824 2768 opera,
840 2695 896 2748 ant
914 2685 1035 2746 vitium
1060 2686 1182 2745 malum

69 2763 325 2844 emendandum,
352 2768 436 2829 sicut
457 2767 497 2828 de
521 2769 648 2852 propria
672 2768 737 2829 filia
761 2789 835 2839 sna;
864 2777 896 2829 et
918 2766 944 2828 si
973 2789 1046 2828 eam
1071 2767 1113 2828 ad
1135 2767 1182 2826 in·

70 2845 242 2907 decibilem
269 2869 398 2928 operam
424 2858 564 2910 coactam
591 2849 782 2930 minaverit,
808 2860 864 2912 ant
884 2849 911 2911 si
931 2869 1005 2910 eum
1027 2869 1065 2910 ea
1084 2850 1180 2910 adul-

70 2937 190 2989 teratus
215 2929 325 2997 fuerit.
367 2930 482 2990 Omnia
503 2930 600 3012 baec,
624 2933 681 3014 qui
703 2935 807 2995 locere
822 2931 1072 3016 praesumserit,
1094 2932 1180 2991 male

70 3019 232 3074 tractatam
264 3033 333 3074 esse
359 3013 570 3080 decernimus.
610 3015 652 3078 Et
684 3013 1011 3098 insupernddimus,
1054 3021 1090 3074 ut
1117 3033 1178 3073 uec

69 3094 110 3156 ad
137 3093 276 3154 liberum
299 3093 462 3156 bominem
481 3117 550 3156 eam
568 3095 608 3156 ud
636 3096 785 3158 maritum
813 3097 888 3158 dare
909 3105 1096 3180 praesumat
1113 3097 1178 3156 abs·

69 3197 135 3258 qne
158 3175 227 3239 eius
259 3178 443 3248 voluntate;
472 3179 550 3259 quia
574 3180 665 3260 peius
689 3188 821 3242 tractata
854 3200 922 3240 esse
953 3200 1019 3238 non
1050 3189 1178 3261 potest,

70 3280 167 3340 qnam
198 3259 225 3320 si
251 3259 345 3321 illum
371 3259 476 3321 virum
502 3261 612 3339 tollat,
651 3283 748 3343 quem
775 3265 840 3344 ipsa
867 3281 932 3321 uon
968 3252 1055 3327 vult.
1101 3261 1179 3322 ldeo

70 3342 255 3420 statuimus,
284 3351 320 3404 ut
347 3352 480 3426 propter
502 3343 609 3426 plagas
632 3356 686 3406 aut
706 3345 814 3406 feritas
837 3343 864 3404 si
894 3341 1029 3420 feeerit,
1057 3343 1110 3404 vel
1140 3342 1181 3404 de

68 3424 247 3499 adulterio,
282 3435 451 3508 componat
471 3426 576 3488 eidem
600 3426 758 3505 feminae,
791 3425 875 3488 sicut
893 3423 1049 3486 Edictum
1079 3425 1181 3488 conti·

69 3515 142 3583 net,
169 3514 200 3566 et
226 3509 395 3568 mundium
413 3508 482 3568 eius
513 3508 641 3574 amittat
683 3513 728 3572 11.
749 3531 799 3570 ιι.
820 3511 851 3587 d.

136 3605 215 3640 rous.
252 3593 331 3643 Putre
349 3599 378 3643 te
401 3593 521 3660 appellat
544 3592 660 3644 Martius
683 3609 745 3644 cum
767 3593 875 3644 Donato
892 3609 943 3644 suo
957 3589 1080 3653 Tutore,
1106 3590 1182 3660 quod

66 3659 126 3727 ipsa
144 3667 202 3712 erat
223 3667 273 3712 tua
295 3661 487 3726 Mundualda,
514 3669 542 3716 et
565 3660 670 3714 necasti
691 3679 749 3714 eam
770 3679 818 3732 per
841 3662 957 3725 samem,
989 3671 1039 3715 aut
1062 3663 1184 3732 turpiter

67 3727 267 3798 baptisti,'vel
285 3730 400 3802 plagosti
422 3747 490 3789 eam.
525 3731 682 3788 Secundum
702 3732 832 3803 quosdam
859 3731 912 3786 boe
935 3731 969 3784 sit
987 3749 1012 3784 a.

151 3797 270 3863 cxxl.
313 3801 495 3878 (LXVlIl.)
536 3801 570 3862 si
599 3801 671 3882 quis
697 3823 714 3862 a
739 3801 850 3863 modot
872 3802 1024 3863 inventus
1052 3801 1183 3878 fuerit,

71 3902 146 3944 cnm
172 3902 272 3946 uxore
295 3885 400 3944 aliena
419 3883 557 3967 turpiter
578 3885 777 3962 conversari,
809 3883 843 3942 id
864 3893 910 3944 est
929 3883 956 3946 si
977 3906 1114 3944 manum
1146 3884 1182 3944 in

68 3965 195 4041 sinum,
230 3975 284 4027 aut
312 3966 352 4025 ad
380 3977 492 4050 peetus
515 3964 584 4027 eius
610 3965 746 4044 miserit,
778 3965 829 4028 sel
853 3966 893 4026 ad
926 3965 1027 4026 alium
1049 3967 1186 4043 losum,

69 4048 157 4106 unde
184 4054 278 4132 tur'pe
308 4068 375 4108 esse
396 4056 520 4132 potest,
542 4070 616 4110 oum
642 4071 801 4110 consensu
820 4046 918 4129 ipsius
944 4049 1118 4127 mulieris,
1152 4059 1187 4110 et

68 4129 238 4209 probatum
265 4130 382 4208 fuerit,
415 4140 602 4213 componat,
639 4131 696 4212 qui
724 4131 787 4194 boo
812 4131 933 4192 malum
961 4134 1185 4218 perpetravit,

67 4210 229 4292 widrigild
259 4232 353 4274 sunm
385 4214 426 4276 ad
452 4213 601 4277 maritum
633 4213 734 4298 ipsius
770 4213 925 4282 mulieris.
1000 4215 1039 4280 Sl
1072 4226 1186 4281 autem
