2632 4822
365 305 582 361 murratum
602 305 726 361 LEGUM
761 307 825 361 aaa.
843 305 893 359 ur.
1110 281 1187 360 779<

72 449 146 504 nem
180 443 449 522 manifestaverit,
499 453 532 506 et
560 445 792 528 composuerit,
833 443 949 508 babeat
984 436 1049 506 sibi
1081 446 1183 531 ipsunt

73 527 355 606 compositionem,
384 528 436 587 cni
463 529 688 608 composuerit.
732 525 757 590 Ι.
780 527 829 590 25.
851 527 901 592 51.

120 627 218 676 uranu.
255 611 333 662 Petre
349 619 379 661 te
398 611 520 679 appellat
538 611 682 674 Martinus,
702 611 778 681 qaod
796 607 828 661 tu
848 609 991 680 appellasti
1011 629 1091 676 cunr,
1111 611 1186 680 quod

72 677 193 733 babebat
210 679 261 733 tibi
281 680 370 732 furata
387 688 466 731 tanta
485 689 532 734 tua
550 681 673 744 mobilia,
700 699 771 751 quae
789 679 919 732 valebant
945 681 1064 744 sot.1..,
1093 691 1121 732 et
1144 681 1186 731 vi-

73 751 135 802 cisti
153 769 213 803 eum
233 767 282 820 per
299 766 427 818 pugnam,
447 759 475 803 ct
492 751 560 803 fecit
576 751 628 802 tibi
655 750 888 821 compositionem.
935 749 970 802 Et
995 751 1078 802 modo
1101 749 1187 804 hahes

40 825 43 832 '
70 821 159 890 ipsam
177 823 280 874 sartum
294 819 437 874 inventum
455 821 529 891 apud
548 821 631 874 alium
648 821 803 887 hominem,
823 830 852 874 et
867 820 929 875 vult
947 827 979 873 ut
995 821 1094 874 reddas
1111 837 1184 888 corn-

70 891 241 964 positionem.
312 928 316 936 ·
1180 943 1184 948 ,

155 981 259 1048 LVII.
301 991 316 1058 (
326 979 407 1054 IV.)
449 981 572 1062 Siquis
590 981 733 1043 debitum
748 980 876 1060 fecerit,
897 990 930 1043 et
949 1004 1001 1044 res
1015 1004 1088 1044 snas
1105 1004 1185 1046 vene

73 1067 202 1143 diderit,
218 1063 251 1127 et
265 1064 328 1126 tale
349 1063 564 1147 fueritipsum
578 1064 732 1144 debiturn,
746 1065 834 1147 quod
847 1065 971 1127 solvere
982 1067 1011 1142 d)
1029 1086 1094 1127 nou
1110 1087 1184 1148 pos·

72 1157 125 1226 sit,
146 1159 179 1212 et
203 1148 288 1209 filius
309 1147 379 1210 eins
392 1168 452 1228 per
474 1151 609 1209 uxorem
629 1169 718 1211 suam
740 1147 862 1229 aliquid
886 1147 1109 1230 conquisierit,
1130 1147 1186 1212 vel

71 1244 182 1322 postea
203 1231 262 1294 sibi
281 1251 340 1312 per
360 1228 587 1312 quodcumque
604 1230 772 1313 ingenium
788 1230 994 1309 laboraverit,
1015 1238 1186 1313 postquam

73 1319 210 1404 genitor¹
228 1313 296 1374 eins
324 1333 436 1390 omnes
461 1333 513 1404 res
540 1334 611 1374 snas
641 1312 909 1390 venumdederit,
938 1323 993 1373 ant
1014 1335 1032 1372 a
1052 1312 1185 1395 publico

72 1395 246 1465 intromissi
268 1401 302 1472 c)
329 1395 466 1473 fuerint,
485 1416 550 1455 non
573 1392 710 1456 habeant
730 1395 917 1466 facundiam
939 1396 1116 1466 creditores
1132 1417 1185 1456 res

72 1506 151 1567 quas
173 1479 258 1539 filius
280 1479 320 1538 de
342 1477 481 1560 coniuge
502 1499 559 1538 sua
578 1477 696 1540 habere
718 1479 866 1556 ridetur,
897 1478 950 1541 vel
972 1488 1082 1560 postea
1105 1499 1185 1539 con·

72 1563 213 1650 quisivit,
232 1570 291 1620 ant
311 1560 489 1635 laboravit,
511 1559 692 1642 repetendi,
721 1569 776 1622 ant
798 1559 1020 1639 distrahendi,
1046 1559 1103 1622 sed
1125 1560 1185 1620 ba·

71 1644 227 1711 beatsibi
249 1641 424 1704 filius-eius
447 1642 518 1704 iure
541 1643 665 1726 quieto.
705 1643 911 1721 Sictamen,
933 1654 971 1704 ut
989 1644 1016 1705 si
1039 1663 1056 1702 a
1077 1643 1181 1705 credi·

71 1732 194 1793 toribus
216 1725 359 1808 pulsatus
381 1724 492 1803 fuerit,
513 1727 664 1808 praebeat
684 1736 935 1803 sacramentum,
956 1724 1044 1808 quod
1067 1726 1107 1787 de
1128 1747 1183 1786 re·

70 1816 130 1878 bus
151 1810 267 1893 patris,
298 1817 353 1867 ant
373 1807 481 1868 matris
502 1829 603 1886 suae„
625 1809 652 1870 si
682 1809 750 1892 ipsa
779 1809 814 1869 in
844 1809 979 1870 mundio
1007 1809 1105 1892 patris
1135 1805 1185 1868 sni

71 1904 196 1957 mortua
217 1889 328 1967 fuerit,
352 1890 433 1950 nihil
456 1891 545 1972 apud
562 1911 596 1951 se
618 1889 745 1970 habeat,
760 1912 820 1952 nec
847 1890 945 1952 alicui
971 1891 1188 1960 commendas-

70 1988 129 2056 set,
141 1985 195 2036 aut
208 1971 436 2050 abscondisset,
453 1981 485 2032 et
506 1973 547 2034 sit
567 1972 739 2039 absolutus.
777 1973 857 2035 Etsi
872 1983 982 2056 postea
1003 1975 1089 2050 apud
1110 1995 1186 2038 eum

70 2063 240 2121 inventum
260 2055 358 2116 fuerit
380 2054 418 2115 de
438 2055 536 2118 rebus
555 2055 709 2139 paternis,
723 2064 910 2140 ,componat
923 2055 1124 2140 insuctogilt.
1179 2117 1182 2124 ,
1211 2130 1215 2138 ,

939 2145 951 2171 ί

69 2145 185 2206 11.·21.
212 2161 261 2200 ao.
401 2188 404 2191 .
950 2183 953 2188 2
1000 2183 1001 2188 κ

139 2241 219 2275 roan.
252 2223 332 2272 Petre
359 2225 389 2272 te
415 2217 537 2290 appellat
565 2218 722 2285 Martinus,
759 2221 834 2290 quod
862 2220 925 2292 ipse
949 2220 1052 2276 habeat
1082 2229 1185 2276 certam

70 2293 280 2364 suspectionem,
300 2290 375 2360 quod
393 2291 504 2360 quando
523 2291 646 2343 Donatus
664 2299 727 2342 tuus
744 2300 822 2360 pater
839 2292 916 2346 venit
935 2293 970 2344 ad
988 2304 1111 2361 mortem,
1128 2301 1186 2346 erat

70 2363 122 2415 sibi
146 2362 254 2414 debitor
271 2361 319 2410 sol.
338 2355 367 2410 C.
416 2363 554 2412 Detorto.
593 2357 627 2411 Si'
646 2360 759 2412 dixerit:
785 2363 1008 2432 nonrespondeo
1027 2363 1098 2426 tibi,
1119 2363 1186 2434 qaia

69 2451 125 2485 non
144 2451 203 2484 sum
226 2447 288 2482 suas
312 2429 407 2480 heres:
430 2431 519 2492 iuret,
545 2428 617 2482 sicut
634 2429 680 2480 lex
701 2430 775 2482 dicit.
814 2433 840 2484 Si
867 2433 983 2486 dixerit:
1008 2452 1064 2485 non
1087 2433 1184 2485 iurabo

70 2503 105 2554 de
125 2502 205 2554 rebus
229 2500 321 2552 matris
344 2515 439 2563 nacae,
471 2499 535 2569 quia
559 2518 615 2551 non
640 2497 694 2551 fuit
712 2511 817 2553 mortua
840 2501 869 2552 in
888 2521 937 2554 suo
960 2505 1089 2557 mundio:
1119 2521 1182 2575 pro·

70 2571 119 2626 bet
145 2571 310 2640 appellator,
338 2570 413 2638 quod
438 2570 534 2622 luisset
557 2575 664 2622 mortua
689 2569 718 2620 in
743 2572 858 2624 mundio
874 2573 957 2641 patris
976 2573 1042 2626 eius.

139 2643 235 2703 Petne,
262 2649 291 2694 te
317 2641 438 2709 appellat
462 2641 612 2704 Martinus,
639 2639 714 2709 quod
735 2643 792 2712 ipse
814 2643 981 2711 appellavit,
1010 2643 1086 2714 qnod
1106 2650 1185 2713 pater

68 2721 133 2766 tuus
151 2713 285 2772 Donatus,
305 2711 414 2780 quando
431 2711 507 2764 venit
532 2711 567 2762 ad
584 2721 720 2771 mortem,
750 2711 875 2766 eratsibi
895 2713 1003 2766 debitor
1021 2717 1049 2766 L.
1069 2715 1131 2778 sol,
1158 2721 1186 2766 et
1253 2741 1260 2758 ν

69 2791 100 2835 tu
113 2781 207 2833 iurasti
232 2780 308 2850 quod
326 2780 359 2831 de
379 2779 460 2832 rebus
477 2781 560 2850 patris
577 2781 620 2833 tui
643 2780 714 2834 ¹nihil
732 2781 806 2852 apud
823 2791 852 2834 te
870 2781 1008 2846 habebas,
1027 2800 1080 2836 nec
1100 2783 1185 2835 alicui

12 2859 13 2863 ’
70 2851 290 2918 commendatas,
315 2858 364 2902 aut
385 2850 566 2902 absconditas.
609 2850 645 2902 Et
665 2849 746 2903 modo
771 2851 846 2924 apud
874 2861 904 2905 te
930 2852 1017 2907 habet
1038 2855 1183 2910 inventum

70 2940 156 2976 unum
174 2920 322 2983 caballum,
343 2921 419 2989 quod
436 2920 489 2974 suit
506 2921 540 2973 de
558 2929 635 2990 patre
653 2929 709 2973 tuo.

153 3005 403 3086 Lvl11.‘(v.)
446 3013 480 3073 Si
503 3013 628 3092 infans,
651 3013 729 3073 dnm
756 3012 841 3072 infra
870 3021 1006 3074 aetatem
1036 3023 1101 3094 cst,
1129 3036 1182 3076 res
1245 3027 1248 3032 “

70 3118 142 3159 suas
157 3093 349 3174 cuicumque
364 3095 559 3170 vendiderit,
577 3103 632 3155 ant
651 3095 902 3172 infiduciaverit,
912 3105 943 3156 et
952 3109 1066 3178 postea
1081 3119 1183 3178 quum

69 3178 104 3238 in
128 3176 304 3256 legitimam
326 3187 460 3248 aetatem
483 3177 687 3257 pervenerit,
717 3177 856 3238 chartam
884 3178 983 3259 ipsam
1005 3181 1184 3240 secundum
1217 3231 1220 3236 .

69 3260 175 3342 legem
197 3259 375 3336 irrumpere
389 3257 541 3336 voluerit,
560 3268 593 3319 et
612 3258 646 3319 in
659 3259 755 3320 rebus
778 3261 852 3341 ipsis
875 3261 1021 3335 introire,
1044 3283 1109 3322 non
1130 3259 1183 3321 ha·

68 3341 145 3402 beat
164 3340 366 3421 pontificium
385 3339 445 3420 qui
468 3341 544 3400 emit
564 3350 620 3405 eut
641 3343 697 3424 qui
720 3342 904 3419 fiduciavit,
938 3345 1027 3424 quod
1049 3343 1182 3406 dederat

68 3423 314 3504 requirendum.
356 3422 593 3504 Quiaquando
622 3425 837 3506 comparavit,
869 3435 924 3484 aut
953 3425 1196 3506 infiduciavit,

69 3518 149 3567 tnnc
171 3504 284 3565 debuit
303 3505 504 3586 perspicere,
525 3506 602 3586 quia
622 3527 705 3588 puer
725 3506 791 3588 ipse
822 3505 907 3568 infra
929 3516 1065 3571 aetatem
1088 3515 1180 3586 erat,

71 3599 105 3650 et
125 3599 236 3649 contra
256 3587 362 3669 legem
384 3585 530 3652 faciebat.
570 3588 745 3671 Propterea
765 3589 976 3650 constitutum
998 3601 1056 3668 est,
1072 3601 1108 3651 ut
1125 3595 1182 3674 qui

69 3673 165 3742 infra*
178 3679 311 3731 aetatem
336 3670 446 3744 fuerit,
468 3669 599 3731 minime
621 3671 764 3732 vendere
786 3681 842 3733 aut
860 3671 1050 3734 infiduciare
1072 3676 1180 3757 possit.

69 3755 113 3818 Et
134 3754 230 3815 talem
251 3774 394 3813 caussam
415 3773 487 3812 eam
508 3751 627 3814 habere
650 3752 803 3832 dicimus,
832 3754 888 3836 qui
911 3757 1005 3833 emit,
1030 3766 1084 3816 aut
1106 3757 1182 3816 inii-

71 3836 236 3914 duciavit,
257 3835 387 3916 qualem
409 3841 441 3894 et
462 3835 517 3896 ille
538 3834 657 3897 habere
679 3835 824 3914 videtur,
854 3837 912 3919 qui
935 3837 973 3898 de
996 3859 1102 3916 servo,
1123 3850 1179 3902 aut

70 3920 201 3980 aldione
224 3939 330 3980 emere
352 3926 406 3976 aut
426 3917 614 3979 infiduciare
638 3918 847 4002 dignoscitur.
931 3920 975 3985 ΙΙ.
997 3943 1045 4002 29.
1069 3943 1097 3988 2.

137 4019 221 4054 sonu¹
253 4002 330 4052 Petre
345 4007 374 4052 te
392 4002 514 4070 appellat
529 4001 672 4065 Martinus,
692 4001 766 4071 quod
781 4009 812 4054 tu
831 4011 909 4056 tenes
927 4002 978 4054 sibi
995 4006 1068 4057 malo
1087 4006 1182 4059 ordine

69 4079 167 4123 terrani
186 4073 214 4122 in
231 4070 281 4123 tali
300 4073 370 4124 loco.
406 4073 469 4140 ipsa
486 4082 557 4124 terra
573 4090 634 4125 mea
651 4072 758 4142 propria
776 4080 816 4124 est
832 4092 882 4144 per
899 4084 1016 4139 samam,
1041 4093 1124 4147 quam
1149 4087 1182 4132 tu

69 4196 405 4211 μαι-..-

137 4247 167 4316 b)
185 4247 227 4300 nl.
246 4248 334 4309 Ccdd.
352 4266 472 4319 sarram
496 4253 603 4305 sanari.
683 4251 709 4322 c)
727 4249 767 4306 ll.
787 4251 874 4307 Codd.
894 4251 1078 4308 intromissae.
