2640 4838
394 265 561 322 anieron
596 251 776 320 nonnanis
933 300 937 304 .
1110 239 1183 320 687

224 367 226 374 v
328 409 379 471 De
406 409 517 493 Grapu
548 407 652 472 Forsi.
681 401 912 492 (Rapoforfin.)

142 525 219 593 XV.
261 523 296 586 Si
329 523 402 606 quis
433 524 632 606 sepulturam
662 508 805 582 hominis
835 519 955 582 mortni
979 515 1126 604 ruperit,
1152 511 1185 584 et

59 633 178 696 corpus
203 607 451 689 exspoliaverit,
482 617 539 666 aut
572 605 650 665 soris
682 602 870 680 iactaverit,
905 594 1058 671 DCCCC.
1089 603 1185 686 solid.

59 697 101 759 sit
123 693 295 777 culpabilis
328 689 518 774 parentibus
548 687 705 782 defuncti.
754 687 797 782 Et
833 688 861 768 si
893 685 1043 768 parentes
1073 687 1186 785 proxi.

59 780 105 841 mi
131 799 197 838 non
227 774 367 852 fuerint,
397 782 476 834 tunc
502 771 677 854 gastaldius
705 771 821 852 Regis,
854 778 911 833 aut
932 771 1187 847 sculdasiusge-

60 861 170 946 quirat
190 857 319 943 culpam
340 857 460 940 ipsam,
484 861 515 916 et
536 854 576 915 ud
597 853 731 948 Curtem
752 851 848 935 Regis
877 851 995 936 exiget.
1016 901 1017 908 κ
1036 857 1186 920 Lanos·
1246 911 1254 926 ,

392 974 442 1034 De
469 969 504 1034 V
500 971 592 1033 rubbi
620 967 719 1056 (erui
738 969 853 1046 Raab.)

148 1089 239 1156 XVI.
280 1088 315 1151 si
342 1088 415 1171 quis
433 1086 600 1148 hominem
628 1093 791 1145 mortuum
819 1082 1033 1164 influmine,
1063 1095 1119 1146 aut
1137 1085 1190 1148 ‘lo-

63 1175 110 1242 ris
137 1173 321 1251 invenerit,
356 1181 388 1233 et
424 1170 641 1252 expoliaverit
670 1177 702 1231 et
733 1167 910 1245 celaverit,
942 1176 1188 1256 componatpa'-
1247 1225 1250 1231 .

64 1259 213 1324 rentibus
243 1255 361 1316 mortui
384 1255 504 1316 solidos
528 1251 665 1314 LXXX.
706 1251 749 1312 Et
778 1251 805 1312 si
837 1271 912 1310 eum
944 1251 1126 1328 invenerit,
1158 1251 1191 1314 et

65 1339 314 1426 exspoliaverit,
356 1347 387 1399 et
420 1358 494 1397 mox
525 1335 641 1397 vicinis
674 1334 884 1416 patefecerit,
918 1345 950 1396 et
982 1337 1191 1417 cognoscitur

32 1473 35 1480 .
65 1425 155 1508 quod
184 1442 243 1505 pro
278 1420 436 1482 mercedis
463 1442 572 1482 caussa
598 1417 731 1495 fecerit,
764 1438 837 1476 nam
866 1439 932 1478 uon
962 1416 1095 1480 iurandi
1117 1417 1191 1478 ani-

65 1530 138 1586 mo,
159 1503 275 1567 reddat
295 1504 414 1587 spolia,
437 1525 519 1587 quae
541 1523 638 1585 super
660 1522 735 1561 eum
761 1499 947 1580 invenerit,
983 1507 1016 1564 et
1052 1503 1190 1588 amplius

67 1593 99 1655 ei
121 1589 284 1653 calumnia
304 1608 369 1647 nou
398 1595 581 1668 generetur.
633 1586 656 1645 l.
682 1603 728 1643 12.
755 1603 780 1645 1.
982 1654 986 1666 1

151 1671 258 1737 XVll.
302 1670 335 1730 Si
359 1669 432 1756 quis
455 1690 495 1728 ex
516 1667 696 1729 Baronibus
718 1664 835 1727 nostris
857 1665 898 1728 ad
921 1687 979 1729 uos
999 1663 1113 1729 venire
1135 1689 1192 1748 vor

68 1755 185 1833 luerit,
220 1775 354 1816 securus
377 1751 506 1830 veniat,
537 1760 570 1811 et
595 1751 727 1811 illaesus
751 1749 791 1810 ad
819 1771 894 1810 snos
922 1760 1123 1829 revertatur,
1160 1759 1193 1813 et

70 1838 251 1902 nullusrde
284 1833 472 1897 adversariis
500 1834 590 1895 illius
623 1827 672 1893 illi
698 1831 840 1916 aliquam
864 1832 1018 1894 iniuriam
1039 1832 1193 1898 initiness

69 1946 106 1992 re
131 1929 186 1980 aut
217 1919 398 1981 molestiam
419 1919 527 1978 facere
551 1925 743 1999 praesumat.
797 1917 939 1976 Tantum
963 1926 1029 1997 est,
1059 1927 1097 1978 ut
1122 1918 1193 1995 ille,

71 2005 128 2088 qni
157 2003 197 2064 ad
226 2005 346 2086 Regem
370 2001 481 2061 venire
509 1999 655 2076 festinat,
688 1998 824 2060 honeste
847 2001 976 2080 veniat,
1008 2002 1041 2062 e‘t
1069 2001 1194 2063 nuttam

71 2087 267 2164 laesionem,
306 2091 361 2144 aut
388 2084 539 2144 damnum
561 2082 748 2164 cuicunque
777 2081 811 2142 iu
835 2083 905 2167 ipso
927 2084 1045 2146 itinere
1068 2085 1109 2146 ad
1129 2085 1195 2146 Re·

59 2193 143 2254 ‚gem
167 2167 352 2245 veniendo,
376 2176 431 2226 aut
453 2168 622 2228 redeundo
658 2167 770 2226 faciat:
802 2181 876 2226 nam
897 2167 924 2228 si
944 2167 1078 2244 fecerit,
1110 2168 1195 2229 sicut

44 2263 47 2270 ‘
74 2255 186 2316 subter
210 2251 243 2312 in
271 2251 334 2312 hoc
359 2250 476 2335 Edicto
500 2250 623 2312 dictum
651 2259 717 2324 est,
748 2260 931 2332 componat.
983 2249 1009 2315 l.
1036 2240 1082 2317 13.
1108 2272 1134 2312 1.
1283 2323 1287 2330 x

159 2335 282 2402 XVIII,
324 2334 358 2396 Si
387 2333 460 2414 quis
490 2353 530 2393 ex
569 2332 757 2394 adversariis
787 2334 905 2394 nostris
935 2355 1067 2408 manum
1092 2354 1196 2393 arma·

74 2431 138 2482 tam
169 2439 266 2500 super
302 2436 534 2500 quemcunque
574 2413 743 2476 hominem
772 2415 813 2476 ad
846 2417 968 2500 Regem
1008 2415 1198 2498 venientem

74 2501 243 2576 iniecerit,
272 2522 331 2584 pro
353 2521 408 2572 sua
431 2497 571 2576 iniuria,
604 2507 659 2558 ant
689 2507 822 2582 propter
846 2501 1107 2582 qualemcunque
1131 2497 1199 2559 cul-

73 2608 148 2670 pam
163 2583 391 2649 vindicandam
413 2579 565 2644 DCCCC.
586 2581 680 2648 solid.
702 2582 743 2642 sit
762 2581 953 2664 culpabilis,
975 2584 1120 2646 medium
1132 2583 1197 2646 Re-

77 2671 127 2751 gi,
155 2677 186 2728 et
212 2666 356 2728 medium
383 2665 438 2726 cui
460 2660 580 2724 iniuria
610 2664 699 2724 illata
720 2665 829 2727 suerit.
882 2667 907 2731 l.
933 2668 979 2729 15.
1001 2688 1030 2729 2.

159 2748 257 2814 xlx:
278 2750 311 2810 Si
324 2748 395 2830 quis
403 2769 462 2832 pro
474 2745 594 2807 iniuria
608 2769 664 2807 sua
676 2747 880 2824 vindicanda,
903 2765 1200 2833 superwquetucuu-

78 2855 141 2916 qne
164 2831 331 2894 hominem
365 2853 464 2891 manu
491 2839 627 2906 armata,
666 2839 721 2890 aut
753 2851 826 2892 cum
856 2833 1003 2894 exercitu
1024 2855 1128 2919 usque
1159 2833 1201 2894 acl

78 2925 219 2998 quatuor
244 2915 393 2976 homines
416 2913 448 2994 iu
471 2913 581 2976 vicum
604 2913 795 2991 intraverit,
818 2915 875 2975 ille
896 2915 987 2994 prior
1028 2936 1065 2979 ro
1086 2913 1203 2978 illicita

78 2999 341 3082 praesumptione
364 2997 539 3074 moriatur,
563 3007 617 3056 aut
636 3007 807 3078 componat
825 2997 946 3060 solidos
964 2941 1116 3068 chcc.
1137 3021 1203 3061 me·

81 3083 172 3144 dium
192 3080 294 3163 Regi,
325 3087 359 3140 et
384 3079 526 3140 medium
548 3078 684 3160 ei,·qui
712 3080 866 3141 iniuriam
895 3103 1006 3162 passus
1039 3093 1097 3146 est.
1159 3079 1206 3144 Et

82 3164 133 3223 illi
170 3163 228 3244 qui
256 3184 331 3223 cum
364 3162 434 3244 ipso
470 3162 608 3236 fuerint,
656 3161 682 3223 si
713 3163 809 3224 liberi
835 3173 933 3239 sunt,
976 3165 1203 3248 unusquisque

83 3253 255 3328 componat
275 3245 334 3310 sol.
361 3243 501 3306 LXXX.
527 3244 670 3305 medium
699 3246 797 3328 Regi,
833 3255 865 3308 et
892 3245 1037 3308 medium
1059 3249 1112 3328 ei,
1145 3247 1204 3330 qui

83 3327 235 3388 iniuriam
251 3347 361 3412 passus
390 3337 452 3388 est:
483 3337 618 3410 excepto
646 3326 672 3388 si
693 3329 814 3411 inipso
832 3329 1025 3392 vicocasam
1044 3331 1204 3393 incende·

83 3412 142 3489 rit,
176 3421 232 3472 aut
269 3409 435 3471 hominem
469 3410 643 3486 occiderit,
679 3410 859 3472 secundum
891 3413 979 3494 qnod
1007 3415 1205 3499 appretiatus

84 3494 203 3572 fuerit,
239 3493 284 3556 ita
312 3501 483 3574 componat
512 3492 581 3568 illi,
612 3491 703 3554 cuius
729 3515 804 3556 casa
830 3495 931 3556 fuerit
955 3495 1109 3576 incensa,
1150 3503 1209 3561 aut

83 3599 218 3662 parens,
251 3587 307 3638 aut
334 3596 445 3636 servus
476 3575 610 3638 occisus.
665 3577 689 3636 l.
715 3598 761 3658 17.
793 3598 819 3638 1.

153 3676 234 3712 roan.
271 3662 351 3713 Petre
379 3665 407 3709 te
437 3643 567 3728 ‘appellat
592 3659 740 3722 Martinus,
784 3658 859 3731 quod
889 3667 921 3715 tu
954 3679 1003 3731 pro
1025 3659 1127 3714 iniuria
1158 3667 1211 3718 tua

83 3731 254 3788 vindicanda
278 3729 386 3782 intrasti
407 3747 489 3798 snper
512 3744 540 3780 se
553 3728 584 3778 in
602 3732 695 3782 vicum
715 3730 800 3782 talem
823 3747 885 3786 cum
902 3747 988 3786 mauu
1013 3741 1133 3798 armata,
1162 3748 1211 3803 am¹

86 3819 149 3857 cum
167 3802 291 3853 exercitu
318 3815 406 3867 usque
431 3800 466 3850 ad
493 3807 612 3869 quatuor
635 3799 765 3852 homines.
799 3831 803 3838 =
1202 3841 1204 3848 ,

154 3873 237 3930 Petre,
255 3881 285 3924 te
312 3870 435 3940 appellat
455 3869 606 3933 Martinus,
634 3872 710 3941 quod
734 3872 858 3924 Donatus
883 3870 997 3926 intravit
1021 3889 1102 3942 super
1128 3890 1157 3926 se
1179 3873 1210 3942 iu

85 3940 174 3993 talem
201 3941 293 3994 vicum
320 3959 370 4011 pro
397 3957 446 3992 sua
472 3940 574 3994 iniuria
599 3941 779 4003 vindicanda,
808 3958 871 3994 cum
902 3956 986 3997 manu
1013 3953 1132 4007 ennato,
1160 3952 1213 4000 aaa

88 4028 152 4064 cum
177 4011 300 4064 exercitu
323 4027 411 4084 usque
437 4011 473 4064 ad
496 4019 615 4086 quatuor
644 4011 784 4082 homiues,
815 4019 843 4066 et
864 4021 896 4067 tu
923 4013 1000 4068 fuisti
1029 4031 1092 4068 cum
1112 4015 1179 4088 ipso.

88 4151 448 4166 mm

154 4239 189 4309 f)
207 4239 306 4294 Murat.
329 4243 377 4308 sol.
396 4242 456 4296 XC.
