2632 4822
130 269 206 350 824
238 259 240 268 ’
408 233 628 359 iiurrmnnr
654 284 781 344 mous
810 287 874 345 ein.
901 290 947 345 m.

106 423 242 520 'plagas
263 427 319 491 alii
344 426 470 490 homiui
496 427 664 506 intulerit,
690 438 724 492 et
741 429 843 492 fuerit
863 431 935 513 ipsa·
960 431 1163 517 compositio
1185 431 1254 496 XX.
1310 441 1313 452 ’

39 587 41 594 ⁴
133 515 227 579 solid.
250 522 445 596 autsnprs,
467 509 543 572 dare
565 511 681 573 debeat
701 533 776 574 eum
796 508 953 576 Publicus
973 513 1009 575 in
1030 537 1137 582 manu
1167 516 1252 596 eius,

134 595 314 662 cutsatem
338 595 453 654 fecerit
485 593 631 676 culpam,
663 595 716 657 vel
744 594 874 658 iiiicitas
902 597 975 660 illas
1007 619 1139 660 caussas
1175 600 1252 681 egit,

134 691 167 744 et
188 680 257 762 ipse
282 697 357 739 eum
378 675 494 737 habeat
516 697 575 760 pro
596 697 698 748 servo.
743 682 778 746 Si
798 689 907 745 satem
923 680 1035 747 minor
1060 681 1140 750 XX.
1163 683 1251 751 solid.

132 763 234 828 suerit
255 760 312 822 ista
334 756 541 841 compositio,
576 760 770 830 sieut'solet
798 761 870 823 fieri
899 784 1001 848 usque
1028 763 1073 824 ad
1112 764 1176 830 VI.
1202 773 1253 824 snt

133 847 175 910 sd
195 843 274 910 ΧΠ.
301 842 440 920 solidos,
468 849 547 904 tune
569 841 685 906 debeat
707 869 782 911 euin
806 843 960 912 Publicus
984 845 1066 911 dare
1099 846 1137 908 in
1158 869 1252 908 manu

133 930 222 1006 eius,
251 926 425 993 scitalem
455 923 583 1006 culpem
609 925 727 992 fecerit
755 950 814 1014 pro
841 950 951 991 servo:
980 929 1015 1000 in
1044 943 1087 992 eo
1123 930 1250 1007 ordine,

133 1022 173 1076 ut
194 1009 313 1074 serviat
341 1005 373 1068 ei
394 1014 443 1067 toi
468 1004 582 1087 annis„
616 1019 653 1070 ut
678 1013 779 1097 ipsam
810 1011 936 1094 culpam
961 1011 1133 1076 redimere
1160 1013 1252 1098 possit

135 1105 170 1159 et
192 1091 286 1158 vadat
330 1087 498 1154 osteuubi
519 1091 669 1154 voluerit.
711 1097 737 1158 l.
765 1094 814 1160 25.
835 1093 887 1158 60.
955 1147 960 1158 ,
1068 1091 1072 1101 '

217 1113 334 1238 ciui.
377 1171 449 1244 (C.)
489 1171 523 1234 si
559 1171 631 1254 quis
657 1178 908 1262 Langobardos,
928 1191 1079 1241 'uxorem
1107 1175 1252 1256 habeus,

33 1259 48 1290 ·“
133 1259 219 1322 filios
244 1266 300 1318 aut
318 1251 400 1316 filias
417 1257 653 1337 procreaverit,
677 1270 833 1345 etpostes
850 1259 1063 1342 inspiratione
1081 1261 1150 1322 Dei
1169 1283 1254 1322 com-

132 1344 246 1437 pulsus
273 1338 421 1401 Clericus
455 1335 586 1400 effeetus
614 1340 736 1424 fucrit,
765 1353 845 1405 tuuc
878 1341 939 1404 iiiii
969 1353 1028 1404 aut
1051 1342 1167 1421 filiae,
1200 1343 1252 1426 qui
1311 1416 1314 1424 Ι

133 1434 209 1500 aute
230 1421 301 1488 eius
325 1420 569 1486 conversionem
597 1422 666 1485 uati
684 1425 827 1504 fuerint,
850 1424 916 1507 ipsa
938 1424 1011 1508 lege
1032 1425 1172 1506 vivant,
1195 1449 1252 1508 qua

134 1509 207 1590 lege
235 1504 292 1574 ille
325 1502 471 1580 vivebat,
509 1506 640 1584 quando
677 1529 731 1570 eos
760 1509 889 1593 genuit,
925 1516 958 1573 et
988 1529 1143 1572 caussam
1168 1531 1252 1572 suam
1297 1543 1299 1550 ·

98 1627 101 1634 ι
133 1589 318 1677 perlegem
342 1588 443 1671 ipsam
471 1585 565 1651 finire
590 1588 735 1652 debebat.
778 1589 925 1658 11.5.1.
1125 1643 1127 1646 .

219 1670 331 1736 CLIV.
372 1670 449 1748 (Cl.)
490 1669 559 1730 Hoc
584 1671 676 1736 nobis
699 1684 824 1762 rpctum
846 1671 1028 1755 comparuit
1048 1694 1123 1736 esse
1144 1673 1187 1735 de
1207 1672 1259 1744 his¹

129 1753 253 1832 servis,
291 1749 349 1833 qui
378 1751 414 1814 in
453 1751 542 1818 furto
570 1754 889 1838 comprehenduntur
916 1755 1070 1820 undein
1097 1756 1254 1824 anteriori

134 1839 251 1910 Edicto
278 1834 464 1896 continetur
496 1842 535 1894 ut
561 1845 619 1896 sut
648 1839 858 1916 occidantur,
898 1844 954 1898 aut
985 1837 1273 1918 redimeret'eos

135 1921 288 1996 dtmlnsst
307 1939 421 1999 eorum
447 1915 559 1978 solidis
580 1921 655 1999 xt,
680 1922 765 1984 atsi
790 1921 903 1983 amodo
930 1920 1174 2004 cuiuscumque
1195 1942 1256 1983 ser-

134 2026 195 2074 vus
216 1999 466 2084 comprehensus
483 2000 600 2080 fuerit,
631 2025 670 2066 eo
698 2013 812 2069 tenore
844 2014 882 2065 ut
904 2003 988 2066 mori
1007 2003 1147 2083 debeat,
1170 2001 1254 2066 redi·
1278 2009 1280 2014 '

132 2095 201 2153 mat
231 2107 304 2148 eum
335 2083 485 2144 dominus
511 2104 587 2144 suus
608 2105 682 2148 cum
708 2087 818 2148 solidis
841 2088 908 2148 XL.
935 2085 1020 2148 sicut
1048 2086 1255 2148 dictumest.

133 2172 177 2234 Et
199 2169 226 2234 si
247 2165 380 2232 minime
405 2185 480 2226 eum
504 2166 664 2232 redimere
687 2169 845 2245 voluerit,
889 2169 958 2252 ipse
985 2168 1143 2230 dominus
1174 2167 1254 2229 occi·

136 2254 201 2327 det,
254 2253 297 2320 Et
325 2249 355 2315 si
374 2247 524 2310 domiuus
549 2250 618 2312 eius
645 2273 720 2313 eum
749 2252 898 2320 occidere
926 2251 1093 2328 noluerit,
1130 2251 1254 2313 occidet

137 2334 306 2411 pausillo,
330 2330 388 2413 qui
417 2352 491 2392 enm
519 2334 789 2416 comprehensum
809 2342 909 2402 tenet.
972 2333 1015 2393 Et
1051 2333 1078 2394 si
1109 2355 1175 2395 nec
1198 2333 1253 2394 ille

136 2417 299 2493 voluerit,
321 2426 404 2484 tunc
428 2413 564 2492 accipiat
588 2438 663 2478 eum
685 2417 793 2480 Curtis
815 2426 922 2478 nostra
944 2425 978 2477 et
997 2417 1169 2496 quomodo
1189 2413 1254 2475 ins·

133 2500 185 2570 sis
207 2509 314 2568 nostes
336 2496 450 2574 fueris,
485 2497 525 2558 de
546 2519 586 2564 eo
611 2499 727 2562 debeat
747 2500 907 2561 ordinare.
942 2499 1031 2580 'Ipse
1052 2519 1133 2560 vero
1153 2497 1256 2570 domi-

137 2604 205 2660 nus,
224 2582 488 2662 eiua,·componst
510 2579 615 2663 ipsum
635 2583 775 2660 sartum,
802 2575 886 2645 sicut
909 2581 1066 2663 Edictum
1087 2582 1255 2658 continet,

137 2665 175 2737 ci·
196 2663 250 2735 cni
271 2663 377 2740 ipsum
399 2663 518 2730 iactum
539 2664 640 2724 fuerit
659 2667 794 2729 furtum.
835 2666 860 2730 I.
883 2663 932 2728 25.
956 2663 1004 2726 52.

219 2744 317 2816 CLX.
358 2742 464 2821 (011.)
505 2744 540 2812 si
574 2747 647 2826 quis
673 2769 691 2808 a
715 2746 943 2812 convenientia
976 2766 1037 2829 per
1065 2744 1257 2816 chartama

135 2849 173 2899 ss
195 2828 311 2900 factam
337 2847 373 2886 se
403 2825 616 2905 subtraxerit,
646 2828 741 2900 heres
767 2829 836 2891 eius
863 2850 967 2912 poena
1005 2828 1255 2912 compositionis

135 2919 267 2983 tspctpr
299 2906 469 2981 adstrictus
500 2920 669 2993 praecepto
700 2931 761 2995 per
796 2912 957 2992 quandam
991 2911 1253 2990 institutionem,

134 2995 189 3064 vel
216 2998 381 3076 quaeest.
428 2991 496 3061 Hoc
522 2991 596 3060 loco
622 2992 816 3054 admonendi
842 3016 970 3072 sumus,
1008 2997 1100 3074 quod
1129 2997 1254 3058 malefi-

135 3076 262 3146 ciorum
288 3072 448 3155 litigium,
476 3073 538 3134 nisi
566 3075 606 3136 lis
629 3085 803 3145 contestata
829 3076 946 3153 fuerit,
974 3076 1134 3146 adversus
1159 3078 1255 3140 here-

137 3160 196 3226 des
216 3179 281 3222 nnn
314 3164 461 3224 transeat.
503 3156 539 3218 Si
561 3179 638 3220 vero
662 3167 828 3222 contractu
853 3157 1047 3241 litigaverit,
1070 3160 1098 3221 si
1117 3161 1161 3222 lis
1181 3182 1256 3222 con,

136 3250 251 3312 testata
275 3237 395 3317 faerit,
423 3237 492 3304 sive
513 3259 599 3319 nou,
619 3239 733 3309 heredi
755 3250 788 3304 et
812 3241 847 3302 in
864 3240 1019 3312 heredem
1039 3245 1210 3327 competit.
1222 3249 1255 3317 e)

135 3323 184 3400 lt,
205 3345 256 3398 αι,
284 3323 333 3394 25·
368 3389 373 3400 ,
897 3349 904 3359 ’
968 3414 970 3417 ᾖ

132 3458 280 3554 Ι’μινιιοιτ
309 3481 449 3524 unierunt
483 3483 781 3542 Quonvcorsrrrurr
814 3486 1070 3540 cronrosrssrssus
1106 3487 1255 3528 usurasne

180 3567 237 3609 uus
261 3564 338 3628 vau.
401 3567 558 3619 meremur
586 3567 678 3617 nuces
719 3567 796 3628 quas
830 3568 960 3610 somnis
989 3568 1215 3622 sancrrssmus

543 3651 598 3690 vis
617 3648 747 3698 strepis
771 3651 839 3696 sax.
1083 3643 1086 3649 ’

157 3830 211 3880 „vi

103 3884 108 3890 “
208 3863 345 4003 &Caput
361 3869 435 3926 istud
451 3869 480 3921 in
498 3867 628 3994 pluribus
650 3867 737 3924 Codd.
757 3870 842 3923 deest.
853 3870 941 3924 ‘Extat
955 3879 1049 3924 tamen
1067 3871 1170 3924 iisdem
1190 3891 1258 3946 qun·.

110 3935 122 3970 =²
137 3937 197 4049 speri
213 4021 215 4026 Ι
230 3939 300 3996 erbis
322 3940 395 4022 apud
415 3941 497 4004 Hsrcl
518 3957 580 4006 um,
599 3937 648 3995 ubi
666 3949 757 4006 autem
773 3949 836 4026 post
859 3942 925 4026 Cap.
946 3943 1034 4006 CVII.
1059 3941 1190 4008 reicitur,
