2648 4874
125 234 202 310 m
334 251 438 308 asom
455 251 746 312 ursmonronnrc
763 252 829 307 mn.
850 251 902 307 ιιι.
920 254 992 310 rrr.
1009 253 1046 311 11.
1084 309 1092 322 ,

127 394 293 471 miserint,
337 389 381 454 stt
411 391 531 453 ancilla
559 389 692 454 domino
723 389 794 454 eius
818 392 914 456 servi.
961 391 1041 454 Filii
1070 399 1176 456 tamen
1207 402 1244 455 et'

127 477 391 558 quandocunque
413 483 446 534 et
469 474 729 557 quanticunque,
760 473 817 554 qui
848 495 889 536 cx
909 496 946 536 ca
972 473 1144 555 iniquitate
1165 477 1240 535 suo-

125 561 194 620 rint
215 557 395 640 procreati,
416 555 637 644 conditionem
657 557 755 641 patris
772 566 968 637 sequantur,
991 567 1027 617 nt
1048 555 1086 629 ,in
1106 557 1240 618 servitio

123 649 353 725 permaneant:
383 636 569 700 facultatem
585 659 663 699 vero
687 637 1038 720 mulieris'propinqui
1067 638 1118 698 sui
1139 639 1240 720 legali
1300 645 1304 655 '

124 723 327 786 successione
356 718 559 801 conquirant.
627 722 724 800 Quod
749 721 775 782 si
802 719 857 798 hi,
891 721 948 803 qni
972 719 1092 782 detali
1120 731 1239 781 contu-

121 803 237 866 bernio
265 801 432 866 extiterint
463 803 586 883 geniti,
617 825 677 885 per
700 802 830 885 triginta
855 821 955 863 annos
979 821 1038 885 per
1059 810 1173 863 testem
1193 804 1240 864 le·
1265 798 1268 804 ’

126 889 273 972 gitimum
302 908 335 947 se
364 884 522 966 ingenuos
553 885 706 948 mansisse
734 884 960 960 docuerint,a
990 884 1156 946 servitutis
1188 907 1240 945 ca-

120 980 196 1033 tena
236 967 352 1043 soluti,
388 966 599 1047 ingenuitatis
632 989 666 1030 se
706 967 867 1050 gaudeant
898 966 994 1027 titulo
1024 965 1179 1043 decorati,
1210 967 1239 1029 si

121 1062 228 1121 tamen
241 1058 391 1135 parentes
412 1048 546 1110 illorum
567 1049 651 1110 infra
671 1050 755 1114 illud
775 1049 992 1128 tricennium,
1020 1069 1086 1130 qno
1110 1049 1169 1108 titii
1193 1049 1240 1132 ip·

119 1155 228 1197 eornm
251 1153 284 1194 se
315 1132 474 1211 ingenuos
496 1152 563 1194 esse
585 1131 814 1214 probaverint,
857 1129 942 1201 nibil
976 1131 1016 1192 de
1045 1131 1240 1192 conditione

120 1213 282 1278 seruitutis
309 1211 448 1274 dominis
472 1212 538 1275 suis
559 1215 798 1295 persolverint,
829 1213 917 1274 unde
945 1211 1005 1296 ipsi
1038 1212 1098 1272 filii
1124 1234 1238 1274 eorum

17 1363 21 1372 ,
118 1298 295 1360 videantur
331 1291 464 1360 obnoxii
494 1296 654 1358 servituti.
698 1297 802 1379 lpsam
832 1304 939 1355 autem
976 1295 1081 1376 legem
1109 1295 1237 1377 praeci-

118 1380 225 1463 pimus
251 1373 406 1440 custodiri
437 1386 469 1440 et
494 1376 533 1438 de
561 1377 638 1439 viris
664 1378 837 1462 ingenuis,
866 1377 923 1458 qni
952 1378 1055 1460 regias
1081 1377 1238 1452 ancillas,

119 1463 171 1522 rel
196 1461 292 1522 etiam
316 1458 540 1541 cuiuscunque
559 1460 733 1524 habuerint
757 1460 922 1546 copulatas
947 1459 1170 1542 conditionis,
1199 1467 1240 1522 ut

121 1542 203 1608 haec
230 1545 334 1606 forma
362 1550 519 1610 serretur.
1081 1559 1083 1564 ·

578 1657 635 1721 tv,
658 1678 805 1736 anricus.

182 1774 221 1836 Si
240 1775 354 1838 mulier
379 1775 493 1839 titensa
512 1796 601 1838 servo
622 1773 746 1855 alieno,
775 1774 833 1836 vel
853 1774 986 1838 libertus
1007 1771 1145 1836 ancillas

313 1933 315 1940 Ι
502 1857 676 1920 alienasse
705 1859 811 1923 societ.

206 1939 382 2024 Simnlier
402 1939 513 2002 liberta
537 1962 630 2002 servo
658 1941 765 2001 alieno
787 1961 854 2001 sese
877 1934 1104 2016 coniunxerit,
1127 1937 1239 1998 autin

120 2023 323 2088 matrimonio
350 2023 543 2100 sociaverit,
575 2033 774 2085 contestetur
799 2023 829 2083 ei
859 2023 956 2084 tertio
979 2019 1127 2083 dominns
1148 2021 1239 2084 servi

121 2107 343 2190 praesentibus
365 2107 469 2167 tribus
498 2105 649 2184 testibus,
685 2116 722 2167 ut
749 2105 787 2164 ab
821 2103 881 2166 bae
911 2102 1145 2168 coniunctione
1172 2103 1240 2165 dis-

123 2189 233 2252 cedat.
287 2189 331 2250 Et
354 2199 426 2270 post
452 2185 568 2249 trinam
589 2187 889 2265 commonitionem,
916 2187 942 2248 si
961 2210 996 2250 se
1015 2206 1163 2267 separare
1178 2207 1235 2245 no·

121 2271 240 2347 luerit,
270 2270 311 2331 sit
331 2269 449 2331 ancilla
476 2268 607 2330 domino
637 2269 724 2347 eins,
763 2269 855 2331 euius
876 2291 969 2332 servo
996 2290 1029 2331 se
1053 2268 1237 2328 coniunxit.

122 2353 157 2416 Si
189 2375 266 2416 nero
301 2373 366 2412 non
399 2359 576 2412 contestata
602 2351 718 2429 fuerit,
756 2361 927 2433 antequam
949 2351 1008 2412 lilii
1038 2358 1236 2431 nascantur,

122 2434 181 2494 itta
206 2435 239 2492 in
271 2431 418 2495 lib'ertste
447 2443 653 2516 permanente
690 2434 819 2514 agnatio
849 2444 954 2494 antem
982 2433 1068 2494 servi
1102 2431 1238 2492 domino

124 2517 313 2598 deputetur,
357 2515 433 2596 quia
464 2513 557 2574 liberi
583 2536 736 2576 essenon
759 2524 910 2597 possunt,
932 2515 988 2598 qui
1015 2536 1055 2576 ex
1079 2512 1135 2574 tali
1153 2535 1235 2574 con-

123 2597 247 2660 ditione
269 2608 454 2662 nascuntur.
491 2596 623 2657 tSimilis
647 2605 679 2666 et
706 2598 745 2659 de
776 2599 976 2660 manumissis
998 2596 1095 2675 viris,
1124 2596 1240 2678 quise

124 2702 198 2740 cum
219 2679 347 2740 ancillis
372 2678 487 2741 alienis
507 2678 713 2758 miscuerint,
733 2678 831 2740 huius
855 2679 934 2762 legis
955 2682 1056 2741 forma
1078 2688 1241 2742 serretur.

122 2761 203 2822 Nam
228 2761 255 2822 si
283 2782 357 2823 cum
382 2757 503 2822 domini
526 2760 691 2821 voluntate
720 2769 753 2824 et
777 2760 985 2844 permissione
1007 2783 1102 2822 servo
1127 2759 1242 2821 alieno

124 2841 318 2906 manumissa
341 2865 374 2906 se
403 2845 485 2904 sorte
506 2840 730 2921 coniunxerit,
759 2854 888 2905 etcum
912 2843 982 2927 ipso
1009 2843 1150 2904 Domino
1167 2863 1239 2902 ser-

126 2925 161 2988 vi
185 2926 343 3009 placitum
363 2925 496 3004 feeerit,
527 2925 659 2986 omnino
680 2924 834 3010 placitum
853 2926 954 3010 ipsius
975 2926 1122 2989 iubemus
1142 2933 1241 2990 stare.

462 3037 504 3110 V.
535 3061 905 3109 mantuanensium

127 3156 166 3219 Si
190 3157 364 3242 quicunque
402 3174 495 3217 cerco
522 3155 626 3216 alieno
656 3156 804 3216 ancillam
834 3176 942 3236 snam,
971 3154 1026 3217 ccl
1058 3173 1152 3215 servo
1181 3173 1243 3214 suo

135 3239 138 3244 ’
252 3251 254 3256 “
435 3238 570 3298 alienam
591 3239 760 3318 coniungat
785 3238 943 3300 ancillam.

210 3317 407 3402 Quicunque
435 3319 585 3380 ancillam
610 3342 699 3380 suam
726 3340 820 3381 servo
848 3319 956 3380 alieno
977 3318 1048 3380 sine
1074 3318 1241 3380 conscien-
1317 3389 1320 3396 Δ

127 3404 173 3470 tia
203 3403 327 3464 domini
351 3402 402 3463 sui
427 3423 562 3462 uxorem
591 3400 732 3480 dederit,
764 3409 797 3462 et
825 3399 887 3462 boc
911 3402 1006 3465 certis
1036 3401 1238 3486 probationi-

127 3485 189 3546 bus
215 3485 417 3554 inveniatur;
455 3483 605 3544 dominus
638 3482 723 3546 servi
752 3482 904 3543 ancillam
931 3485 1032 3568 ipsam
1060 3505 1134 3544 cum
1164 3483 1238 3546 filiis

130 3567 191 3627 sibi
219 3559 410 3627 omnimodis
430 3565 616 3628 vindicabit.
657 3565 814 3628 Similiter
835 3573 869 3626 et
896 3566 936 3628 de
955 3565 1021 3627 illis
1041 3564 1239 3641 ordinamus,

130 3649 186 3728 qni
210 3669 305 3708 servo
332 3670 391 3710 sno
415 3647 566 3708 ancillam
589 3645 726 3713 alienam
748 3647 1001 3729 coniunxerint,
1023 3656 1059 3710 nt
1083 3647 1241 3710 conditio-

129 3731 183 3794 nis
210 3729 292 3792 haec
312 3731 416 3792 forma
440 3737 597 3793 servetur.

565 3839 624 3904 VI.
646 3853 794 3914 anricus.

164 3915 204 3978 St
226 3917 340 3983 mittier
363 3919 488 3980 absente
510 3921 578 3981 viro
608 3940 666 3980 suo
684 3921 781 3981 alium
808 3921 872 3986 sibi
893 3921 1040 3984 meritum
1060 3933 1208 3987 assuerat.

212 4000 311 4061 Nulla
329 4002 447 4063 mulier
477 4001 607 4064 absente
636 4000 708 4063 viro
739 4024 819 4081 suo,
850 4004 945 4066 alteri
966 4003 1034 4064 viro
1056 4025 1090 4064 se
1112 4024 1242 4085 praesn-

131 4089 197 4146 mat
217 4084 439 4168 coniungere,
482 4081 684 4164 usquedum
713 4084 753 4166 de
774 4086 846 4150 viro
867 4109 925 4150 suo
954 4085 1050 4148 certis
1072 4094 1244 4166 cognoscat

131 4164 280 4244 iudiciis,
310 4168 429 4234 sisere
451 4175 598 4232 mortuus
619 4164 737 4261 inerit,
775 4169 864 4254 qnod
892 4168 1040 4236 similiter
1062 4177 1093 4232 et
1115 4167 1173 4230 ille
1196 4167 1245 4227 iu-
