2648 4874
234 309 241 338 ³
271 310 375 367 unsre
393 304 687 370 nrsreoruonun
705 311 769 369 ιιι.
789 310 841 371 ιιι.
860 310 933 370 rtr.
949 312 975 370 ι.
1096 289 1173 368 469

64 443 145 527 runt,
180 448 217 519 id
239 461 352 540 postea
371 451 438 534 ipse
460 451 644 514 convollere
657 489 676 528 ,·
701 450 788 530 etin
810 449 889 513 iuris
910 450 960 518 sui
981 459 1172 538 potestatem

63 534 245 612 reducere,
262 535 366 594 libero
386 533 527 616 potietur
548 533 690 598 arbitrio.
735 534 769 598 si
792 544 898 596 autern
929 533 1100 596 iuramenti
1122 555 1172 598 re·

63 615 209 677 verentia
229 617 385 698 pavidus,
413 625 468 675 aut
491 625 527 676 nt
548 617 663 678 assolet
686 614 882 700 negligentia
904 615 1051 689 deditus,
1081 613 1171 698 quod

62 697 199 779 amplius
229 718 364 779 sponsae
392 698 543 770 dederat,
572 718 726 778 revocare
758 707 814 759 aut
840 718 996 760 evacuare
1028 698 1171 760 noluerit

61 781 112 842 vel
134 779 337 861 neqniverit,
360 801 424 841 uon
448 779 608 863 oportebit
630 779 726 842 unius
746 779 912 865 tepiditate
934 779 1043 842 multis
1065 779 1107 842 ad
1122 781 1172 840 lu·

37 890 40 896 ·
62 873 171 932 turum
191 862 309 923 damna
328 860 454 928 nutriri.
496 862 560 926 Sed
579 861 655 924 dum
672 864 780 943 sponsi
801 870 950 946 parentes
966 865 1022 926 vel.
1034 862 1171 946 propiu-

60 945 120 1026 ,qui
157 945 224 1006 tale
253 945 374 1004 iactum
404 943 612 1026 agnoverint,
649 945 800 1008 universa
836 965 936 1028 qnae,
970 945 1043 1028 plus
1073 966 1171 1026 quam

62 1049 158 1110 supra
178 1034 323 1086 taxatum
344 1035 409 1104 cst,
443 1047 577 1108 sponsae
609 1028 735 1087 conlata
755 1035 852 1104 sunt,
884 1047 942 1087 suo
965 1027 1028 1089 iuri
1050 1026 1169 1110 absque

61 1110 255 1190 cuiusquam
270 1108 469 1191 praeiudicio
482 1108 670 1190 perenniter
686 1109 906 1172 vindicabunt.
941 1109 1037 1170 Certe
1059 1109 1085 1170 si
1107 1109 1171 1175 iam

60 1193 111 1254 vir
131 1212 267 1252 uxorem
286 1191 425 1266 habens,
454 1199 611 1252 transacto
633 1191 758 1253 scilicet
779 1213 883 1266 anno,
913 1213 971 1274 pro
994 1191 1171 1254 dilectione

60 1277 114 1335 vel
136 1273 253 1334 merito
273 1273 453 1354 coniugalis
470 1273 637 1352 obsequii,
666 1273 695 1335 ei
720 1273 844 1357 aliquid
873 1273 993 1336 donare
1023 1273 1170 1358 elegerit,

60 1357 227 1420 licentiam
251 1355 478 1418 incunctanter
495 1353 634 1422 babebit.
675 1356 754 1420 Nam
773 1377 838 1418 non
865 1356 959 1418 aliter
983 1356 1066 1418 infra
1092 1356 1171 1418 anui

61 1439 223 1507 circulum
236 1437 368 1499 maritus
384 1437 418 1498 in
440 1457 593 1513 uxorem,
614 1432 672 1500 leu
688 1438 806 1500 mulier
823 1438 856 1498 in
875 1438 1024 1500 maritum
1037 1449 1171 1520 excepta

60 1522 154 1598 dote,
176 1529 214 1582 ut
234 1519 434 1617 praedictum
451 1528 516 1596 ert,
537 1520 633 1582 aliam
654 1519 863 1584 donationem
889 1520 1093 1584 conscribere
1110 1541 1170 1603 po·

58 1603 179 1680 tarint,
213 1602 275 1664 ursi
300 1602 421 1686 gravati
443 1601 627 1664 infirmitate
647 1601 829 1684 pericnlum
849 1600 910 1662 sibi
930 1603 1040 1664 mortis
1062 1601 1169 1662 immi-

59 1705 139 1748 nere
159 1685 394 1768 perspexerint.
435 1687 483 1746 De
499 1685 612 1746 ceteris
634 1705 713 1750 rero
730 1685 788 1766 qui
806 1683 949 1745 nubendi
967 1684 1169 1748 voluntatem

59 1767 252 1844 habuerint,
281 1766 402 1828 salubri
424 1766 520 1829 etiam
536 1767 698 1849 proposito
723 1766 961 1849 providendum
987 1765 1169 1828 decernen-

60 1851 204 1931 dumque
221 1847 419 1910 curarimus:
440 1850 549 1930 utqui
570 1849 603 1908 in
624 1849 720 1910 rebus
738 1848 886 1910 omatibus
902 1848 1013 1910 decem
1029 1847 1169 1908 millium

60 1933 239 1996 solidorum
255 1932 402 1992 dominus
420 1951 488 1993 esse
507 1931 702 2009 dinoscitur,
732 1931 772 1992 ad
790 1931 878 1992 mille
899 1929 1038 2007 solidos,
1057 1951 1166 1992 rerurn

60 2015 287 2076 universarum
306 2012 548 2094 contropatione
568 2012 692 2090 hahita,
714 2011 747 2072 in
769 2011 919 2074 nominee
936 2033 1070 2093 sponsae
1090 2034 1167 2082 suae

60 2097 170 2157 dotem
184 2095 374 2162 conscribat.
403 2095 464 2157 Cui
481 2105 587 2156 autern
604 2095 694 2159 mille
706 2095 882 2155 solidorum
892 2094 1026 2156 facultas
1039 2103 1103 2173 est,
1126 2095 1166 2159 de

60 2186 193 2242 centnm
210 2177 321 2238 solidis
339 2177 395 2238 tali
412 2177 613 2239 adaeratione
633 2178 739 2241 dotem
758 2177 900 2238 facturus
918 2183 980 2238 est:
1004 2176 1094 2238 etsie
1108 2175 1167 2242 istu

61 2260 248 2320 constitutio
257 2259 371 2321 dotalis
381 2258 468 2321 tituli
479 2260 519 2319 ab
533 2260 643 2331 ultirna
654 2279 757 2338 usquc
769 2260 810 2319 ad
823 2279 977 2318 summam
991 2258 1078 2318 omui
1092 2280 1168 2320 con-

59 2342 215 2403 troversia
228 2341 330 2424 sopita
343 2333 519 2426 perteniat.
560 2345 640 2402 Data
654 2351 687 2404 et
702 2338 976 2402 confirmatahaec
993 2340 1047 2401 lex
1061 2340 1165 2424 pridie

60 2423 138 2492 ldns
161 2423 326 2500 Ianuarii,
356 2425 455 2488 Auno
478 2423 621 2490 feliciter
643 2423 741 2490 tertio
762 2421 867 2508 Regni
890 2420 1013 2502 nostri,
1045 2423 1080 2486 in
1103 2421 1166 2489 Dei

61 2505 196 2572 nomine
211 2506 337 2569 Toleto.

492 2621 551 2690 Vl.
592 2644 738 2700 serious.

219 2733 260 2799 Ut
282 2732 388 2799 dotem
405 2737 530 2822 puellae
548 2751 642 2821 poter
660 2739 768 2817 exigat
787 2749 818 2798 et
837 2750 1010 2804 conservet.

141 2818 258 2892 Dotem
280 2819 410 2899 puellae
429 2819 579 2881 traditam
593 2818 856 2903 paterexigeudi
882 2821 934 2882 rel
955 2818 1166 2882 conservandi

61 2899 120 2981 ipsi
139 2901 268 2978 puellae
285 2901 400 2962 habeat
417 2911 615 2984 potestatem.
656 2901 794 2980 Quodsi
812 2911 903 2986 pater
920 2912 978 2964 ant
994 2912 1095 2964 mater
1108 2902 1167 2963 de-

61 2983 202 3061 fuerint,
233 2993 312 3045 tunc
338 2985 473 3062 fratres,
501 2985 555 3046 rel
580 2984 718 3067 proximi
739 2993 905 3066 parentes,
939 2983 1047 3056 dotem
1070 3006 1167 3068 quam

62 3065 283 3149 susceperint,
301 3065 364 3150 ipsi
381 3067 522 3130 consorti
540 3088 615 3130 suae
637 3065 677 3130 ad
694 3065 854 3151 integrans
871 3065 1051 3130 restituant,
1140 3065 1144 3073 ’

484 3211 556 3276 VII.
595 3221 746 3288 'arraona

66 3326 109 3389 Ut
126 3339 217 3412 patre
236 3339 360 3392 mortuo
369 3368 382 3403 ,
406 3329 567 3412 utriusque
584 3350 679 3390 sexus
688 3329 839 3411 filioram
856 3330 1034 3392 coniunctio
1051 3330 1085 3390 in
1102 3349 1166 3390 mo·

405 3411 464 3472 aas
484 3424 638 3495 potestate
660 3412 819 3474 consistat.

144 3491 238 3554 Patre
264 3500 414 3569 mortuo,
442 3493 612 3576 utriusque
631 3514 726 3555 sexus
755 3493 896 3555 liliorum
921 3490 1109 3553 coniunctio
1130 3489 1165 3553 in

60 3574 171 3635 matris
197 3585 354 3657 potestate
383 3575 542 3636 consistat.
591 3577 692 3637 Matre
722 3596 800 3637 rero
824 3585 968 3651 mortua,
998 3584 1055 3634 aut
1077 3574 1102 3633 si
1126 3574 1166 3634 ad

60 3655 139 3716 alias
172 3656 301 3739 nuptias
332 3658 415 3719 forte
445 3658 625 3734 transierit,
660 3659 774 3722 fratres
800 3657 921 3738 eligant
953 3655 1007 3717 cui
1036 3655 1165 3737 dignius

59 3758 143 3819 puer
163 3741 217 3800 rel
238 3739 348 3820 puella
369 3739 529 3822 iungatur.
578 3740 675 3817 Quod
696 3740 723 3800 si
745 3740 858 3800 fratres
880 3739 948 3800 cius
969 3738 1078 3798 aetatis
1100 3760 1165 3798 non

45 3820 199 3904 ,fuerint,
222 3832 260 3882 ut
276 3842 386 3884 eorum
400 3822 520 3884 iudicio
536 3822 651 3884 debeat
665 3843 835 3902 germanus
852 3831 907 3881 ant
923 3841 1071 3902 germana
1084 3841 1168 3880 corn·

57 3902 162 3979 mitti,
185 3913 266 3966 tnnc
293 3915 425 3984 patruus
448 3905 487 3966 de
506 3905 736 3966 coniunctione
764 3925 884 3964 eorum·
898 3903 1012 3962 babeat
1027 3912 1167 3982 potesta-

58 3995 133 4051 tem.
171 3988 269 4048 Certe
289 3985 315 4047 si
332 4009 499 4069 germanus
512 3988 573 4046 iarn
588 3980 821 4048 adolescentiae
841 3985 956 4045 habeat
968 3992 1112 4059 aetatem,
1135 3994 1168 4043 et

57 4071 281 4155 proximorum
297 4070 404 4133 renuit
415 4070 684 4142 sollicitudinem,
706 4067 806 4130 sitilli
824 4076 960 4146 potestas
974 4067 1168 4148 condignam

58 4151 115 4212 sibi
138 4149 383 4232 coniunctionis
410 4173 573 4233 quaerere
593 4153 749 4233 copulam.
804 4153 851 4210 De
881 4151 991 4233 puella
1012 4169 1109 4225 vero,
1141 4148 1168 4208 si

58 4235 96 4298 ad
116 4234 320 4322 petitionem,
339 4234 455 4321 ipsius,
490 4236 517 4306 is
540 4235 596 4320 qui
620 4231 779 4297 natalibus
800 4233 868 4296 cius
885 4232 1012 4306 ridetur
1025 4230 1169 4316 aequalis
1272 4299 1277 4305 ,
