2640 4838
261 255 380 318 ,neers
400 251 695 310 wtsiooruosuu
716 253 781 308 mn.
801 253 865 310 xu.
885 257 956 308 ur.
977 257 1030 308 111.
1146 236 1223 343 ’659

109 397 236 484 flagella
258 390 449 457 decalvandi
470 391 666 473 suscipiant,
695 399 728 452 et
749 391 955 456 medietatem
976 394 1024 456 rei
1048 399 1223 479 snaefipcp

108 480 292 546 sociandam
313 477 468 540 amittant.
535 475 619 536 Sane
642 474 669 536 si
690 473 886 558 Episcopus,
924 477 976 540 vel
1007 480 1224 568 quistinam

108 561 328 628 sacerdotibus
349 559 401 622 vel
435 556 607 634 ministris,
637 555 766 618 clericis
791 579 921 641 quoqne
951 559 1004 623 vel
1023 563 1223 663 ,mgnagpjffi'

109 643 421 716 administrationem
451 639 685 714 ecclesiasticae
716 639 765 701 rei
797 641 862 702 illis
897 663 993 724 supra
1023 644 1224 725 Christiappp
1265 674 1268 683 r

108 729 303 812 explendam
336 720 743 817 iniunxerintzquaatum
782 721 816 783 id
844 723 949 804 ipsum
983 726 1103 807 fuerit,
1134 731 1225 809 quod

109 810 337 895 imperandum
358 806 404 868 eis
426 813 668 886 praeceperint,
702 813 829 884 tantum
851 808 891 871 de
920 805 1014 886 bonis
1043 795 1225 894 propritim

109 897 152 960 tis
172 915 248 956 suae
271 892 346 956 fiseo
368 897 479 948 nostro
500 883 727 968 adplicandum
747 889 902 956 amittant.
962 892 1058 971 Quod
1074 893 1115 970 ai,
1128 878 1225 974 relpns

111 977 292 1060 expoliatus
310 969 476 1046 extiterit,
499 969 598 1054 exilio
619 969 817 1032 subiacebit:
849 993 914 1054 quo
945 971 1066 1045 diutius
1089 973 1225 1058 detritus

109 1057 331 1144 poeniteutiae
352 1051 502 1130 damnis„
523 1052 624 1116 discat
644 1074 741 1136 quam
761 1053 801 1116 sit
822 1053 977 1140 impium,
1009 1055 1227 1137 iufidqsftsle·

111 1144 197 1208 libus
218 1156 417 1226 praeponere
440 1133 641 1198 Christianis.
730 1199 731 1202 ,

372 1279 450 1350 XX.
505 1306 567 1366 ras.
604 1306 670 1346 ons.
707 1305 852 1348 saviatus
891 1309 960 1350 nex.
1069 1334 1071 1339 .
1167 1277 1170 1285 ¹

116 1399 160 1463 Ut
188 1399 326 1462 Iudaeas
349 1418 393 1460 ex
418 1398 491 1460 aliis
514 1399 687 1482 provinciis
708 1400 757 1458 vel
786 1402 957 1462 territoriis
981 1400 1028 1462 ad
1050 1406 1225 1483 rogatiano

152 1485 198 1544 tri
226 1484 381 1542 ditionem
407 1481 638 1566 pertinentibus
665 1484 816 1552 vem'ens,
850 1483 1011 1568 Episcopo
1043 1485 1106 1549 loci
1138 1489 1208 1551 vol.u

187 1563 350 1628 sacerdoti
364 1583 402 1624 se
422 1575 625 1648 praesentare
645 1584 709 1624 non
729 1562 883 1644 differam
915 1569 962 1630 vel
984 1568 1144 1652 quidquid

359 1647 432 1708 basio
456 1648 491 1706 in
515 1658 581 1706 toto
607 1645 776 1707 observare
799 1650 976 1709 conveniat.
1124 1680 1177 1724 as„
1201 1706 1203 1712 .

193 1727 229 1790 Si
251 1729 324 1811 quis
345 1729 540 1790 ludaeorum
570 1727 610 1788 de
632 1728 694 1787 alia
715 1728 845 1789 civitate
869 1731 918 1790 vel
951 1731 1120 1814 provincia
1150 1753 1227 1793 nos·

111 1824 181 1876 trae
209 1812 331 1894 gloriae
362 1810 519 1872 oriundas
547 1809 696 1893 quolibet
723 1811 795 1872 loco
823 1815 1032 1893 successerit,
1064 1814 1226 1900 Episcopo

111 1894 165 1960 rel
187 1893 363 1970 sacerdoti,
395 1893 463 1956 sire
496 1893 595 1954 iudici
618 1893 683 1954 loci
711 1892 812 1974 ipsius
840 1915 875 1955 se
902 1896 993 1956 illico
1021 1909 1225 1983 praeseptarp

112 1975 260 2042 debebit:
292 1999 352 2042 nee
373 1998 391 2036 a
411 1975 585 2038 sacerdotes
599 1976 657 2036 illo
680 1977 801 2036 tamdiu
820 1987 868 2037 est
888 1970 1226 2062 recessurus,''qdaln'·
1301 2051 1305 2059 Ι

112 2061 170 2122 diu
189 2060 336 2136 sabbata,
364 2058 511 2140 ritusque
542 2069 666 2120 ceteros
687 2069 782 2140 atque
814 2061 1028 2154 festivitates,
1066 2084 1149 2146 quae
1175 2064 1227 2124 illi

113 2165 132 2206 e
163 2143 285 2204 vicinio
311 2151 445 2224 possunt
466 2162 655 2218 occurrere,
695 2141 967 2204 incontaminatus
996 2141 1147 2206 videatur
1174 2169 1226 2206 sa-

112 2225 270 2288 cerdotali
297 2223 479 2285 testimonio
502 2224 707 2306 transegisse:
738 2245 778 2284 ne
806 2226 883 2286 d'um
913 2226 1011 2287 variis
1039 2227 1105 2288 huc
1122 2220 1227 2288 ‘'illuc-

112 2329 177 2392 que
199 2328 258 2390 per
278 2308 351 2368 loco
373 2306 520 2368 cursibus
541 2317 762 2391 promovetur,
797 2309 913 2369 erroris
934 2309 984 2368 sui
1005 2290 1168 2395 reppe‘li'at
1191 2307 1225 2385 ἰὴ
1274 2341 1276 2345 ·

113 2411 310 2474 quocunque
339 2391 518 2454 latibulum.
590 2389 630 2450 ln
659 2389 861 2472 ipsis‘tamen
885 2390 1015 2469 diebus,
1047 2380 1226 2481 inquilini

112 2495 168 2536 eos
188 2473 335 2556 quolibet
356 2474 429 2534 loco
450 2471 605 2534 remorari
627 2472 815 2554 contigerit,
846 2473 1128 2536 conversationem
1150 2469 1226 2544 curn

111 2554 304 2620 Christianis
332 2554 562 2638 probatissimis
586 2554 728 2615 babituri
749 2566 837 2618 sunt:
871 2557 1013 2640 qualiter
1051 2547 1125 2624 cum'
1160 2551 1228 2621 illis

111 2648 145 2701 et
175 2638 263 2700 cibos
283 2660 425 2716 sumere,
449 2647 481 2698 et
508 2636 785 2721 participationem
807 2638 1044 2702 communionis
1065 2633 1227 2728 Cllllstiass

1191 2725 1197 2747 Β

1 2764 3 2769 ,
111 2742 174 2782 nae
199 2720 370 2784 videantur
389 2717 519 2782 babere.
583 2721 784 2781 Concursum
807 2730 913 2783 tamen
936 2721 969 2781 in
994 2723 1070 2806 ipsis
1091 2713 1205 2829 diebdp

111 2824 191 2886 qnos
222 2803 304 2866 ritas
330 2802 381 2866 sui
409 2824 498 2863 more
532 2803 579 2863 uti
614 2803 700 2864 soliti
734 2815 824 2883 sunt,
863 2805 903 2866 ad
946 2797 1153 2886 Ecclesiam,
1180 2771 1225 2868 'ad

110 2885 285 2968 Episcopos
315 2887 369 2947 rel
404 2885 585 2952 sacerdotes
613 2883 800 2964 habebunt,
831 2887 971 2970 qualiter
1000 2885 1112 2967 eornm
1142 2898 1224 2950 sem·

109 2990 171 3052 per
198 2969 391 3030 salutaribus
418 2969 549 3030 monitis
583 2967 793 3036 instruantur,
849 2968 947 3050 Quod
968 2971 995 3032 si
1016 2965 1224 3070 fortepld'cj'ss'

109 3061 218 3113 torum
248 3051 455 3112 innodatione
487 3073 520 3113 se
543 3072 609 3112 esse
632 3061 774 3112 asserant
803 3052 970 3136 inligatos,
1009 3053 1061 3115 vel
1088 3049 1224 3114 cuiusli-

109 3134 165 3194 bet
191 3132 389 3196 inevitabilis
411 3129 788 3196 necessitudinis'caussa
819 3135 1026 3212 constrictos,
1056 3149 1121 3218 quo
1149 3134 1222 3221 illo's'

111 3238 177 3278 non
194 3216 291 3277 liceat
302 3215 428 3277 diutine
441 3215 618 3277 immorari:
642 3225 720 3276 tunc
738 3238 845 3278 coram
859 3217 1021 3280 sacerdote
1036 3197 1222 3302 locl'i'p'sin's,
1250 3271 1261 3282 ,

110 3300 259 3380 adquem
276 3309 492 3376 accesserant,
515 3297 666 3376 relaxati,
689 3297 799 3382 placiti
823 3301 872 3362 sui
894 3293 1223 3387 cautionem'promlt-

109 3391 196 3460 tant,
229 3390 265 3441 ut
290 3382 347 3442 nbi
378 3391 585 3443 occurrentes
611 3402 670 3463 per
699 3381 783 3442 viam
806 3383 994 3444 festivitates
1018 3381 1076 3444 rel'
1094 3373 1222 3443 sabbata

109 3465 190 3538 ritas
212 3463 282 3542 sui,
310 3464 387 3526 sine·
404 3463 589 3526 testimonio
615 3463 805 3524 sacerdotali
834 3487 899 3524 non
923 3475 1095 3528 transeant.
1150 3469 1221 3547 lpse

110 3559 241 3628 quoque
268 3546 415 3608 sacerdos
438 3547 501 3607 loci
523 3546 671 3630 epistolas
693 3568 791 3606 manu
811 3570 867 3608 sua
887 3547 1080 3629 subscriptas
1101 3547 1222 3608 eisdem

110 3629 345 3706 sacerdotibus,
366 3650 425 3711 per
444 3651 526 3711 qnos
551 3651 584 3690 se
609 3628 749 3690 Iudaeus
772 3629 917 3710 quisquis
938 3631 995 3690 ille
1011 3629 1223 3698 transiturum

110 3710 247 3789 dixerit,
289 3712 481 3779 destinabit:
513 3719 552 3772 ut
582 3720 712 3772 evocata
739 3712 827 3771 omni
856 3712 980 3772 fraudis
1014 3711 1222 3795 suspicione,

108 3803 173 3854 tarn
198 3802 337 3872 stantes,
364 3815 461 3876 quam
478 3803 688 3878 properantes
707 3814 761 3854 eos
782 3793 941 3856 districtiu
962 3793 1111 3876 religiosa
1133 3806 1224 3856 coer-

106 3887 189 3942 neat.¹
230 3877 265 3938 si
289 3897 387 3958 quem
412 3887 520 3939 autem
541 3897 653 3938 eorum
680 3876 774 3937 aliter
797 3878 896 3960 egisse
920 3877 1111 3958 eontigerit,
1142 3886 1221 3936 tunc

107 3958 269 4041 Episcopo
307 3960 379 4021 loci·
400 3959 498 4043 ipsius
520 3959 574 4022 vel
604 3958 786 4038 sacerdoti,
824 3981 888 4020 nna
919 3960 1133 4029 comitantiae*
1161 3981 1222 4041 po-

108 4048 205 4103 testas
233 4041 395 4104 tribuatur
427 4041 573 4104 centenis
606 4063 660 4104 eos
690 4042 860 4103 verberare
886 4041 1033 4125 flagellis.
1074 4041 1221 4109 sensata

108 4129 159 4182 ter
188 4144 241 4184 eos
267 4125 308 4185 ad
334 4125 465 4207 propria
486 4125 594 4186 redire
622 4123 853 4207 permittimus,
890 4125 951 4187 nisi
982 4147 1055 4186 oum
1077 4124 1220 4206 epistolis

108 4203 343 4292 Episcoporum
371 4209 424 4271 vel
443 4207 670 4286 {sacerdotum
703 4207 737 4268 in
763 4230 903 4292 quorum
931 4208 1131 4274 territorium
1159 4205 1219 4275 riri

376 4319 379 4326 ⁴
416 4316 419 4322 ¹
460 4321 463 4329 ’
891 4333 894 4340 ’
990 4338 993 4351 ·
1032 4321 1140 4374 ἐἵιῖἰᾞ
1164 4306 1207 4362 ‚id
