2684 4868
198 347 203 360 .
273 301 382 362 naurs
405 277 792 416 waucorpoatin'nn.
811 305 1017 368 r.r1r.rn.
1062 262 1068 274 ¹
1135 293 1210 370 tta

90 443 154 526 rit,
184 450 221 510 et
245 443 307 508 snb
327 463 368 510 eo
395 444 521 530 aliquid
547 444 935 530 adqdisiarit‚·mcdietas
956 447 1135 533 adquisitae
1162 456 1217 522 mi·

89 531 135 592 ad
156 528 425 593 manumissorem
448 539 629 592 concurrat.
671 529 745 591 Alia
764 549 841 592 vero
854 531 1010 594 medietas
1031 535 1073 598 ad
1093 554 1211 600 mann-

91 611 183 676 missi
203 612 380 696 proximos,
392 611 458 676 sive
480 612 563 675 servi
578 611 725 676 sintriae
743 613 850 693 liberi,
872 615 942 676 sine
960 616 1060 679 dubio
1074 632 1213 683 resena·

92 707 158 773 tur,
175 695 231 757 rel
249 695 283 756 in
299 715 398 778 quem
412 694 648 758 volueritbanc
664 697 871 764 medietatem
889 700 1081 762 conterendi
1096 703 1214 766 habeat

93 786 297 864 potestatem.
340 777 428 840 lllud
447 799 525 840 aero
547 779 637 860 quod
659 777 689 840 ei
709 781 927 842 manumissor
954 782 1139 864 donaverit,
1175 786 1209 848 in

93 860 225 948 patroni
256 869 414 946 potestate
435 870 631 945 permaneat.
681 861 804 925 Similis
825 873 858 926 et
880 865 965 925 circa
986 867 1122 930 ancillas
1144 891 1213 930 ma-

95 944 255 1007 numissus
276 945 379 1006 forma
401 953 554 1006 servetur.
595 945 665 1006 Hoc
688 952 813 1006 tantum
835 947 954 1009 iustitia
976 950 1132 1013 suadente
1154 952 1213 1014 ad-

95 1027 248 1106 imimus,
276 1035 312 1089 nt
338 1025 450 1088 nullus
480 1025 615 1089 libertus
644 1025 710 1090 sire
740 1028 871 1107 liberta,
901 1051 918 1090 a
949 1030 1081 1095 domino
1109 1036 1162 1096 vel
1195 1057 1213 1096 a

92 1111 228 1175 domina
249 1129 306 1171 sna
327 1110 477 1172 libertate
497 1117 667 1194 percepta,
689 1113 938 1175 manumissores
958 1135 1034 1178 suos
1054 1117 1132 1179 dnm
1153 1118 1213 1180 ad-

93 1193 239 1259 vixerint
259 1192 497 1277 derelinqnant.
540 1194 638 1273 Quod
666 1194 692 1255 si
720 1196 828 1256 facere
856 1200 1151 1281 praesumpserint,
1180 1209 1214 1262 et

93 1297 285 1376 remquam
304 1285 521 1360 perceperunt
541 1274 703 1355 amittant,
725 1289 758 1340 et
778 1279 820 1340 ad
840 1280 965 1342 domini
985 1281 1039 1346 vel
1060 1283 1211 1348 dominae

94 1381 172 1426 snae
193 1357 291 1424 auriti
309 1361 510 1429 reducantur
530 1360 704 1448 obsequia.

426 1473 513 1543 XIV.
575 1495 638 1542 ras.
681 1497 768 1538 cans.
808 1497 879 1543 nux.

115 1590 167 1655 De
189 1587 425 1656 conditionibus
453 1611 475 1653 a
502 1591 728 1652 manumissore
759 1593 794 1652 in
822 1591 982 1676 scriptura
1008 1596 1194 1657 manumissi

552 1673 750 1735 conseritis.

178 1754 244 1836 Qui
271 1753 468 1842 mancipium
497 1777 591 1818 suum
620 1697 897 1840 perpscripturam
926 1756 1064 1820 liberum
1083 1758 1209 1823 faciens

96 1839 302 1903 constituerit
329 1839 463 1900 fortasse
493 1859 559 1902 non
594 1838 692 1900 licere
720 1837 763 1908 ei¹
781 1840 820 1900 de
842 1839 973 1921 peculio
1003 1863 1061 1904 suo
1088 1841 1213 1926 aliquid

95 1923 259 1995 iudicare;
287 1921 313 1983 si
344 1922 423 2004 qnid
445 1921 563 1984 exinde
594 1916 728 1983 libertas
760 1922 912 1982 libertavc
945 1923 997 1984 vel
1031 1921 1212 1989 distraxerit

95 2017 152 2068 aut
173 2003 349 2083 donaverit,
372 2002 475 2068 modis
497 2001 646 2064 omnibus
668 2005 843 2065 invalidum
864 2003 945 2066 erit:
968 2016 1121 2090 patronus
1141 2007 1212 2072 eius

96 2090 233 2168 scilicet,
254 2097 310 2149 aut
330 2087 456 2172 patroni
477 2085 549 2158 lilii,
567 2086 674 2147 omnia
696 2087 756 2148 sihi
778 2087 967 2148 vindicaturi
991 2097 1075 2150 sunt.
1117 2091 1212 2153 Certe

97 2173 124 2234 si
145 2173 237 2234 nulla
256 2170 330 2232 talis
352 2169 496 2232 conditio
517 2169 744 2246 intercesserit,
766 2168 902 2232 liberum
925 2169 986 2232 erit
1008 2169 1069 2250 illi,
1091 2172 1146 2256 qui
1169 2176 1213 2236 li-

97 2255 157 2318 ber
176 2263 226 2317 est
246 2253 401 2330 redditus,
424 2253 463 2315 de
484 2251 615 2335 peculio
642 2273 700 2313 suo
720 2255 826 2313 facere
849 2253 937 2333 quod
958 2253 1106 2316 voluerit.
1146 2258 1213 2318 Aut

99 2335 223 2400 etiamsi
246 2336 448 2398 inordinatus
467 2333 607 2396 moriens
629 2335 714 2396 filios
736 2333 896 2418 legitimos
924 2357 988 2398 non
1018 2335 1211 2420 reliquerit,

97 2421 151 2482 vel
171 2420 268 2481 aliam
289 2440 516 2502 quamcunque
546 2417 769 2480 conditionem
791 2418 941 2480 dominus
963 2418 1032 2482 eius
1053 2441 1113 2502 per
1132 2444 1211 2484 ean-

59 2573 62 2578 *
97 2503 173 2565 dem
194 2503 352 2565 libertatis
374 2502 563 2586 scripturam
593 2521 658 2564 non
681 2501 873 2578 instituerit,
905 2501 947 2563 ad
967 2510 1137 2584 patronum
1158 2515 1214 2567 aut

98 2586 141 2646 ad
160 2585 289 2674 patroni
309 2585 398 2648 filios
424 2583 575 2650 universa
594 2605 649 2648 res
670 2583 740 2646 eius
760 2584 802 2646 ad
822 2585 984 2669 integrum
1004 2587 1189 2671 pertinebit.

386 2698 461 2765 XV.
512 2722 577 2765 aas.
616 2721 682 2764 cas.
723 2721 809 2766 cuns.
850 2699 919 2769 nux.

318 2817 368 2880 De
391 2817 589 2880 libertatibus
612 2837 777 2881 servorum
783 2815 961 2902 fiscalium.

181 2895 214 2962 Si
235 2921 285 2964 res
306 2901 454 2984 ambigua
466 2921 667 2984 nequaquam
684 2910 878 2979 occurreret,
895 2902 985 2964 nulla
996 2903 1110 2969 futuris
1125 2916 1206 2970 tem·

122 2983 228 3047 oribus
250 2984 356 3067 legem
379 2983 475 3046 dandi
504 2983 677 3046 necessitas
699 2982 892 3047 immineret.
934 2987 1018 3065 Quia
1046 3008 1122 3072 ergo
1150 2991 1209 3052 sub
1304 3041 1307 3051 .

97 3005 255 3130 libertatis
283 3071 428 3145 obtentu,
459 3065 617 3129 fiscalium
651 3088 745 3150 saepe
780 3063 986 3152 subreptione
1020 3091 1206 3149 servorum,

99 3151 167 3211 fisci
187 3151 273 3212 vires
300 3159 524 3228 attenuantur,
560 3169 626 3210 non
659 3149 839 3212 invidemus
869 3151 951 3213 bene
980 3152 1117 3232 meritis,
1151 3155 1208 3216 sed

100 3234 263 3294 obviamus
284 3233 507 3296 fraudulenter
527 3231 679 3294 incautis:
720 3241 896 3295 statuentes
925 3231 1050 3296 scilicet
1077 3245 1113 3295 ut
1139 3257 1205 3296 non

96 3315 191 3379 aliter
212 3318 366 3402 deinceps
395 3316 512 3379 collata
533 3336 626 3378 servo
647 3316 717 3378 fisci
749 3317 879 3379 libertas
900 3315 1063 3380 ullatenus
1085 3319 1210 3398 valcat,

96 3399 160 3462 nisi
179 3399 287 3484 regiae
308 3422 422 3464 manus
440 3398 539 3463 fuerit
560 3399 633 3462 s'tilo
655 3399 842 3490 subscripta.

509 3513 595 3579 XVI.
657 3533 805 3589 anricus.

280 3596 480 3660 vDelibertis
500 3609 532 3658 et
549 3598 643 3660 rebus
654 3597 822 3682 fiscalium
842 3617 1018 3661 seruorum.

182 3679 288 3743 Servis
310 3679 426 3742 nostris
446 3677 516 3741 sinc
528 3679 686 3764 permissu
707 3688 817 3740 nostro
838 3680 1019 3744 libertatem
1038 3680 1210 3766 mancipiis

95 3765 162 3827 suis
194 3764 270 3825 dare
292 3785 358 3826 nou
380 3762 533 3825 sinimus:
556 3761 691 3847 quodsi
713 3761 874 3840 dederint,
897 3764 1026 3826 libertas
1047 3765 1120 3826 data
1141 3785 1207 3826 non

94 3850 211 3910 valeat.
252 3847 318 3910 Sed
337 3847 419 3908 haec
448 3846 671 3908 tantummodo
698 3843 831 3908 libertas
857 3847 973 3908 habeat
1002 3847 1208 3926 limitatam,

94 3953 179 4012 quae
202 3951 243 3991 ex
266 3939 374 3992 nostra
395 3928 624 4012 praeceptione
655 3927 852 3991 conceditur.
894 3930 1001 3992 Simili
1021 3930 1209 3991 modoser-

92 4014 143 4076 vis
166 4013 285 4075 nostris
305 4012 464 4096 mancipia
486 4033 543 4074 sua
565 4020 620 4073 aut
650 4019 747 4074 terras
769 4013 810 4074 ad
831 4014 951 4078 liberos
972 4012 1120 4074 homines
1142 4032 1210 4074 non

94 4097 194 4158 liccat
221 4097 410 4158 venditione
437 4095 627 4174 transferre,
664 4095 728 4156 nisi
755 4098 978 4160 tantummodo
1005 4095 1081 4156 aliis
1109 4096 1210 4156 sorvis

95 4173 219 4241 nostris
239 4179 404 4241 vendendi
425 4180 563 4239 habeant
592 4187 793 4261 potestatem.
836 4181 933 4259 Quod
964 4180 989 4241 si
1016 4190 1115 4240 terras
1145 4179 1210 4239 sive

95 4263 260 4345 nancipia
283 4261 429 4324 ecelesiis
449 4262 515 4324 sivo
538 4261 731 4345 pauperibus
745 4263 873 4325 ¹donare
896 4262 1212 4342 solemmacensis.)
