2648 4874
139 272 217 352 tet
348 289 457 353 mom
473 287 766 351 wasmoraoaon
790 288 856 356 ma.
874 291 912 349 n.
930 289 1002 351 ur.
1020 292 1044 348 ι.

487 429 570 501 xlx.
613 453 676 497 aas.
707 452 798 504 cans.
830 452 907 498 aar.⁵

138 553 177 617 Si
193 549 297 615 iudea
314 546 565 632 interpellantem
584 544 697 610 andire
714 559 934 632 contempnat,
959 548 1017 612 nel
1036 559 1142 616 mmm
1149 548 1251 640 smn-

321 631 485 710 dnlcntcr,
510 651 552 693 nae
571 632 753 711 ignoscuntur
765 630 920 709 indicium
933 644 1071 718 promat.

218 715 254 780 si
275 715 349 800 quia
368 714 474 776 'iudici
499 735 560 798 pro
587 713 770 776 adversario
796 734 857 776 sao
888 715 1054 798 querelam
1077 714 1248 800 intulerit,

129 813 169 866 et
189 801 257 886 ipso
277 819 352 862 eum
367 796 480 859 audire
497 796 638 862 uoluerit
648 837 659 875 ,
681 804 736 858 aut
751 794 896 880 sigillum
912 799 1099 882 negaverit,
1121 810 1177 862 aut
1189 823 1253 886 per«

134 886 277 948 diversas
300 880 484 942 occasiones
503 899 646 942 caussam
665 877 736 942 eius
752 881 967 963 protraxerit,
988 903 1048 965 pro
1064 883 1248 966 patrocinio

133 977 189 1030 aut
215 963 357 1026 amicitia
383 961 498 1025 nolens
524 961 650 1045 legibus
674 961 915 1045 obtemperare,
950 973 983 1027 et
1002 963 1071 1050 ipse
1089 964 1147 1049 qui
1165 966 1248 1052 petit

131 1050 195 1112 boo
213 1047 348 1110 testibus
373 1044 518 1130 potuerit
541 1043 738 1128 approbare,
759 1044 814 1106 det
834 1045 892 1109 ille
906 1044 1007 1109 iudex
1025 1046 1057 1110 ei
1075 1070 1176 1132 quem
1192 1072 1247 1112 au·

132 1133 203 1196 dire
223 1129 349 1207 noluit,
377 1148 437 1212 pro
461 1125 650 1209 fatigatione
677 1126 746 1188 eius
770 1135 897 1190 tantum
923 1137 1083 1212 quantum
1110 1131 1179 1214 ipse
1206 1131 1246 1195 ab

131 1211 316 1279 &versario
335 1231 394 1272 ano
412 1211 592 1272 secundnm
608 1208 713 1292 legale
734 1207 893 1273 iudicium
908 1212 1015 1276 fuerat
1036 1223 1246 1297 acceptarunt

131 1307 166 1360 et
180 1297 282 1381 ipsam
295 1313 438 1356 caussam
453 1293 511 1355 ille
528 1291 587 1375 qui
599 1292 692 1376 petit,
713 1312 817 1376 usque
830 1293 871 1356 ad
883 1304 1010 1379 tempus
1025 1293 1153 1380 legibus
1167 1319 1244 1359 con·

131 1380 295 1454 stitutum,
317 1376 361 1436 ita
382 1375 499 1437 habeat
516 1383 727 1454 reservatam,
748 1383 784 1436 ut
800 1395 875 1440 cum
891 1399 962 1442 eam
979 1397 1163 1462 proponere
1183 1402 1245 1442 vo.

132 1462 250 1537 luerit,
271 1458 414 1521 debitam
431 1457 493 1522 sibi
516 1456 675 1542 percipiat
692 1457 868 1522 veritatem.
923 1461 1021 1523 Certe
1046 1459 1073 1524 si
1093 1461 1243 1526 fraudem

16 1589 19 1598 ·
130 1556 186 1607 aut
205 1543 394 1606 dilationem
406 1539 523 1602 iudicia
541 1560 606 1602 nou
619 1539 763 1623 potuerit
777 1541 898 1623 petitor
914 1543 1113 1626 approbare,
1136 1567 1243 1608 sacra-

129 1637 240 1690 mento
256 1644 347 1686 suam
363 1619 592 1686 conscientiam
608 1621 707 1684 index
723 1623 853 1707 expiet,
875 1624 1051 1708 quodcum
1070 1627 1164 1689 nullo
1180 1649 1243 1688 ma-

129 1707 287 1794 lignitatis
313 1707 467 1784 obtentu,
496 1705 550 1768 vel
572 1705 721 1788 quolibet
737 1707 867 1785 favore,
898 1708 952 1770 vel
970 1707 1110 1772 amicitia
1129 1711 1242 1772 andire

129 1791 310 1870 distulerit,
341 1800 374 1852 et
394 1798 527 1872 propter
546 1787 610 1849 boc
626 1787 798 1871 culpabilis
815 1784 903 1851 idem
928 1789 1029 1853 iudex
1052 1793 1241 1855 nullatenus

128 1876 295 1940 habeatur.
335 1872 452 1935 Eidem
462 1882 568 1932 tamen
587 1870 689 1932 iudici
706 1870 823 1950 liceat,
845 1880 882 1934 ut
899 1872 934 1934 in
953 1873 1241 1954 unabebdomada,

129 1960 253 2021 duobus
273 1955 406 2034 diebus,
427 1955 483 2018 vel
510 1952 659 2016 omnibns
685 1951 873 2016 meridianis
898 1953 1007 2032 horis,
1033 1957 1060 2019 si
1082 1955 1240 2037 voluerit,

128 2043 455 2124 abeqneeaossarum
479 2036 664 2114 audientia,
689 2056 766 2098 suae
789 2046 885 2100 vacet
902 2036 1013 2099 domui
1035 2061 1094 2122 pro
1119 2039 1241 2123 quiete.

128 2125 269 2208 Reliqno
284 2143 363 2186 vero
378 2130 542 2203 tempore,
562 2118 688 2201 prolata
707 2115 769 2180 sibi
791 2118 922 2205 negotia
940 2119 1097 2206 frequens
1118 2133 1152 2187 et
1171 2123 1239 2186 abs·

130 2229 194 2291 qne
213 2204 368 2270 dilatione
386 2201 533 2286 qnalibet
553 2199 726 2269 examinet.

405 2313 484 2381 XX.
524 2332 630 2383 novar.
663 2332 780 2379 aaran.
809 2337 960 2396 arraona.

132 2435 168 2500 st
182 2432 283 2498 index
298 2428 569 2518 percommodum
583 2437 638 2492 ant
645 2450 706 2515 per
722 2429 933 2508 ignorantiam
948 2434 1067 2500 inidicct
1085 2458 1236 2504 censeam.

208 2517 315 2580 ludex
336 2515 363 2578 si
384 2536 443 2597 per
463 2512 634 2596 quodlibet
654 2514 858 2576 commodum
877 2518 961 2580 male
976 2519 1183 2598 iudicaverit,
1204 2531 1238 2586 et

128 2599 313 2682 cuicunque
335 2597 418 2659 inste
439 2596 617 2680 quidquam
646 2595 766 2657 auferri
796 2601 1014 2683 praeceperim
1044 2603 1102 2665 ille
1129 2605 1188 2688 qui
1217 2627 1235 2668 a

129 2683 237 2746 iudice
259 2682 445 2756 ordinatus,
479 2678 520 2740 ad
541 2678 721 2740 tollendum
742 2680 848 2742 luerat
868 2682 1063 2764 destinatus,
1092 2707 1235 2768 eaquae

127 2766 204 2829 tulit
224 2765 380 2828 restituat.
420 2763 500 2824 Nam
527 2759 595 2844 ipse
616 2760 716 2822 iudex
736 2763 917 2826 contrarius
937 2768 1115 2849 aequitati,
1143 2770 1236 2834 aliud

16 2919 30 2932 'k
73 2840 90 2876 ‘'
129 2859 254 2910 tantum
275 2849 315 2909 de
342 2867 423 2924 suo,
457 2853 615 2927 quantum
643 2842 749 2905 afferri
771 2844 928 2924 iusserat,
961 2870 1038 2912 mox
1059 2854 1233 2915 reformate

128 2932 166 3002 id
176 2931 353 2994 establatae
367 2929 415 2991 rei
429 2926 542 3009 simpla
556 2923 829 3009 redintegratione
838 2937 1001 3010 concessa,
1022 2954 1081 3017 pro
1094 2935 1236 2998 satisfac.

127 3016 217 3077 tione
243 3035 320 3076 suae
345 3009 532 3074 temeritatis
556 3007 646 3070 aliud
664 3017 807 3088 tautum,
828 3020 986 3093 quantum
1005 3017 1126 3078 auferri
1142 3038 1234 3102 prae.

126 3105 277 3180 ceperat,
304 3097 345 3156 de
372 3115 430 3156 sna
453 3091 624 3168 facultate,
654 3090 704 3152 illi
728 3110 826 3176 quem
850 3093 971 3157 iniuste
994 3096 1235 3184 dampnaverat,

119 3178 250 3244 reddat.
309 3177 407 3257 Quod
433 3175 461 3238 si
483 3196 553 3235 non
581 3173 731 3241 babuerit
758 3176 845 3238 undo
870 3191 1057 3262 componat,
1091 3185 1233 3257 (tantum

124 3272 282 3347 quantum
299 3257 430 3322 abstulit
445 3257 559 3320 saltem
574 3257 627 3319 vel
642 3256 782 3341 idipsum
801 3279 842 3320 ex
863 3267 930 3322 toto
945 3265 1035 3344 qnod
1052 3263 1171 3327 hahere
1186 3265 1232 3327 vi.

125 3349 237 3423 detur,
260 3342 311 3405 illi
329 3363 426 3426 quem
447 3340 676 3423 dampnaverat
696 3361 756 3422 pro
779 3339 867 3401 omni
885 3345 1118 3429 compositione
1138 3347 1230 3410 resti.

122 3438 201 3495 tuat.
245 3425 341 3508 Quod
360 3424 385 3488 si
402 3445 441 3485 ex
458 3422 606 3485 omnibus
627 3420 710 3484 nihil
727 3443 835 3484 rernm
853 3422 1020 3507 hebuerit,
1042 3429 1129 3491 unda
1145 3451 1231 3491 com.

122 3511 317 3596 positionem
336 3506 498 3583 exsolvat,
520 3508 555 3566 L.
577 3504 606 3582 l)
637 3504 770 3588 flagella
797 3504 928 3587 publice
956 3520 1107 3574 extensae
1125 3511 1230 3575 susci.

122 3594 199 3678 piat.
241 3592 275 3654 Si
296 3600 402 3652 antem
422 3608 482 3671 per
501 3587 715 3671 ignorantiam
735 3586 854 3650 iniuste
882 3587 1094 3671 iudicaverit,
1124 3604 1159 3656 et
1176 3615 1228 3658 sa.

121 3685 287 3738 eramento
313 3695 346 3735 se
376 3671 518 3755 potuerit
543 3691 716 3747 excusare,
748 3669 838 3752 quod
865 3683 942 3733 non'
957 3696 1016 3757 per
1041 3675 1227 3755 amicitiam,

119 3760 172 3826 rel
189 3756 398 3842 cupiditatem
419 3761 476 3812 aut
490 3774 550 3836 per
568 3752 737 3835 quodlibet
755 3755 976 3836 commodum,
1004 3758 1063 3821 aad
1087 3768 1226 3821 tantum.

120 3841 217 3903 modo
237 3843 423 3923 ignoranter
438 3835 499 3897 boo
517 3835 648 3913 fecerit,
670 3835 759 3916 quod
775 3833 932 3902 iudicavit
953 3859 1021 3903 nou
1046 3841 1171 3923 valeat,
1193 3851 1226 3906 et

117 3923 186 4008 ipse
203 3925 302 3986 iudex
319 3943 385 3983 non
407 3919 594 4004 implicetur
609 3917 644 3978 in
663 3917 769 4003 culpa.

146 4069 559 4094 Μ

183 4163 211 4233 l)
232 4163 274 4214 Al.
292 4159 378 4213 Codd.
397 4175 457 4212 cnm
474 4155 517 4207 bia
535 4172 607 4226 qnae
629 4154 731 4209 bebere
748 4156 914 4220 dinoscitur,
937 4161 995 4232 ipsc
1012 4157 1097 4218 iudex
1114 4163 1161 4218 illi
1176 4163 1225 4220 aaa·

114 4251 274 4305 componere
293 4231 402 4291 deluit,
419 4228 563 4284 subiaceat
578 4228 747 4295 serviturus,
767 4241 817 4284 nat
835 4231 865 4284 1..
884 4243 937 4289 etc.
1051 4236 1054 4248 ¹
