2632 4822
344 280 564 340 murmanus
601 279 728 374 aucun
765 280 829 336 aas.
847 281 896 336 u.
1048 333 1050 342 ,
1112 258 1206 338 823'

69 433 112 497 Et
131 430 199 514 ipse
220 423 320 488 iudex
348 423 390 486 de
412 423 482 509 ipso
502 423 576 486 loco
603 419 719 483 debeat
746 419 931 505 providere,
960 420 987 484 si
1009 417 1097 486 certe
1118 422 1190 508 ipsa'

69 510 257 578 necessitate
279 507 373 568 famis
393 506 445 586 sit,
469 516 501 569 et
521 507 567 568 sic
589 503 624 564 iu
647 505 717 565 eius
737 503 919 585 praesentia
940 505 1005 582 fiat,
1018 515 1054 566 ut
1074 507 1185 568 Domi·

69 618 149 658 num
168 592 285 653 habeat
305 589 503 673 propitium:
534 596 567 651 et
595 585 622 648 si
652 587 748 649 aliter
774 587 911 663 fecerit,
943 586 1187 653 Dennababeat

68 679 222 752 iudicem.
263 673 307 734 Et
327 673 361 731 in
385 672 494 734 charta
515 669 658 748 iudicet,
688 668 830 754 qualiter
851 690 908 751 pro
929 669 1022 732 famis
1044 673 1187 736 necessi·
1299 731 1301 737 ,

67 769 134 822 tate
156 762 223 842 ipsa
245 755 391 818 venditio
410 757 493 815 facta
523 763 592 824 est;
622 761 654 813 et
680 751 737 835 qui
767 761 873 813 actum
902 752 1106 815 commissum
1133 754 1187 816 ha-

66 843 193 919 buerit,
225 860 291 898 non
312 846 494 920 praesumat
523 836 563 897 de
584 835 661 918 ipsis
682 835 860 896 infantibus
889 857 1006 902 emere.
1046 838 1090 898 Et
1110 838 1187 899 dum

67 937 193 1007 tempus
213 921 305 982 famis
327 920 466 1000 exierit,
495 928 574 980 tuuc
594 919 656 1002 ipsi
681 918 823 980 infantes
844 919 1022 980 secundum
1042 921 1187 983 anterius

65 1001 220 1073 Edictum
241 1003 437 1066 distribuant
464 1023 518 1064 res
553 1011 608 1062 aut
632 1000 843 1064 substantiam
869 1023 980 1080 snam,
1013 1023 1087 1063 nam
1118 1024 1186 1065 non

67 1091 184 1161 aliter;
214 1087 291 1170 qnia
312 1085 406 1148 istam
428 1084 596 1152 licentiam
615 1106 674 1168 pro
695 1084 763 1146 sola
793 1084 885 1146 famis
907 1084 1098 1146 necessitate
1127 1084 1186 1148 de·

67 1173 185 1250 dimus,
207 1191 281 1230 uam
302 1190 381 1246 non,
403 1167 492 1251 quod
513 1166 604 1247 absit,
630 1167 773 1230 anterius
793 1165 946 1229 Edictum
974 1187 1186 1252 corrumpen-

68 1255 145 1319 dum
168 1262 224 1315 est.
307 1251 351 1312 11.
374 1272 423 1311 a.
467 1300 475 1315 .
868 1293 870 1298 .

82 1379 86 1382 .
135 1355 216 1392 roan.
251 1337 330 1388 Petre
347 1342 377 1386 te
395 1272 523 1406 9app7ellat
540 1329 694 1395 Martinus,
714 1330 839 1400 quadiu
856 1340 934 1404 tenes
952 1330 1006 1384 sibi
1022 1333 1095 1386 malo
1113 1333 1186 1396 crdi-

66 1424 104 1462 ne
121 1417 220 1460 terram
236 1406 266 1458 in
283 1404 334 1458 tali
352 1405 423 1461 loco.
458 1406 522 1474 Ipsa
539 1412 611 1455 terra
628 1417 690 1452 mea
705 1400 813 1472 propria
841 1409 889 1454 est.
926 1404 1001 1474 Quid
1024 1402 1076 1454 tibi
1101 1401 1186 1474 parti-

65 1477 139 1533 net?
163 1477 239 1530 Ecce
261 1474 366 1537 charta,
390 1491 474 1544 quam
494 1472 561 1526 mihi
587 1470 685 1525 fecisti.
723 1471 751 1522 Si
775 1470 900 1524 chartula
918 1473 1072 1527 manifestat
1088 1491 1186 1528 neccs-

66 1547 174 1616 sitatem
192 1545 281 1607 famis,
302 1555 331 1597 et
348 1545 449 1608 omnia,
469 1543 541 1597 sicut
557 1543 603 1595 lex
623 1549 672 1602 est,
692 1539 770 1604 dicit,
796 1549 845 1594 aut
861 1542 937 1595 dicat
948 1543 1052 1595 'falsam
1070 1553 1118 1598 ant
1135 1545 1185 1608 dat

66 1635 183 1689 poenam
201 1618 236 1670 d'e
255 1616 356 1669 charta.
394 1615 422 1666 si
440 1613 534 1668 charta
552 1610 717 1676 manifestat,
737 1612 812 1682 quod
829 1613 926 1668 Missas
942 1615 987 1671 vel
1005 1615 1093 1668 Tutor
1110 1632 1184 1669 com·

65 1686 185 1760 parasset
201 1685 251 1744 vel
271 1686 306 1739 de
323 1685 442 1750 infante,
461 1685 511 1736 fiat
533 1684 640 1744 taliata.
1040 1719 1042 1724 .

150 1784 211 1856 CL,
255 1779 442 1854 (XCVII.)
484 1779 518 1841 si
540 1778 614 1861 quis
630 1779 782 1838 fossatum
804 1774 838 1837 iu
860 1775 912 1841 via
934 1775 1060 1854 fecerit,
1083 1784 1116 1840 et
1136 1774 1184 1860 ip-

67 1887 139 1928 sum
160 1866 268 1926 locum
290 1885 383 1925 suum
403 1861 538 1947 probare
561 1882 627 1921 uon
644 1865 798 1940 potuerit,
820 1869 990 1942 componat
1010 1859 1104 1926 solid.
1122 1859 1182 1927 VI.

69 1958 103 2010 et
123 1947 228 2030 ipsum
249 1947 402 2007 fossatum
422 1951 590 2008 restauret.
629 1943 671 2004 Et
688 1943 715 2004 si
737 1943 841 2025 ipsum
862 1943 1015 2003 fossatum
1037 1945 1183 2006 cavando

70 2031 221 2092 damnum
242 2028 277 2088 in
299 2029 363 2090 vite
386 2038 441 2088 aut
460 2027 495 2087 in
517 2026 777 2105 arborefecerit,
800 2035 971 2110 componat
989 2025 1072 2088 sicut
1090 2037 1182 2090 ante·

68 2111 138 2175 rius
157 2111 310 2174 Edictum
332 2112 485 2171 continet
570 2108 597 2175 l.
619 2130 668 2190 27.
691 2131 720 2191 9.

153 2216 238 2281 CLI.
280 2205 491 2292 (XCVIII)
519 2213 648 2297 Siquis
677 2234 790 2296 porcos
821 2211 856 2272 in
878 2212 958 2274 silva
986 2212 1092 2276 aliena
1122 2214 1181 2277 de-

68 2300 193 2361 fensata
214 2298 356 2376 miserit,
378 2298 463 2358 sicut
483 2297 625 2358 anterius
652 2297 803 2358 Edictum
824 2295 993 2374 continet,
1015 2319 1118 2381 usque
1140 2298 1181 2359 ad

69 2385 107 2444 X.
128 2403 252 2463 porcos,
272 2390 304 2442 et
324 2380 481 2442 occiderit
501 2400 635 2462 porcum
656 2402 769 2458 anum,
791 2379 836 2440 sic
858 2378 909 2456 sia,
932 2379 1016 2440 sicut
1037 2381 1070 2440 in
1093 2390 1181 2442 ante·

69 2459 156 2526 riore
178 2465 294 2526 Edicto
315 2463 512 2525 continetur.
559 2462 594 2523 Si
615 2461 748 2543 quidem
766 2471 892 2523 tantum
914 2461 1025 2523 decem
1046 2462 1181 2525 invene·

69 2547 124 2626 rit,
147 2557 180 2608 et
199 2547 272 2628 plus
295 2545 469 2624 occiderit,
491 2566 588 2628 quam
608 2545 759 2606 Edictum
786 2543 901 2622 hahet,
925 2556 1094 2627 componat
1125 2567 1180 2608 eos

65 2628 101 2690 in
129 2629 287 2712 actogild,
319 2629 403 2690 sicut
424 2628 481 2709 qui
505 2649 555 2688 res
577 2626 801 2689 alienas'malo
826 2626 940 2688 ordine
961 2629 1057 2694 tollit.
1098 2629 1180 2689 Nam

66 2711 94 2774 si
115 2711 173 2774 ille
195 2712 302 2790 homo,
324 2711 383 2792 qui
404 2732 518 2794 porcos
538 2709 645 2786 habat,
667 2711 805 2794 amplius
835 2709 960 2772 miserit
980 2720 1047 2772 asto
1070 2711 1178 2773 animo

65 2815 138 2858 suos
160 2805 214 2856 aut
236 2795 358 2855 alienos
378 2793 412 2852 in
434 2793 600 2855 defensata
620 2792 711 2869 silva,
725 2815 821 2875 quam
842 2792 930 2875 quod
951 2793 1103 2856 Edictum
1124 2794 1180 2854 ha·

63 2877 132 2955 bet,
145 2887 176 2938 et
198 2877 254 2938 ille
277 2877 369 2938 cuius
386 2876 467 2938 silva
480 2885 538 2952 est,
555 2875 710 2936 occiderit
731 2897 772 2936 ex
793 2875 868 2956 ipsis
887 2876 1059 2957 plusquam
1080 2874 1179 2944 Edic-

64 2969 134 3019 tum
156 2960 312 3034 continet,
335 2981 400 3020 non
427 2957 620 3040 requiratur.
661 2959 753 3021 Etsi
780 2959 837 3020 ille
865 2957 923 3039 qui
943 2979 1057 3039 porcos
1078 2959 1176 3036 misit,

65 3041 172 3101 iurare
196 3041 460 3122 praesumpserit,
491 3040 579 3122 quod
610 3049 675 3100 asto
697 3043 803 3102 animo
830 3062 895 3100 non
917 3041 1073 3116 misisset,
1105 3040 1177 3103 siue

64 3123 232 3185 voluntate
254 3123 352 3202 ipsius
375 3123 498 3184 domini
520 3121 680 3200 introisse,
694 3120 808 3185 reddat
828 3124 898 3200 ille,
920 3123 977 3203 qui
1007 3121 1175 3202 occiderit,

62 3205 148 3288 ipsos
169 3223 285 3287 porcos
305 3205 482 3285 ferquidos.
523 3205 605 3265 Etsi
628 3208 668 3266 tle
688 3217 812 3287 pastore
836 3225 894 3266 suo
914 3204 1067 3265 similiter
1087 3204 1176 3264 iura·

61 3287 155 3360 verit,
178 3285 326 3347 similiter
346 3287 480 3348 reddat.
508 3286 588 3346 Nam
616 3287 643 3348 si
675 3289 714 3348 de
736 3297 861 3369 pastore
889 3308 948 3348 suo
977 3296 1045 3347 asto
1067 3287 1175 3348 auimo

61 3367 169 3450 iurare
191 3388 257 3426 non
279 3368 420 3449 potuerit
442 3367 493 3450 d),
515 3368 657 3429 medium
678 3371 809 3448 reddat,
833 3376 866 3430 et
884 3369 1027 3429 medium
1048 3378 1176 3452 reputet

61 3451 134 3530 sibi,
156 3450 233 3532 quia
254 3470 385 3511 servum
406 3449 518 3510 habuit
539 3450 826 3533 indisciplinatum.
899 3453 925 3516 l.
948 3453 996 3517 23.
1020 3473 1048 3532 7.

132 3551 210 3586 roan.
249 3532 330 3586 Petra
347 3543 376 3586 te
396 3533 517 3602 appellat
535 3534 680 3597 Martinus,
699 3535 774 3604 quod
790 3541 821 3586 tu
838 3533 968 3588 invenisti
990 3551 1053 3586 suos
1078 3552 1175 3606 porcos

59 3601 90 3654 in
115 3612 164 3656 tua
181 3604 268 3668 silva,
294 3613 322 3656 et
347 3602 472 3656 occidisti
498 3601 549 3653 111.
570 3604 618 3672 qui
639 3604 768 3658 valebant
795 3603 902 3655 soldum
921 3621 1015 3656 unum.

144 3674 244 3735 CLll.
286 3675 425 3752 (XCIX.)
467 3672 500 3732 si
526 3673 721 3757 quicumque
742 3674 858 3752 homo,
891 3675 949 3755 qui
972 3683 1020 3736 est
1049 3696 1175 3758 pauper
1265 3705 1266 3710 ¹

62 3763 119 3814 aut
153 3755 344 3838 naufragus,
376 3756 433 3838 qui
454 3755 601 3816 vendidit
629 3766 685 3818 aut
704 3757 868 3838 dissipavit
888 3756 1096 3818 substantiam
1118 3780 1174 3818 su«-

63 3859 135 3914 am,
158 3846 192 3898 et
213 3859 279 3898 non
306 3838 403 3899 habet
423 3838 510 3899 ande
532 3840 797 3921 compositionem
817 3840 932 3910 faciat;
961 3839 1076 3900 feeerit
1101 3842 1173 3900 sar-

61 3929 151 3999 tum,
182 3929 237 3982 aut
273 3922 485 4000 adulterium,
523 3923 727 4002 scandalum,
767 3931 821 3984 aut
853 3921 1081 4002 homicidium,
1118 3933 1174 3986 aut

132 4161 164 4228 d)
182 4164 225 4215 nl.
240 4165 330 4248 'Codd
351 4185 408 4220 non
422 4170 619 4237 praesumserit
637 4165 669 4222 dc
687 4181 749 4221 astu
773 4169 870 4224 iurare
879 4189 891 4238 ,·
915 4181 974 4224 asto
999 4172 1096 4226 iurare
1115 4190 1171 4228 non

58 4248 264 4305 praesumserit.
