2632 4822
108 209 183 289 t-tt
500 225 666 284 emeruit
700 227 876 288 coturnis

109 381 192 436 tunc
210 369 329 434 babeat
349 367 407 430 ille
428 365 463 430 id
483 367 669 452 peculium,
703 367 764 450 qni
782 367 816 430 iu
836 369 957 441 damno
977 367 1172 450 invenerit,
1199 383 1227 434 et
1286 415 1288 456 ἦ

134 476 168 518 er
189 475 305 518 novem
327 459 438 514 noctes
468 472 584 533 aquam
614 451 645 512 ei
672 449 900 530 uuunder,
931 452 1028 516 etde
1051 453 1176 514 damno
1196 455 1226 516 in
1287 457 1288 480 I

100 477 173 602 ‚Eoo
196 535 236 600 sit
257 544 445 609 contentus,
482 555 520 596 eo
550 533 638 616 quod
659 555 774 598 norem
796 543 912 602 noctes
931 534 1038 618 ipsum
1059 537 1226 618 peculium

110 619 224 684 tenuit.
265 619 307 680 Et
328 617 354 678 si
377 618 416 678 de
439 617 514 699 ipsis
527 616 666 698 peculiis
682 617 820 698 aliquod
832 628 995 678 mortuum
1010 618 1132 697 fuemt,
1155 642 1225 681 snae

110 701 325 786 negligentiae
348 709 493 782 reputet,
516 699 572 779 qui
594 699 810 782 dispignorare
834 698 1026 783 neglexerit.
1080 702 1108 764 I.
1128 704 1179 764 25.
1199 726 1224 764 a.

178 803 258 840 sonu.
295 785 372 836 Petre
396 792 425 836 tc
450 783 571 854 appellat
588 782 740 846 Martinus,
767 783 842 854 quod
858 783 918 852 ipse
935 781 1066 850 minabat
1079 792 1166 842 ‚tuum
1180 804 1225 856 pe·

108 853 213 912 culium
232 850 266 904 de
285 872 334 906 suo
353 853 452 904 damno
471 853 506 904 ad
524 853 696 916 clausuram,
717 862 745 906 et
762 853 925 906 antestetisti
945 854 982 907 ei.

171 921 260 979 'Petro
278 931 309 976 te
327 937 359 994 ap
381 923 448 975 ellat
464 919 616 985 Martinus,
645 921 720 992 quod
745 930 778 975 tu
803 923 912 974 minasti
931 941 1012 975 suum
1029 923 1176 1000 peculium
1192 924 1223 978 de

106 1002 156 1048 tuo
174 995 266 1046 danno
288 993 324 1045 ad
353 942 521 1056 clausuram,
551 999 579 1044 et
603 994 661 1062 ipse
679 993 767 1045 voluit
785 991 836 1045 tibi
855 985 923 1044 dare⁴
936 993 1037 1064 pignus
1057 993 1155 1047 valens
1172 995 1223 1046 sili·

105 1081 175 1134 qnas
195 1063 247 1117 m.
267 1063 302 1115 do
318 1063 463 1116 emendme
481 1064 612 1128 donnum,
632 1069 662 1116 et
678 1063 791 1116 noluisti
810 1063 951 1134 accipere,
971 1061 1021 1117 sed
1045 1065 1164 1118 tenuisti
1179 1083 1223 1136 pe·

106 1136 212 1190 nulium
231 1133 305 1204 apud
321 1141 351 1185 te
368 1149 423 1185 una
441 1142 532 1186 nocte.
614 1147 617 1152 ·

176 1206 254 1262 Petre
272 1211 301 1256 te
319 1221 352 1274 ap
374 1203 443 1254 ellat
459 1201 611 1270 Martinus,
643 1202 719 1272 quod
746 1209 779 1256 tu
803 1200 912 1258 minasti
930 1220 1011 1254 snum
1028 1203 1176 1274 peculium
1192 1203 1222 1260 ds

104 1283 157 1330 tuo
171 1276 267 1337 dunno
284 1273 321 1326 ad
367 1289 508 1338 ausuram,
536 1281 565 1324 et
580 1272 668 1326 voluit
686 1271 739 1325 tibi
767 1273 911 1326 emendare
940 1273 1083 1338 danaum,
1117 1284 1145 1327 et
1169 1276 1222 1328 red-

106 1345 157 1398 des
179 1345 232 1403 tibi
249 1342 398 1416 peculium.
441 1345 484 1396 Tu
496 1343 638 1414 dispexirti
656 1342 787 1406 liberare,
807 1350 835 1396 et
851 1351 986 1394 mortuum
1009 1351 1062 1400 est.
1100 1343 1162 1398 Hoc
1180 1363 1222 1416 ego

108 1416 190 1479 dico,
210 1414 286 1484 quod
303 1420 334 1465 tu
351 1431 408 1467 non
426 1414 527 1466 dedisti
547 1413 572 1464 ei
590 1430 696 1484 aquarn.
734 1416 828 1476 lutet,
888 1413 925 1464 od
942 1413 1021 1467 dedit
1039 1413 1067 1468 ei
1089 1431 1197 1486 aquam.

179 1481 352 1550 eccum.
370 1487 375 1495 '
391 1481 430 1544 Si
446 1484 610 1550 bominem
632 1483 802 1544 iterantem
823 1501 857 1543 ca
880 1484 964 1552 allus
980 1490 1036 1559 aut
1054 1483 1222 1566 quodlibet

108 1568 275 1653 peculium
296 1574 442 1630 secutum
462 1567 576 1644 fuerit,
598 1574 631 1627 et
652 1565 709 1630 ille
732 1587 829 1648 quem
850 1565 1015 1647 sequitur,
1033 1563 1074 1631 dn
1099 1567 1221 1651 ligami-

110 1669 174 1727 ne,
191 1658 264 1710 -ιιιιι
292 1649 326 1709 in
358 1649 505 1711 clausura
526 1648 666 1726 miserit,
704 1647 770 1730 ipse
792 1649 825 1709 id
847 1650 970 1710 salvum
991 1647 1110 1728 faciat,
1145 1651 1222 1712 sicut

109 1747 205 1816 supra
227 1731 435 1794 constitutum
458 1741 525 1812 est,
560 1741 596 1792 ut
627 1730 771 1792 venienti
799 1731 929 1821 proprio
958 1731 1105 1794 Domino
1134 1733 1223 1794 resti-

108 1826 186 1882 tuat.
227 1817 306 1876 Nam
329 1814 355 1876 sl
377 1816 468 1896 sequi
489 1814 647 1898 coeperit,
670 1824 703 1876 et
724 1836 757 1876 se
781 1816 819 1876 de
841 1815 891 1876 via
911 1815 1114 1896 tornaverit,
1137 1815 1224 1880 nulla

109 1900 150 1963 sit
178 1897 208 1959 e'i
240 1898 352 1980 culpa,
389 1919 486 1979 quern
514 1898 605 1980 sequi
636 1907 795 1981 coeperat.
848 1899 928 1962 Nam
957 1895 984 1964 si
1006 1895 1087 1974 ille,
1130 1919 1224 1981 quem

108 1982 270 2066 sequitur,
292 2003 366 2042 eum
388 1983 540 2043 absconse
562 1981 718 2057 habuerit,
741 1988 794 2041 aut
815 2001 889 2042 eum
909 1977 1114 2060 vendiderit,
1138 2003 1223 2042 com-

107 2075 207 2154 ponat
228 2066 331 2147 ipsum
352 2063 510 2124 caballum
532 2062 565 2122 in
587 2064 728 2146 octogilt.
790 2061 818 2124 Ι.
839 2063 888 2125 25.
908 2063 960 2140 45.

177 2164 256 2203 roan.
295 2149 375 2203 Petre
391 2155 421 2199 te
439 2147 561 2217 appellat
579 2147 726 2203 Martinus,
747 2145 823 2215 quod
838 2154 870 2198 tu
889 2161 946 2195 eras
964 2143 1088 2209 iterans,
1110 2151 1138 2198 et
1155 2162 1223 2198 anns

107 2237 173 2274 suus
191 2219 315 2271 caballus
332 2227 362 2270 te
380 2217 433 2270 luit
450 2227 569 2280 secutus,
589 2226 617 2269 et
633 2227 664 2270 tu
683 2213 780 2267 misisti
798 2215 906 2268 eumin
924 2214 1052 2283 ligamen.
1086 2215 1131 2268 De
1145 2219 1223 2268 torto.

106 2290 271 2344 sicimis:
299 2289 357 2358 ipse
376 2287 499 2340 caballus
515 2288 635 2340 tornavit
652 2303 680 2337 se
698 2287 734 2338 de
751 2287 816 2340 via:
848 2284 955 2358 probet.
992 2286 1048 2337 Sed
1065 2285 1165 2338 melius
1186 2295 1225 2339 est

108 2369 141 2412 ut
168 2359 259 2412 dicate
293 2359 393 2419 Nullae
418 2367 481 2413 tuus
506 2358 630 2410 caballus
656 2373 700 2408 mo
726 2366 837 2414 secutus
864 2355 934 2415 luit,
971 2354 1048 2425 quod
1070 2357 1225 2425 perlegere

107 2430 254 2492 ernendere
274 2425 398 2482 debeam.
435 2428 462 2480 Si
482 2428 598 2482 dixerit:
626 2427 698 2479 Eece
717 2427 857 2478 caballus:
879 2426 962 2486 iuret,
982 2423 1059 2494 quod
1074 2443 1134 2478 non
1150 2425 1227 2480 misit

107 2498 305 2566 neglegentiam
325 2495 478 2549 demirare
498 2506 561 2555 ante
579 2497 728 2559 Comitem,
755 2498 800 2550 vel
819 2507 882 2549 ante
900 2503 1077 2564 conventum.

182 2567 260 2620 I’etre
276 2578 306 2621 te
325 2569 445 2637 appellat
464 2568 617 2629 Martinus,
637 2567 712 2636 quod
729 2575 760 2618 tu
780 2584 837 2618 eras
855 2567 973 2630 iterans,
994 2573 1022 2617 et
1041 2583 1114 2616 unus
1133 2563 1228 2618 cabal-

107 2637 152 2690 lus
169 2645 198 2690 te
216 2648 328 2690 secutus
348 2638 415 2700 suit,
435 2648 464 2690 et
481 2639 576 2690 misisti
594 2638 624 2690 in
642 2635 777 2702 ligamen,
798 2646 826 2690 et
842 2645 874 2690 tu
893 2653 956 2688 eum
973 2633 1134 2690 vendidisti.

190 2706 363 2769 CCCLIII.
402 2707 441 2766 si
462 2707 536 2788 quis
558 2708 596 2768 ab
617 2707 680 2767 alio
702 2707 834 2767 homine
855 2714 983 2788 rogatus
1001 2705 1101 2764 fuerit
1115 2702 1227 2764 cabal-

107 2791 198 2866 lum,
228 2799 281 2850 aut
307 2789 476 2870 quodlibet
491 2788 655 2871 peculium
675 2789 837 2874 perditum
859 2809 1033 2870 quaerere,
1064 2786 1225 2867 signaque

106 2873 139 2935 ei
161 2872 350 2946 dictaverit,
386 2882 419 2932 et
440 2872 495 2932 ilIe
517 2870 574 2954 qui
594 2882 723 2954 rogatus
743 2871 859 2948 fuerit,
891 2870 1025 2931 forsitan
1047 2867 1223 2946 caballum,

107 2967 161 3018 eut
182 2954 348 3037 peculium
368 2973 428 3036 per
448 2973 588 3014 errorem
610 2952 911 3037 comprehenderit,
944 2953 971 3014 si
999 2950 1120 3013 venerit
1140 2971 1225 3033 pro-

107 3039 195 3124 prius
226 3037 395 3113 dominus,
418 3045 465 3096 ¹et
495 3036 688 3097 calumniam
718 3057 869 3119 generare
891 3035 1047 3108 voluerit,
1079 3033 1123 3094 ita
1144 3052 1226 3116 pro·-

108 3121 289 3206 sperimus,
325 3129 361 3180 ut
389 3119 447 3180 ille
469 3119 525 3200 qui
547 3141 606 3202 per
626 3142 767 3181 errorem
790 3117 1090 3202 comprehenderit,
1127 3137 1227 3200 prae-

105 3208 181 3268 beat
202 3212 456 3278 sacramentum,
479 3203 566 3284 quod
589 3203 725 3264 credidit
746 3205 850 3286 ipsum
874 3223 962 3280 esse,
984 3200 1225 3282 underogatus

35 3368 38 3373 Ι
105 3292 232 3364 fuerat,
255 3295 288 3349 et
306 3297 386 3347 tunc
406 3285 518 3346 reddat
539 3286 715 3362 caballum,
739 3297 769 3348 et
791 3285 927 3369 amplius
950 3305 1017 3344 non
1041 3282 1226 3343 calumnie-

105 3381 177 3446 tur,
207 3371 232 3432 sl
257 3392 333 3430 eum
358 3370 441 3431 male
464 3389 530 3428 non
553 3369 741 3436 tractaverit.
795 3370 837 3430 Et
859 3370 885 3429 si
906 3389 972 3428 non
994 3365 1121 3426 venerit
1148 3385 1225 3448 pro·

127 3455 194 3514 rius
215 3453 391 3529 Dominus,
413 3452 526 3514 reddat
548 3473 621 3512 eum
644 3453 711 3528 illi,
740 3473 798 3536 per
819 3473 916 3534 quem
937 3451 1042 3533 ipsum
1063 3449 1158 3526 tulit,
1194 3455 1227 3507 et

105 3478 174 3620 lisso
190 3537 314 3601 «iterum
336 3536 425 3596 iuxta
448 3536 553 3617 legem
576 3547 762 3615 conservet,
797 3537 880 3596 sient
901 3555 995 3616 supra
1018 3532 1144 3592 dictum
1167 3539 1225 3592 est.

122 3621 206 3684 '.‹¹25·
244 3621 279 3681 ’6.

107 3623 121 3694 1
173 3622 253 3755 reali.
289 3703 367 3754 Petro
390 3710 420 3755 te
447 3703 569 3772 appellat
590 3702 743 3766 Martinus,
776 3699 850 3774 quod
876 3706 908 3751 tu
934 3695 1105 3768 prehendisti
1137 3713 1227 3747 unum

104 3789 184 3846 tqupta
203 3773 350 3835 caballum.
389 3774 536 3827 »Donatus
554 3771 673 3842 perdidit
690 3790 775 3824 unum
794 3789 874 3823 suurn
893 3767 1054 3821 caballum«
1072 3775 1104 3818 et
1121 3767 1228 3832 rogavit

104 3861 149 3966 pre
168 3851 199 3970 pt
217 3861 374 3924 quaererem
384 3881 399 3924 ‚·
416 3851 444 3923 et
463 3844 579 3900 dictavit
596 3844 716 3909 egnum,
743 3851 771 3896 et
790 3859 838 3908 ego
855 3838 996 3910 sperabam
1020 3837 1106 3897 luisse
1124 3837 1226 3907 ipsum,

122 3933 167 3976 ure
191 3952 198 3976 ,
218 3917 289 3967 sicut
307 3912 354 3963 lex
373 3913 448 3964 dicit.
1111 3916 1115 3922 '

93 3987 96 3991 ’
129 3987 132 3999 ’
161 3979 255 4047 ”Petne
273 3992 302 4035 te
319 3974 443 4052 ‘appellat
459 3979 615 4044 Martinus,
643 3971 768 4051 ιῑιιοιίιιι
786 3977 935 4050 perdidisti
957 3994 1043 4029 unum
1067 3981 1157 4028 tuum·
1181 3992 1229 4028 ca·

104 4050 241 4115 nauum,-
257 4062 285 4105 et
309 4052 407 4117 rogasti
430 4048 589 4114 Donatum,
618 4059 649 4102 ut
674 4060 833 4118 quaereret,
862 4059 889 4103 et
913 4047 1009 4100 'dixisti
1026 4045 1228 4112 sibirsignumr

104 4123 377 4202 etipsepreheu'djt,
395 4139 481 4195 unpnr
506 4140 585 4176 auum
612 4120 750 4192 caballum
779 4136 979 4190 percuterem,
1010 4123 1038 4176 el
1059 4115 1140 4172 dedit
1160 4116 1226 4179 tibi,

104 4187 181 4251 cl'tu
197 4183 512 4272 titisisti‘ii‘eglegentiom
531 4191 565 4244 de
583 4191 684 4248 minate
707 4191 741 4248 sd
759 4190 904 4248 Comitem.
962 4261 965 4266 Ι
1050 4265 1052 4270 ,
