<?xml version="1.0" encoding="UTF-8"?>
<!DOCTYPE html PUBLIC "-//W3C//DTD XHTML 1.0 Transitional//EN"
    "http://www.w3.org/TR/xhtml1/DTD/xhtml1-transitional.dtd">
<html xmlns="http://www.w3.org/1999/xhtml" xml:lang="en" lang="en">
 <head>
  <title>
</title>
<meta http-equiv="Content-Type" content="text/html;charset=utf-8" />
  <meta name='ocr-system' content='tesseract 3.04.00' />
  <meta name='ocr-capabilities' content='ocr_page ocr_carea ocr_par ocr_line ocrx_word'/>
</head>
<body>
  <div class='ocr_page' id='page_1' title='image "./corpusiurisgerm00visigoog_0368.png"; bbox 0 0 2632 4822; ppageno 0'>
   <div class='ocr_carea' id='block_1_1' title="bbox 372 263 1178 337">
    <p class='ocr_par' dir='ltr' id='par_1_1' title="bbox 372 263 1178 337">
     <span class='ocr_line' id='line_1_1' title="bbox 372 263 1178 337; baseline 0.011 -10"><span class='ocrx_word' id='word_1_1' title='bbox 372 269 594 337; x_wconf 75' lang='lat' dir='ltr'><strong>Liunnnnuni</strong></span> <span class='ocrx_word' id='word_1_2' title='bbox 622 271 747 325; x_wconf 78' lang='lat' dir='ltr'><strong>LEGUM</strong></span> <span class='ocrx_word' id='word_1_3' title='bbox 783 274 850 330; x_wconf 82' lang='lat' dir='ltr'><strong>nin.</strong></span> <span class='ocrx_word' id='word_1_4' title='bbox 867 275 899 328; x_wconf 80' lang='lat' dir='ltr'>v.</span> <span class='ocrx_word' id='word_1_5' title='bbox 1105 263 1178 336; x_wconf 80' lang='lat'>775</span> 
     </span>
    </p>
   </div>
   <div class='ocr_carea' id='block_1_2' title="bbox 59 409 1197 835">
    <p class='ocr_par' dir='ltr' id='par_1_2' title="bbox 59 409 1197 835">
     <span class='ocr_line' id='line_1_2' title="bbox 59 409 1179 490; baseline 0.004 -22"><span class='ocrx_word' id='word_1_6' title='bbox 59 416 257 490; x_wconf 62' lang='lat' dir='ltr'><strong>propriusest.</strong></span> <span class='ocrx_word' id='word_1_7' title='bbox 302 413 378 483; x_wconf 83' lang='lat' dir='ltr'><strong>Quid</strong></span> <span class='ocrx_word' id='word_1_8' title='bbox 395 413 446 465; x_wconf 92' lang='lat' dir='ltr'>tibi</span> <span class='ocrx_word' id='word_1_9' title='bbox 464 409 604 482; x_wconf 79' lang='lat' dir='ltr'>pertinet?</span> <span class='ocrx_word' id='word_1_10' title='bbox 622 411 746 462; x_wconf 82' lang='lat' dir='ltr'><strong>Donatus</strong></span> <span class='ocrx_word' id='word_1_11' title='bbox 765 411 832 464; x_wconf 85' lang='lat' dir='ltr'>mihi</span> <span class='ocrx_word' id='word_1_12' title='bbox 849 413 971 469; x_wconf 88' lang='lat' dir='ltr'><strong>donavit.</strong></span> <span class='ocrx_word' id='word_1_13' title='bbox 1011 418 1086 470; x_wconf 80' lang='lat' dir='ltr'>lueet</span> <span class='ocrx_word' id='word_1_14' title='bbox 1104 423 1179 489; x_wconf 89' lang='lat' dir='ltr'><strong>quod</strong></span> 
     </span>
     <span class='ocr_line' id='line_1_3' title="bbox 71 482 1175 554; baseline -0.004 -14"><span class='ocrx_word' id='word_1_15' title='bbox 71 490 105 540; x_wconf 68' lang='lat' dir='ltr'>aul</span> <span class='ocrx_word' id='word_1_16' title='bbox 124 497 226 541; x_wconf 86' lang='lat' dir='ltr'>certum</span> <span class='ocrx_word' id='word_1_17' title='bbox 244 496 401 536; x_wconf 85' lang='lat' dir='ltr'>vuarentem</span> <span class='ocrx_word' id='word_1_18' title='bbox 421 503 483 536; x_wconf 77' lang='lat' dir='ltr'>euin</span> <span class='ocrx_word' id='word_1_19' title='bbox 503 482 646 534; x_wconf 79' lang='lat' dir='ltr'><strong>conducat.</strong></span> <span class='ocrx_word' id='word_1_20' title='bbox 700 482 813 534; x_wconf 83' lang='lat' dir='ltr'><strong>Donasti</strong></span> <span class='ocrx_word' id='word_1_21' title='bbox 838 485 904 535; x_wconf 90' lang='lat' dir='ltr'>mihi</span> <span class='ocrx_word' id='word_1_22' title='bbox 923 486 1010 554; x_wconf 88' lang='lat' dir='ltr'><strong>ipsum</strong></span> <span class='ocrx_word' id='word_1_23' title='bbox 1030 489 1175 544; x_wconf 80' lang='lat' dir='ltr'><strong>caballum,</strong></span> 
     </span>
     <span class='ocr_line' id='line_1_4' title="bbox 69 551 1197 622; baseline 0.001 -11"><span class='ocrx_word' id='word_1_24' title='bbox 69 561 117 611; x_wconf 83' lang='lat' dir='ltr'>Sic</span> <span class='ocrx_word' id='word_1_25' title='bbox 134 558 204 618; x_wconf 86' lang='lat' dir='ltr'>feci,</span> <span class='ocrx_word' id='word_1_26' title='bbox 234 554 282 606; x_wconf 87' lang='lat' dir='ltr'>sed</span> <span class='ocrx_word' id='word_1_27' title='bbox 305 555 370 606; x_wconf 93' lang='lat' dir='ltr'>nolo</span> <span class='ocrx_word' id='word_1_28' title='bbox 394 553 445 606; x_wconf 90' lang='lat' dir='ltr'>tibi</span> <span class='ocrx_word' id='word_1_29' title='bbox 472 562 541 605; x_wconf 79' lang='lat' dir='ltr'>stone</span> <span class='ocrx_word' id='word_1_30' title='bbox 565 551 592 600; x_wconf 93' lang='lat' dir='ltr'>in</span> <span class='ocrx_word' id='word_1_31' title='bbox 617 551 796 614; x_wconf 66' lang='lat' dir='ltr'>alletoritate‚</span> <span class='ocrx_word' id='word_1_32' title='bbox 828 554 894 622; x_wconf 88' lang='lat' dir='ltr'><strong>quia</strong></span> <span class='ocrx_word' id='word_1_33' title='bbox 921 573 977 607; x_wconf 91' lang='lat' dir='ltr'>non</span> <span class='ocrx_word' id='word_1_34' title='bbox 1001 557 1090 610; x_wconf 82' lang='lat' dir='ltr'><strong>fecisti</strong></span> <span class='ocrx_word' id='word_1_35' title='bbox 1110 561 1197 612; x_wconf 88' lang='lat' dir='ltr'>mihi-</span> 
     </span>
     <span class='ocr_line' id='line_1_5' title="bbox 68 620 1175 696; baseline -0.002 -14"><span class='ocrx_word' id='word_1_36' title='bbox 68 627 269 682; x_wconf 85' lang='lat' dir='ltr'>vuiderdonem.</span> <span class='ocrx_word' id='word_1_37' title='bbox 319 625 412 685; x_wconf 87' lang='lat' dir='ltr'>luret,</span> <span class='ocrx_word' id='word_1_38' title='bbox 440 623 514 690; x_wconf 89' lang='lat' dir='ltr'><strong>quod</strong></span> <span class='ocrx_word' id='word_1_39' title='bbox 532 620 634 673; x_wconf 89' lang='lat' dir='ltr'>habeat</span> <span class='ocrx_word' id='word_1_40' title='bbox 651 622 752 673; x_wconf 86' lang='lat' dir='ltr'>Iactum</span> <span class='ocrx_word' id='word_1_41' title='bbox 771 622 974 676; x_wconf 76' lang='lat' dir='ltr'>vuitlerdonein.</span> <span class='ocrx_word' id='word_1_42' title='bbox 1012 627 1040 679; x_wconf 92' lang='lat' dir='ltr'>Si</span> <span class='ocrx_word' id='word_1_43' title='bbox 1060 629 1175 696; x_wconf 77' lang='lat' dir='ltr'>dixerit3</span> 
     </span>
     <span class='ocr_line' id='line_1_6' title="bbox 70 691 1179 765; baseline 0 -15"><span class='ocrx_word' id='word_1_44' title='bbox 70 714 122 762; x_wconf 81' lang='lat' dir='ltr'>ego</span> <span class='ocrx_word' id='word_1_45' title='bbox 141 696 238 749; x_wconf 84' lang='lat' dir='ltr'><strong>donavi</strong></span> <span class='ocrx_word' id='word_1_46' title='bbox 256 691 309 744; x_wconf 86' lang='lat' dir='ltr'>tibi</span> <span class='ocrx_word' id='word_1_47' title='bbox 327 695 415 765; x_wconf 86' lang='lat' dir='ltr'><strong>ipsum</strong></span> <span class='ocrx_word' id='word_1_48' title='bbox 434 693 589 753; x_wconf 86' lang='lat' dir='ltr'><strong>caballum,</strong></span> <span class='ocrx_word' id='word_1_49' title='bbox 618 692 666 742; x_wconf 89' lang='lat' dir='ltr'>sed</span> <span class='ocrx_word' id='word_1_50' title='bbox 687 709 743 743; x_wconf 89' lang='lat' dir='ltr'>non</span> <span class='ocrx_word' id='word_1_51' title='bbox 767 711 877 760; x_wconf 85' lang='lat' dir='ltr'><strong>possum</strong></span> <span class='ocrx_word' id='word_1_52' title='bbox 894 703 964 750; x_wconf 82' lang='lat' dir='ltr'>stare</span> <span class='ocrx_word' id='word_1_53' title='bbox 981 697 1010 748; x_wconf 90' lang='lat' dir='ltr'>in</span> <span class='ocrx_word' id='word_1_54' title='bbox 1030 700 1179 752; x_wconf 81' lang='lat' dir='ltr'><strong>auctorita·</strong></span> 
     </span>
     <span class='ocr_line' id='line_1_7' title="bbox 67 761 878 835; baseline -0.002 -18"><span class='ocrx_word' id='word_1_55' title='bbox 67 778 141 831; x_wconf 85' lang='lat' dir='ltr'>tem,</span> <span class='ocrx_word' id='word_1_56' title='bbox 168 766 243 835; x_wconf 90' lang='lat' dir='ltr'><strong>quod</strong></span> <span class='ocrx_word' id='word_1_57' title='bbox 261 761 332 814; x_wconf 85' lang='lat' dir='ltr'>nihil</span> <span class='ocrx_word' id='word_1_58' title='bbox 356 763 422 815; x_wconf 78' lang='lat' dir='ltr'><strong>inihi</strong></span> <span class='ocrx_word' id='word_1_59' title='bbox 440 763 577 832; x_wconf 83' lang='lat' dir='ltr'>pertinet,</span> <span class='ocrx_word' id='word_1_60' title='bbox 607 761 690 814; x_wconf 79' lang='lat' dir='ltr'><strong>faciat</strong></span> <span class='ocrx_word' id='word_1_61' title='bbox 711 770 742 813; x_wconf 90' lang='lat' dir='ltr'>nt</span> <span class='ocrx_word' id='word_1_62' title='bbox 766 764 812 815; x_wconf 79' lang='lat' dir='ltr'>lex</span> <span class='ocrx_word' id='word_1_63' title='bbox 831 773 878 815; x_wconf 88' lang='lat' dir='ltr'>est.</span> 
     </span>
    </p>
   </div>
   <div class='ocr_carea' id='block_1_3' title="bbox 21 833 1230 2812">
    <p class='ocr_par' dir='ltr' id='par_1_3' title="bbox 21 833 1230 2812">
     <span class='ocr_line' id='line_1_8' title="bbox 104 833 1178 915; baseline 0.002 -19"><span class='ocrx_word' id='word_1_64' title='bbox 104 855 105 858; x_wconf 72' lang='grc'>’</span> <span class='ocrx_word' id='word_1_65' title='bbox 149 837 264 898; x_wconf 80' lang='lat' dir='ltr'>XLIV.</span> <span class='ocrx_word' id='word_1_66' title='bbox 308 833 407 908; x_wconf 75' lang='lat' dir='ltr'>(XV.)</span> <span class='ocrx_word' id='word_1_67' title='bbox 448 837 497 894; x_wconf 86' lang='lat' dir='ltr'>De</span> <span class='ocrx_word' id='word_1_68' title='bbox 527 853 619 893; x_wconf 82' lang='lat' dir='ltr'>servo</span> <span class='ocrx_word' id='word_1_69' title='bbox 653 833 789 912; x_wconf 82' lang='lat' dir='ltr'>fugace,</span> <span class='ocrx_word' id='word_1_70' title='bbox 817 843 850 894; x_wconf 88' lang='lat' dir='ltr'>et</span> <span class='ocrx_word' id='word_1_71' title='bbox 876 834 1000 905; x_wconf 79' lang='lat' dir='ltr'>advena</span> <span class='ocrx_word' id='word_1_72' title='bbox 1025 835 1178 915; x_wconf 88' lang='lat' dir='ltr'>homine,</span> 
     </span>
     <span class='ocr_line' id='line_1_9' title="bbox 68 913 1179 999; baseline 0.001 -19"><span class='ocrx_word' id='word_1_73' title='bbox 68 921 93 981; x_wconf 85' lang='lat' dir='ltr'><strong>si</strong></span> <span class='ocrx_word' id='word_1_74' title='bbox 122 919 156 978; x_wconf 87' lang='lat' dir='ltr'>in</span> <span class='ocrx_word' id='word_1_75' title='bbox 191 917 255 977; x_wconf 86' lang='lat' dir='ltr'><strong>alia</strong></span> <span class='ocrx_word' id='word_1_76' title='bbox 290 915 457 976; x_wconf 86' lang='lat' dir='ltr'><strong>iudiciaria</strong></span> <span class='ocrx_word' id='word_1_77' title='bbox 484 915 633 974; x_wconf 85' lang='lat' dir='ltr'>inventus</span> <span class='ocrx_word' id='word_1_78' title='bbox 667 913 783 990; x_wconf 86' lang='lat' dir='ltr'>fuerit,</span> <span class='ocrx_word' id='word_1_79' title='bbox 816 925 895 976; x_wconf 88' lang='lat' dir='ltr'><strong>tunc</strong></span> <span class='ocrx_word' id='word_1_80' title='bbox 917 918 1086 999; x_wconf 86' lang='lat' dir='ltr'><strong>Decanns,</strong></span> <span class='ocrx_word' id='word_1_81' title='bbox 1124 929 1179 981; x_wconf 85' lang='lat' dir='ltr'>aut</span> 
     </span>
     <span class='ocr_line' id='line_1_10' title="bbox 65 997 1178 1083; baseline -0.003 -21"><span class='ocrx_word' id='word_1_82' title='bbox 65 1000 242 1076; x_wconf 80' lang='lat' dir='ltr'><strong>Saltarius,</strong></span> <span class='ocrx_word' id='word_1_83' title='bbox 279 999 341 1081; x_wconf 81' lang='lat' dir='ltr'>qni</span> <span class='ocrx_word' id='word_1_84' title='bbox 375 999 409 1058; x_wconf 83' lang='lat' dir='ltr'>ln</span> <span class='ocrx_word' id='word_1_85' title='bbox 445 999 518 1059; x_wconf 90' lang='lat' dir='ltr'><strong>loco</strong></span> <span class='ocrx_word' id='word_1_86' title='bbox 550 997 715 1056; x_wconf 87' lang='lat' dir='ltr'><strong>ordinatus</strong></span> <span class='ocrx_word' id='word_1_87' title='bbox 743 997 860 1072; x_wconf 83' lang='lat' dir='ltr'>fuerit,</span> <span class='ocrx_word' id='word_1_88' title='bbox 903 1001 1178 1083; x_wconf 83' lang='lat' dir='ltr'><strong>comprehendere</strong></span> 
     </span>
     <span class='ocr_line' id='line_1_11' title="bbox 68 1078 1177 1167; baseline -0.004 -23"><span class='ocrx_word' id='word_1_89' title='bbox 68 1106 142 1144; x_wconf 86' lang='lat' dir='ltr'>eum</span> <span class='ocrx_word' id='word_1_90' title='bbox 173 1083 304 1158; x_wconf 86' lang='lat' dir='ltr'>debeat,</span> <span class='ocrx_word' id='word_1_91' title='bbox 342 1090 375 1142; x_wconf 88' lang='lat' dir='ltr'>et</span> <span class='ocrx_word' id='word_1_92' title='bbox 406 1081 447 1144; x_wconf 88' lang='lat' dir='ltr'>ad</span> <span class='ocrx_word' id='word_1_93' title='bbox 483 1078 653 1141; x_wconf 76' lang='lat' dir='ltr'><strong>sculdahis</strong></span> <span class='ocrx_word' id='word_1_94' title='bbox 683 1101 779 1139; x_wconf 85' lang='lat' dir='ltr'><strong>snum</strong></span> <span class='ocrx_word' id='word_1_95' title='bbox 805 1080 970 1162; x_wconf 78' lang='lat' dir='ltr'>perducat,</span> <span class='ocrx_word' id='word_1_96' title='bbox 1040 1081 1084 1146; x_wconf 83' lang='lat' dir='ltr'>Et</span> <span class='ocrx_word' id='word_1_97' title='bbox 1108 1085 1177 1167; x_wconf 79' lang='lat' dir='ltr'>ipse</span> 
     </span>
     <span class='ocr_line' id='line_1_12' title="bbox 67 1161 1178 1246; baseline 0.002 -20"><span class='ocrx_word' id='word_1_98' title='bbox 67 1164 237 1226; x_wconf 87' lang='lat' dir='ltr'><strong>Sculdahis</strong></span> <span class='ocrx_word' id='word_1_99' title='bbox 264 1163 365 1226; x_wconf 86' lang='lat' dir='ltr'><strong>iudici</strong></span> <span class='ocrx_word' id='word_1_100' title='bbox 395 1185 455 1224; x_wconf 86' lang='lat' dir='ltr'><strong>suo</strong></span> <span class='ocrx_word' id='word_1_101' title='bbox 479 1161 665 1242; x_wconf 81' lang='lat' dir='ltr'>consignet:</span> <span class='ocrx_word' id='word_1_102' title='bbox 699 1169 730 1220; x_wconf 89' lang='lat' dir='ltr'>et</span> <span class='ocrx_word' id='word_1_103' title='bbox 757 1161 828 1245; x_wconf 85' lang='lat' dir='ltr'>ipse</span> <span class='ocrx_word' id='word_1_104' title='bbox 858 1162 957 1224; x_wconf 81' lang='lat' dir='ltr'>index</span> <span class='ocrx_word' id='word_1_105' title='bbox 988 1173 1178 1246; x_wconf 86' lang='lat' dir='ltr'>potestatem</span> 
     </span>
     <span class='ocr_line' id='line_1_13' title="bbox 66 1243 1178 1328; baseline 0.004 -22"><span class='ocrx_word' id='word_1_106' title='bbox 66 1247 198 1326; x_wconf 83' lang='lat' dir='ltr'>habeat,</span> <span class='ocrx_word' id='word_1_107' title='bbox 229 1267 304 1306; x_wconf 81' lang='lat' dir='ltr'>eum</span> <span class='ocrx_word' id='word_1_108' title='bbox 327 1245 533 1328; x_wconf 84' lang='lat' dir='ltr'>inquirendi,</span> <span class='ocrx_word' id='word_1_109' title='bbox 565 1243 652 1304; x_wconf 89' lang='lat' dir='ltr'>unde</span> <span class='ocrx_word' id='word_1_110' title='bbox 680 1243 749 1324; x_wconf 87' lang='lat' dir='ltr'>ipse</span> <span class='ocrx_word' id='word_1_111' title='bbox 777 1255 833 1310; x_wconf 88' lang='lat' dir='ltr'>est.</span> <span class='ocrx_word' id='word_1_112' title='bbox 899 1245 943 1307; x_wconf 92' lang='lat' dir='ltr'>Et</span> <span class='ocrx_word' id='word_1_113' title='bbox 966 1246 994 1308; x_wconf 88' lang='lat' dir='ltr'><strong>si</strong></span> <span class='ocrx_word' id='word_1_114' title='bbox 1023 1248 1178 1311; x_wconf 80' lang='lat' dir='ltr'>inventus</span> 
     </span>
     <span class='ocr_line' id='line_1_14' title="bbox 66 1327 1177 1408; baseline 0.005 -18"><span class='ocrx_word' id='word_1_115' title='bbox 66 1330 181 1406; x_wconf 82' lang='lat' dir='ltr'>luerit,</span> <span class='ocrx_word' id='word_1_116' title='bbox 215 1329 271 1408; x_wconf 89' lang='lat' dir='ltr'>qui</span> <span class='ocrx_word' id='word_1_117' title='bbox 297 1351 408 1390; x_wconf 78' lang='lat' dir='ltr'><strong>servus</strong></span> <span class='ocrx_word' id='word_1_118' title='bbox 427 1329 485 1406; x_wconf 89' lang='lat' dir='ltr'><strong>sit,</strong></span> <span class='ocrx_word' id='word_1_119' title='bbox 515 1328 668 1404; x_wconf 62' lang='lat' dir='ltr'><strong>aut‘fnr,</strong></span> <span class='ocrx_word' id='word_1_120' title='bbox 696 1347 770 1387; x_wconf 84' lang='lat' dir='ltr'>mox</span> <span class='ocrx_word' id='word_1_121' title='bbox 799 1327 931 1389; x_wconf 84' lang='lat' dir='ltr'>mandet</span> <span class='ocrx_word' id='word_1_122' title='bbox 964 1329 1004 1390; x_wconf 82' lang='lat' dir='ltr'>ed</span> <span class='ocrx_word' id='word_1_123' title='bbox 1033 1328 1177 1395; x_wconf 84' lang='lat' dir='ltr'>iudicem</span> 
     </span>
     <span class='ocr_line' id='line_1_15' title="bbox 21 1408 1179 1496; baseline 0.002 -24"><span class='ocrx_word' id='word_1_124' title='bbox 21 1417 24 1420; x_wconf 80' lang='grc'><strong>’</strong></span> <span class='ocrx_word' id='word_1_125' title='bbox 66 1422 120 1473; x_wconf 85' lang='lat' dir='ltr'>ant</span> <span class='ocrx_word' id='word_1_126' title='bbox 149 1412 190 1473; x_wconf 85' lang='lat' dir='ltr'>ad</span> <span class='ocrx_word' id='word_1_127' title='bbox 214 1411 382 1473; x_wconf 89' lang='lat' dir='ltr'>dominnm</span> <span class='ocrx_word' id='word_1_128' title='bbox 407 1411 490 1489; x_wconf 84' lang='lat' dir='ltr'>eins,</span> <span class='ocrx_word' id='word_1_129' title='bbox 519 1409 606 1469; x_wconf 84' lang='lat' dir='ltr'>unde</span> <span class='ocrx_word' id='word_1_130' title='bbox 642 1408 709 1490; x_wconf 88' lang='lat' dir='ltr'>ipse</span> <span class='ocrx_word' id='word_1_131' title='bbox 733 1409 874 1493; x_wconf 80' lang='lat' dir='ltr'>Ingerit,</span> <span class='ocrx_word' id='word_1_132' title='bbox 904 1420 937 1472; x_wconf 91' lang='lat' dir='ltr'>et</span> <span class='ocrx_word' id='word_1_133' title='bbox 971 1411 1179 1496; x_wconf 62' lang='lat' dir='ltr'>habeet‘pro</span> 
     </span>
     <span class='ocr_line' id='line_1_16' title="bbox 64 1491 1176 1580; baseline -0.001 -24"><span class='ocrx_word' id='word_1_134' title='bbox 64 1495 264 1578; x_wconf 83' lang='lat' dir='ltr'>prehensnra</span> <span class='ocrx_word' id='word_1_135' title='bbox 286 1501 325 1576; x_wconf 83' lang='lat' dir='ltr'>p)</span> <span class='ocrx_word' id='word_1_136' title='bbox 350 1494 389 1555; x_wconf 88' lang='lat' dir='ltr'>de</span> <span class='ocrx_word' id='word_1_137' title='bbox 415 1494 486 1570; x_wconf 88' lang='lat' dir='ltr'><strong>ipso</strong></span> <span class='ocrx_word' id='word_1_138' title='bbox 503 1513 596 1554; x_wconf 77' lang='lat' dir='ltr'>servo</span> <span class='ocrx_word' id='word_1_139' title='bbox 622 1491 715 1556; x_wconf 89' lang='lat' dir='ltr'><strong>solid.</strong></span> <span class='ocrx_word' id='word_1_140' title='bbox 739 1493 781 1553; x_wconf 89' lang='lat' dir='ltr'>II.</span> <span class='ocrx_word' id='word_1_141' title='bbox 846 1492 880 1552; x_wconf 88' lang='lat' dir='ltr'>Si</span> <span class='ocrx_word' id='word_1_142' title='bbox 917 1515 995 1557; x_wconf 83' lang='lat' dir='ltr'>vero</span> <span class='ocrx_word' id='word_1_143' title='bbox 1024 1505 1095 1580; x_wconf 83' lang='lat' dir='ltr'><strong>post</strong></span> <span class='ocrx_word' id='word_1_144' title='bbox 1122 1499 1176 1566; x_wconf 87' lang='lat' dir='ltr'>in-</span> 
     </span>
     <span class='ocr_line' id='line_1_17' title="bbox 65 1573 1178 1658; baseline 0.002 -22"><span class='ocrx_word' id='word_1_145' title='bbox 65 1577 216 1658; x_wconf 84' lang='lat' dir='ltr'><strong>quisitam</strong></span> <span class='ocrx_word' id='word_1_146' title='bbox 243 1597 385 1638; x_wconf 75' lang='lat' dir='ltr'><strong>caussam</strong></span> <span class='ocrx_word' id='word_1_147' title='bbox 412 1575 478 1657; x_wconf 87' lang='lat' dir='ltr'>ipse</span> <span class='ocrx_word' id='word_1_148' title='bbox 499 1575 625 1650; x_wconf 73' lang='lat' dir='ltr'>homo,&#39;</span> <span class='ocrx_word' id='word_1_149' title='bbox 649 1573 706 1655; x_wconf 90' lang='lat' dir='ltr'>qui</span> <span class='ocrx_word' id='word_1_150' title='bbox 734 1574 986 1657; x_wconf 84' lang='lat' dir='ltr'>comprehensus</span> <span class='ocrx_word' id='word_1_151' title='bbox 1011 1587 1077 1657; x_wconf 85' lang='lat' dir='ltr'>est,</span> <span class='ocrx_word' id='word_1_152' title='bbox 1120 1587 1178 1643; x_wconf 83' lang='lat' dir='ltr'>aut</span> 
     </span>
     <span class='ocr_line' id='line_1_18' title="bbox 65 1658 1176 1742; baseline 0.002 -24"><span class='ocrx_word' id='word_1_153' title='bbox 65 1659 238 1740; x_wconf 81' lang='lat' dir='ltr'><strong>inquisitus</strong></span> <span class='ocrx_word' id='word_1_154' title='bbox 266 1659 385 1736; x_wconf 86' lang='lat' dir='ltr'>fuerit,</span> <span class='ocrx_word' id='word_1_155' title='bbox 410 1659 494 1719; x_wconf 82' lang='lat' dir='ltr'>liber</span> <span class='ocrx_word' id='word_1_156' title='bbox 513 1658 713 1738; x_wconf 82' lang='lat' dir='ltr'>apparuerit,</span> <span class='ocrx_word' id='word_1_157' title='bbox 739 1658 830 1717; x_wconf 79' lang='lat' dir='ltr'>nulle</span> <span class='ocrx_word' id='word_1_158' title='bbox 857 1659 947 1720; x_wconf 82' lang='lat' dir='ltr'>silei</span> <span class='ocrx_word' id='word_1_159' title='bbox 974 1661 1091 1742; x_wconf 87' lang='lat' dir='ltr'><strong>culpa,</strong></span> <span class='ocrx_word' id='word_1_160' title='bbox 1117 1659 1176 1742; x_wconf 86' lang='lat' dir='ltr'>qui</span> 
     </span>
     <span class='ocr_line' id='line_1_19' title="bbox 65 1739 1176 1822; baseline 0 -20"><span class='ocrx_word' id='word_1_161' title='bbox 65 1762 139 1802; x_wconf 83' lang='lat' dir='ltr'>eum</span> <span class='ocrx_word' id='word_1_162' title='bbox 170 1741 434 1822; x_wconf 83' lang='lat' dir='ltr'>comprehendit,</span> <span class='ocrx_word' id='word_1_163' title='bbox 463 1749 517 1802; x_wconf 85' lang='lat' dir='ltr'>eut</span> <span class='ocrx_word' id='word_1_164' title='bbox 540 1739 719 1820; x_wconf 76' lang='lat' dir='ltr'><strong>inansivit</strong></span> <span class='ocrx_word' id='word_1_165' title='bbox 761 1740 892 1802; x_wconf 79' lang='lat' dir='ltr'>sivero</span> <span class='ocrx_word' id='word_1_166' title='bbox 916 1743 1083 1820; x_wconf 67' lang='lat' dir='ltr'><strong>Decianus,</strong></span> <span class='ocrx_word' id='word_1_167' title='bbox 1120 1752 1176 1802; x_wconf 82' lang='lat' dir='ltr'>nat</span> 
     </span>
     <span class='ocr_line' id='line_1_20' title="bbox 65 1819 1177 1904; baseline 0.001 -21"><span class='ocrx_word' id='word_1_168' title='bbox 65 1824 220 1884; x_wconf 86' lang='lat' dir='ltr'><strong>Saltarius</strong></span> <span class='ocrx_word' id='word_1_169' title='bbox 246 1823 309 1885; x_wconf 89' lang='lat' dir='ltr'>hoc</span> <span class='ocrx_word' id='word_1_170' title='bbox 330 1824 437 1884; x_wconf 82' lang='lat' dir='ltr'>facere</span> <span class='ocrx_word' id='word_1_171' title='bbox 461 1821 639 1900; x_wconf 74' lang='lat' dir='ltr'>distulenit,</span> <span class='ocrx_word' id='word_1_172' title='bbox 664 1832 835 1904; x_wconf 89' lang='lat' dir='ltr'>componat</span> <span class='ocrx_word' id='word_1_173' title='bbox 851 1824 908 1884; x_wconf 93' lang='lat' dir='ltr'><strong>sol.</strong></span> <span class='ocrx_word' id='word_1_174' title='bbox 930 1824 1010 1903; x_wconf 68' lang='lat' dir='ltr'>itt,</span> <span class='ocrx_word' id='word_1_175' title='bbox 1024 1819 1177 1898; x_wconf 47' lang='lat' dir='ltr'>medium,</span> 
     </span>
     <span class='ocr_line' id='line_1_21' title="bbox 64 1905 1175 1987; baseline 0 -21"><span class='ocrx_word' id='word_1_176' title='bbox 64 1905 234 1966; x_wconf 84' lang='lat' dir='ltr'><strong>Sculdahis</strong></span> <span class='ocrx_word' id='word_1_177' title='bbox 271 1927 349 1984; x_wconf 89' lang='lat' dir='ltr'><strong>suo,</strong></span> <span class='ocrx_word' id='word_1_178' title='bbox 393 1915 425 1966; x_wconf 87' lang='lat' dir='ltr'>et</span> <span class='ocrx_word' id='word_1_179' title='bbox 460 1905 603 1966; x_wconf 82' lang='lat' dir='ltr'>medinm</span> <span class='ocrx_word' id='word_1_180' title='bbox 640 1905 733 1964; x_wconf 87' lang='lat' dir='ltr'><strong>cuius</strong></span> <span class='ocrx_word' id='word_1_181' title='bbox 769 1926 879 1966; x_wconf 77' lang='lat' dir='ltr'><strong>caussa</strong></span> <span class='ocrx_word' id='word_1_182' title='bbox 907 1907 1018 1967; x_wconf 81' lang='lat' dir='ltr'>fuerit.</span> <span class='ocrx_word' id='word_1_183' title='bbox 1075 1907 1118 1968; x_wconf 89' lang='lat' dir='ltr'>Et</span> <span class='ocrx_word' id='word_1_184' title='bbox 1146 1907 1175 1987; x_wconf 80' lang='lat' dir='ltr'><strong>si</strong></span> 
     </span>
     <span class='ocr_line' id='line_1_22' title="bbox 62 1987 1230 2072; baseline 0 -23"><span class='ocrx_word' id='word_1_185' title='bbox 62 1987 232 2049; x_wconf 82' lang='lat' dir='ltr'><strong>Sculdahis</strong></span> <span class='ocrx_word' id='word_1_186' title='bbox 263 1987 326 2047; x_wconf 90' lang='lat' dir='ltr'>hoc</span> <span class='ocrx_word' id='word_1_187' title='bbox 355 1988 536 2072; x_wconf 75' lang='lat' dir='ltr'>neglexerit</span> <span class='ocrx_word' id='word_1_188' title='bbox 566 1987 691 2063; x_wconf 86' lang='lat' dir='ltr'>facere,</span> <span class='ocrx_word' id='word_1_189' title='bbox 726 1999 897 2070; x_wconf 84' lang='lat' dir='ltr'>componat</span> <span class='ocrx_word' id='word_1_190' title='bbox 927 1989 1020 2050; x_wconf 90' lang='lat' dir='ltr'><strong>solid.</strong></span> <span class='ocrx_word' id='word_1_191' title='bbox 1053 1989 1171 2067; x_wconf 76' lang='lat' dir='ltr'>VIII,</span> <span class='ocrx_word' id='word_1_192' title='bbox 1227 2001 1230 2009; x_wconf 82' lang='grc'><strong><em>’</em></strong></span> 
     </span>
     <span class='ocr_line' id='line_1_23' title="bbox 62 2068 1173 2138; baseline 0.002 -8"><span class='ocrx_word' id='word_1_193' title='bbox 62 2069 205 2132; x_wconf 83' lang='lat' dir='ltr'>medium</span> <span class='ocrx_word' id='word_1_194' title='bbox 233 2069 334 2130; x_wconf 88' lang='lat' dir='ltr'><strong>indici</strong></span> <span class='ocrx_word' id='word_1_195' title='bbox 363 2092 423 2132; x_wconf 87' lang='lat' dir='ltr'><strong>suo</strong></span> <span class='ocrx_word' id='word_1_196' title='bbox 446 2080 477 2131; x_wconf 85' lang='lat' dir='ltr'>el</span> <span class='ocrx_word' id='word_1_197' title='bbox 496 2069 638 2129; x_wconf 83' lang='lat' dir='ltr'>medinm</span> <span class='ocrx_word' id='word_1_198' title='bbox 669 2068 761 2131; x_wconf 84' lang='lat' dir='ltr'><strong>cuius</strong></span> <span class='ocrx_word' id='word_1_199' title='bbox 787 2073 896 2131; x_wconf 80' lang='lat' dir='ltr'><strong>caussa</strong></span> <span class='ocrx_word' id='word_1_200' title='bbox 920 2082 980 2138; x_wconf 84' lang='lat' dir='ltr'>est.</span> <span class='ocrx_word' id='word_1_201' title='bbox 1035 2073 1069 2132; x_wconf 91' lang='lat' dir='ltr'>Si</span> <span class='ocrx_word' id='word_1_202' title='bbox 1094 2095 1173 2133; x_wconf 79' lang='lat' dir='ltr'>vero</span> 
     </span>
     <span class='ocr_line' id='line_1_24' title="bbox 62 2151 1172 2234; baseline -0.002 -19"><span class='ocrx_word' id='word_1_203' title='bbox 62 2154 162 2215; x_wconf 83' lang='lat' dir='ltr'>iudex</span> <span class='ocrx_word' id='word_1_204' title='bbox 202 2151 242 2212; x_wconf 90' lang='lat' dir='ltr'>ad</span> <span class='ocrx_word' id='word_1_205' title='bbox 271 2163 351 2211; x_wconf 76' lang='lat' dir='ltr'>enm·</span> <span class='ocrx_word' id='word_1_206' title='bbox 376 2153 630 2234; x_wconf 85' lang='lat' dir='ltr'>inquirendum,</span> <span class='ocrx_word' id='word_1_207' title='bbox 661 2151 715 2213; x_wconf 78' lang='lat' dir='ltr'>vel</span> <span class='ocrx_word' id='word_1_208' title='bbox 748 2153 933 2213; x_wconf 84' lang='lat' dir='ltr'>mandatum</span> <span class='ocrx_word' id='word_1_209' title='bbox 966 2155 1172 2232; x_wconf 84' lang='lat' dir='ltr'>faciendum,</span> 
     </span>
     <span class='ocr_line' id='line_1_25' title="bbox 62 2233 1173 2328; baseline -0.002 -30"><span class='ocrx_word' id='word_1_210' title='bbox 62 2237 151 2298; x_wconf 87' lang='lat' dir='ltr'>unde</span> <span class='ocrx_word' id='word_1_211' title='bbox 183 2233 251 2318; x_wconf 87' lang='lat' dir='ltr'>ipse</span> <span class='ocrx_word' id='word_1_212' title='bbox 281 2233 381 2296; x_wconf 81' lang='lat' dir='ltr'>homo</span> <span class='ocrx_word' id='word_1_213' title='bbox 421 2246 486 2313; x_wconf 85' lang='lat' dir='ltr'>est,</span> <span class='ocrx_word' id='word_1_214' title='bbox 528 2235 708 2313; x_wconf 84' lang='lat' dir='ltr'>distulerit,</span> <span class='ocrx_word' id='word_1_215' title='bbox 743 2244 914 2319; x_wconf 83' lang='lat' dir='ltr'><strong>componat</strong></span> <span class='ocrx_word' id='word_1_216' title='bbox 941 2238 1002 2302; x_wconf 82' lang='lat' dir='ltr'><strong>sol.</strong></span> <span class='ocrx_word' id='word_1_217' title='bbox 1035 2235 1112 2328; x_wconf 70' lang='lat' dir='ltr'>XII.</span> <span class='ocrx_word' id='word_1_218' title='bbox 1137 2237 1173 2296; x_wconf 88' lang='lat' dir='ltr'>in</span> 
     </span>
     <span class='ocr_line' id='line_1_26' title="bbox 61 2315 1173 2398; baseline -0.005 -15"><span class='ocrx_word' id='word_1_219' title='bbox 61 2318 185 2383; x_wconf 83' lang='lat' dir='ltr'><strong>Palatio</strong></span> <span class='ocrx_word' id='word_1_220' title='bbox 210 2317 315 2398; x_wconf 85' lang='lat' dir='ltr'>Regis.</span> <span class='ocrx_word' id='word_1_221' title='bbox 379 2317 421 2378; x_wconf 86' lang='lat' dir='ltr'>Et</span> <span class='ocrx_word' id='word_1_222' title='bbox 446 2317 473 2379; x_wconf 89' lang='lat' dir='ltr'><strong>si</strong></span> <span class='ocrx_word' id='word_1_223' title='bbox 497 2315 554 2376; x_wconf 89' lang='lat' dir='ltr'>ille</span> <span class='ocrx_word' id='word_1_224' title='bbox 583 2315 699 2394; x_wconf 79' lang='lat' dir='ltr'>index,</span> <span class='ocrx_word' id='word_1_225' title='bbox 746 2319 799 2378; x_wconf 79' lang='lat' dir='ltr'>coi</span> <span class='ocrx_word' id='word_1_226' title='bbox 834 2318 1021 2379; x_wconf 83' lang='lat' dir='ltr'>mandatum</span> <span class='ocrx_word' id='word_1_227' title='bbox 1054 2319 1173 2395; x_wconf 84' lang='lat' dir='ltr'>fuerit,</span> 
     </span>
     <span class='ocr_line' id='line_1_27' title="bbox 62 2398 1174 2483; baseline -0.004 -19"><span class='ocrx_word' id='word_1_228' title='bbox 62 2399 249 2482; x_wconf 82' lang='lat' dir='ltr'>neglectum</span> <span class='ocrx_word' id='word_1_229' title='bbox 269 2400 384 2460; x_wconf 83' lang='lat' dir='ltr'>fecerit</span> <span class='ocrx_word' id='word_1_230' title='bbox 412 2399 452 2461; x_wconf 83' lang='lat' dir='ltr'>ad</span> <span class='ocrx_word' id='word_1_231' title='bbox 477 2400 583 2481; x_wconf 85' lang='lat' dir='ltr'><strong>ipsum</strong></span> <span class='ocrx_word' id='word_1_232' title='bbox 609 2398 775 2461; x_wconf 85' lang='lat' dir='ltr'>hominem</span> <span class='ocrx_word' id='word_1_233' title='bbox 801 2400 1079 2483; x_wconf 83' lang='lat' dir='ltr'>recolligendum,</span> <span class='ocrx_word' id='word_1_234' title='bbox 1119 2410 1174 2461; x_wconf 87' lang='lat' dir='ltr'>aut</span> 
     </span>
     <span class='ocr_line' id='line_1_28' title="bbox 61 2480 1178 2567; baseline 0.001 -24"><span class='ocrx_word' id='word_1_235' title='bbox 61 2485 239 2546; x_wconf 83' lang='lat' dir='ltr'><strong>Animanno</strong></span> <span class='ocrx_word' id='word_1_236' title='bbox 262 2503 319 2543; x_wconf 90' lang='lat' dir='ltr'><strong>suo</strong></span> <span class='ocrx_word' id='word_1_237' title='bbox 340 2481 523 2544; x_wconf 88' lang='lat' dir='ltr'>faciendum</span> <span class='ocrx_word' id='word_1_238' title='bbox 542 2480 751 2542; x_wconf 72' lang='lat' dir='ltr'><strong>mandatums</strong></span> <span class='ocrx_word' id='word_1_239' title='bbox 777 2483 859 2567; x_wconf 78' lang='lat' dir='ltr'>Quia</span> <span class='ocrx_word' id='word_1_240' title='bbox 883 2485 917 2543; x_wconf 85' lang='lat' dir='ltr'>in</span> <span class='ocrx_word' id='word_1_241' title='bbox 941 2485 999 2543; x_wconf 78' lang='lat' dir='ltr'>tali</span> <span class='ocrx_word' id='word_1_242' title='bbox 1022 2486 1097 2545; x_wconf 69' lang='lat' dir='ltr'><strong>loco:</strong></span> <span class='ocrx_word' id='word_1_243' title='bbox 1115 2485 1178 2544; x_wconf 79' lang='lat' dir='ltr'><strong>ho-&#39;</strong></span> 
     </span>
     <span class='ocr_line' id='line_1_29' title="bbox 61 2563 1173 2650; baseline -0.003 -23"><span class='ocrx_word' id='word_1_244' title='bbox 61 2587 115 2627; x_wconf 88' lang='lat' dir='ltr'>mo</span> <span class='ocrx_word' id='word_1_245' title='bbox 142 2577 212 2624; x_wconf 84' lang='lat' dir='ltr'><strong>tuus</strong></span> <span class='ocrx_word' id='word_1_246' title='bbox 242 2567 482 2646; x_wconf 81' lang='lat' dir='ltr'>comprehensus</span> <span class='ocrx_word' id='word_1_247' title='bbox 511 2576 575 2623; x_wconf 78' lang='lat' dir='ltr'>est:</span> <span class='ocrx_word' id='word_1_248' title='bbox 603 2573 635 2624; x_wconf 91' lang='lat' dir='ltr'>et</span> <span class='ocrx_word' id='word_1_249' title='bbox 660 2563 687 2625; x_wconf 88' lang='lat' dir='ltr'><strong>si</strong></span> <span class='ocrx_word' id='word_1_250' title='bbox 718 2565 780 2626; x_wconf 89' lang='lat' dir='ltr'>hoc</span> <span class='ocrx_word' id='word_1_251' title='bbox 812 2565 1011 2650; x_wconf 80' lang='lat' dir='ltr'>neglexerit,</span> <span class='ocrx_word' id='word_1_252' title='bbox 1044 2587 1173 2647; x_wconf 85' lang='lat' dir='ltr'>compo-</span> 
     </span>
     <span class='ocr_line' id='line_1_30' title="bbox 61 2644 1174 2730; baseline -0.002 -22"><span class='ocrx_word' id='word_1_253' title='bbox 61 2658 118 2708; x_wconf 82' lang='lat' dir='ltr'>nat</span> <span class='ocrx_word' id='word_1_254' title='bbox 138 2647 172 2707; x_wconf 94' lang='lat' dir='ltr'>in</span> <span class='ocrx_word' id='word_1_255' title='bbox 200 2648 319 2730; x_wconf 86' lang='lat' dir='ltr'><strong>palatio</strong></span> <span class='ocrx_word' id='word_1_256' title='bbox 348 2648 444 2730; x_wconf 82' lang='lat' dir='ltr'>Regis</span> <span class='ocrx_word' id='word_1_257' title='bbox 471 2644 564 2708; x_wconf 87' lang='lat' dir='ltr'><strong>solid.</strong></span> <span class='ocrx_word' id='word_1_258' title='bbox 586 2644 667 2708; x_wconf 86' lang='lat' dir='ltr'>XII.</span> <span class='ocrx_word' id='word_1_259' title='bbox 715 2647 758 2706; x_wconf 83' lang='lat' dir='ltr'>Et</span> <span class='ocrx_word' id='word_1_260' title='bbox 791 2645 832 2709; x_wconf 91' lang='lat' dir='ltr'><strong>sit</strong></span> <span class='ocrx_word' id='word_1_261' title='bbox 866 2647 1004 2730; x_wconf 79' lang='lat' dir='ltr'><strong>spatium</strong></span> <span class='ocrx_word' id='word_1_262' title='bbox 1035 2647 1074 2709; x_wconf 89' lang='lat' dir='ltr'>de</span> <span class='ocrx_word' id='word_1_263' title='bbox 1103 2649 1174 2728; x_wconf 82' lang='lat' dir='ltr'><strong>ipso</strong></span> 
     </span>
     <span class='ocr_line' id='line_1_31' title="bbox 62 2728 1173 2812; baseline 0.002 -22"><span class='ocrx_word' id='word_1_264' title='bbox 62 2730 215 2791; x_wconf 89' lang='lat' dir='ltr'><strong>mandato</strong></span> <span class='ocrx_word' id='word_1_265' title='bbox 234 2729 402 2808; x_wconf 84' lang='lat' dir='ltr'>faciendo,</span> <span class='ocrx_word' id='word_1_266' title='bbox 435 2734 465 2789; x_wconf 89' lang='lat' dir='ltr'>in</span> <span class='ocrx_word' id='word_1_267' title='bbox 491 2728 542 2792; x_wconf 86' lang='lat' dir='ltr'><strong>his</strong></span> <span class='ocrx_word' id='word_1_268' title='bbox 563 2729 706 2812; x_wconf 79' lang='lat' dir='ltr'><strong>partibus</strong></span> <span class='ocrx_word' id='word_1_269' title='bbox 734 2729 768 2794; x_wconf 86' lang='lat' dir='ltr'>in</span> <span class='ocrx_word' id='word_1_270' title='bbox 789 2751 899 2792; x_wconf 86' lang='lat' dir='ltr'>mense</span> <span class='ocrx_word' id='word_1_271' title='bbox 925 2751 1014 2808; x_wconf 82' lang='lat' dir='ltr'><strong>uno,</strong></span> <span class='ocrx_word' id='word_1_272' title='bbox 1040 2739 1072 2790; x_wconf 88' lang='lat' dir='ltr'>et</span> <span class='ocrx_word' id='word_1_273' title='bbox 1085 2738 1173 2792; x_wconf 82' lang='lat' dir='ltr'><strong>trans</strong></span> 
     </span>
    </p>
   </div>
   <div class='ocr_carea' id='block_1_4' title="bbox 60 2811 1183 3376">
    <p class='ocr_par' dir='ltr' id='par_1_4' title="bbox 60 2811 1183 3376">
     <span class='ocr_line' id='line_1_32' title="bbox 61 2811 1130 2897; baseline -0.003 -24"><span class='ocrx_word' id='word_1_274' title='bbox 61 2813 159 2897; x_wconf 87' lang='lat' dir='ltr'>Alpes</span> <span class='ocrx_word' id='word_1_275' title='bbox 183 2811 382 2895; x_wconf 84' lang='lat' dir='ltr'><strong>inpartibus</strong></span> <span class='ocrx_word' id='word_1_276' title='bbox 405 2811 540 2872; x_wconf 86' lang='lat' dir='ltr'>Tusciae</span> <span class='ocrx_word' id='word_1_277' title='bbox 566 2813 729 2874; x_wconf 88' lang='lat' dir='ltr'><strong>mensibus</strong></span> <span class='ocrx_word' id='word_1_278' title='bbox 759 2813 894 2874; x_wconf 85' lang='lat' dir='ltr'><strong>duobus.</strong></span> <span class='ocrx_word' id='word_1_279' title='bbox 961 2813 986 2879; x_wconf 91' lang='lat' dir='ltr'>l.</span> <span class='ocrx_word' id='word_1_280' title='bbox 1009 2813 1058 2875; x_wconf 78' lang='lat'>25.</span> <span class='ocrx_word' id='word_1_281' title='bbox 1079 2813 1130 2876; x_wconf 74' lang='lat'>50.</span> 
     </span>
     <span class='ocr_line' id='line_1_33' title="bbox 130 2894 1175 2966; baseline 0 -20"><span class='ocrx_word' id='word_1_282' title='bbox 130 2912 210 2946; x_wconf 78' lang='lat' dir='ltr'><strong>noun.</strong></span> <span class='ocrx_word' id='word_1_283' title='bbox 280 2897 359 2947; x_wconf 74' lang='lat' dir='ltr'>Petne</span> <span class='ocrx_word' id='word_1_284' title='bbox 378 2896 505 2956; x_wconf 86' lang='lat' dir='ltr'>Decane,</span> <span class='ocrx_word' id='word_1_285' title='bbox 524 2894 570 2946; x_wconf 85' lang='lat' dir='ltr'>vel</span> <span class='ocrx_word' id='word_1_286' title='bbox 586 2894 718 2957; x_wconf 87' lang='lat' dir='ltr'>Saltarie,</span> <span class='ocrx_word' id='word_1_287' title='bbox 742 2903 771 2947; x_wconf 86' lang='lat' dir='ltr'>te</span> <span class='ocrx_word' id='word_1_288' title='bbox 794 2896 915 2966; x_wconf 80' lang='lat' dir='ltr'>appellat</span> <span class='ocrx_word' id='word_1_289' title='bbox 927 2896 1077 2958; x_wconf 82' lang='lat' dir='ltr'><strong>Martinus,</strong></span> <span class='ocrx_word' id='word_1_290' title='bbox 1098 2895 1175 2965; x_wconf 88' lang='lat' dir='ltr'><strong>quod·</strong></span> 
     </span>
     <span class='ocr_line' id='line_1_34' title="bbox 61 2960 1173 3032; baseline 0 -16"><span class='ocrx_word' id='word_1_291' title='bbox 61 2972 95 3016; x_wconf 81' lang='lat' dir='ltr'>tu</span> <span class='ocrx_word' id='word_1_292' title='bbox 115 2960 283 3032; x_wconf 83' lang='lat' dir='ltr'>prehendisti</span> <span class='ocrx_word' id='word_1_293' title='bbox 301 2983 385 3016; x_wconf 92' lang='lat' dir='ltr'>unum</span> <span class='ocrx_word' id='word_1_294' title='bbox 409 2982 487 3017; x_wconf 89' lang='lat' dir='ltr'><strong>suum</strong></span> <span class='ocrx_word' id='word_1_295' title='bbox 506 2980 610 3015; x_wconf 84' lang='lat' dir='ltr'>servum</span> <span class='ocrx_word' id='word_1_296' title='bbox 626 2964 766 3030; x_wconf 84' lang='lat' dir='ltr'>fugacem,</span> <span class='ocrx_word' id='word_1_297' title='bbox 794 2975 820 3017; x_wconf 91' lang='lat' dir='ltr'>et</span> <span class='ocrx_word' id='word_1_298' title='bbox 838 2984 894 3016; x_wconf 94' lang='lat' dir='ltr'>non</span> <span class='ocrx_word' id='word_1_299' title='bbox 913 2966 1021 3018; x_wconf 90' lang='lat' dir='ltr'><strong>minasti</strong></span> <span class='ocrx_word' id='word_1_300' title='bbox 1041 2965 1075 3015; x_wconf 83' lang='lat' dir='ltr'>ad</span> <span class='ocrx_word' id='word_1_301' title='bbox 1093 2975 1173 3017; x_wconf 91' lang='lat' dir='ltr'>tuum</span> 
     </span>
     <span class='ocr_line' id='line_1_35' title="bbox 62 3033 1173 3104; baseline 0.002 -20"><span class='ocrx_word' id='word_1_302' title='bbox 62 3033 259 3085; x_wconf 85' lang='lat' dir='ltr'><strong>Seuldascium.</strong></span> <span class='ocrx_word' id='word_1_303' title='bbox 303 3036 380 3087; x_wconf 78' lang='lat' dir='ltr'>Petne</span> <span class='ocrx_word' id='word_1_304' title='bbox 409 3033 599 3095; x_wconf 75' lang='lat' dir='ltr'><strong>sculdascius,</strong></span> <span class='ocrx_word' id='word_1_305' title='bbox 633 3042 663 3084; x_wconf 88' lang='lat' dir='ltr'>te</span> <span class='ocrx_word' id='word_1_306' title='bbox 691 3035 813 3103; x_wconf 84' lang='lat' dir='ltr'>appellat</span> <span class='ocrx_word' id='word_1_307' title='bbox 837 3035 990 3098; x_wconf 83' lang='lat' dir='ltr'><strong>Martinus,</strong></span> <span class='ocrx_word' id='word_1_308' title='bbox 1018 3036 1093 3104; x_wconf 89' lang='lat' dir='ltr'><strong>quod</strong></span> <span class='ocrx_word' id='word_1_309' title='bbox 1117 3033 1173 3086; x_wconf 86' lang='lat' dir='ltr'>Do-</span> 
     </span>
     <span class='ocr_line' id='line_1_36' title="bbox 61 3103 1172 3170; baseline -0.001 -16"><span class='ocrx_word' id='word_1_310' title='bbox 61 3111 142 3154; x_wconf 86' lang='lat' dir='ltr'>natus</span> <span class='ocrx_word' id='word_1_311' title='bbox 163 3110 227 3153; x_wconf 87' lang='lat' dir='ltr'><strong>tuus</strong></span> <span class='ocrx_word' id='word_1_312' title='bbox 257 3105 383 3155; x_wconf 84' lang='lat' dir='ltr'><strong>Decanns</strong></span> <span class='ocrx_word' id='word_1_313' title='bbox 415 3103 584 3170; x_wconf 82' lang='lat' dir='ltr'>consignavit</span> <span class='ocrx_word' id='word_1_314' title='bbox 608 3103 660 3156; x_wconf 87' lang='lat' dir='ltr'>tibi</span> <span class='ocrx_word' id='word_1_315' title='bbox 682 3123 767 3156; x_wconf 89' lang='lat' dir='ltr'>unum</span> <span class='ocrx_word' id='word_1_316' title='bbox 791 3122 895 3158; x_wconf 85' lang='lat' dir='ltr'>servum</span> <span class='ocrx_word' id='word_1_317' title='bbox 920 3105 1061 3170; x_wconf 85' lang='lat' dir='ltr'>fugacem,</span> <span class='ocrx_word' id='word_1_318' title='bbox 1090 3112 1117 3155; x_wconf 90' lang='lat' dir='ltr'>et</span> <span class='ocrx_word' id='word_1_319' title='bbox 1140 3113 1172 3154; x_wconf 88' lang='lat' dir='ltr'>tu</span> 
     </span>
     <span class='ocr_line' id='line_1_37' title="bbox 61 3173 1172 3244; baseline 0 -22"><span class='ocrx_word' id='word_1_320' title='bbox 61 3189 117 3223; x_wconf 89' lang='lat' dir='ltr'>non</span> <span class='ocrx_word' id='word_1_321' title='bbox 143 3173 441 3236; x_wconf 82' lang='lat' dir='ltr'><strong>consignastiadtuum</strong></span> <span class='ocrx_word' id='word_1_322' title='bbox 458 3174 598 3226; x_wconf 79' lang='lat' dir='ltr'>Comitem.</span> <span class='ocrx_word' id='word_1_323' title='bbox 640 3174 720 3225; x_wconf 78' lang='lat' dir='ltr'>Petne</span> <span class='ocrx_word' id='word_1_324' title='bbox 733 3176 844 3236; x_wconf 86' lang='lat' dir='ltr'>Comes,</span> <span class='ocrx_word' id='word_1_325' title='bbox 863 3185 892 3226; x_wconf 86' lang='lat' dir='ltr'>te</span> <span class='ocrx_word' id='word_1_326' title='bbox 907 3175 1027 3244; x_wconf 81' lang='lat' dir='ltr'>appellat</span> <span class='ocrx_word' id='word_1_327' title='bbox 1038 3173 1172 3225; x_wconf 84' lang='lat' dir='ltr'><strong>Martinus</strong></span> 
     </span>
     <span class='ocr_line' id='line_1_38' title="bbox 63 3240 1183 3313; baseline 0 -21"><span class='ocrx_word' id='word_1_328' title='bbox 63 3241 111 3310; x_wconf 87' lang='lat' dir='ltr'>qui</span> <span class='ocrx_word' id='word_1_329' title='bbox 129 3249 170 3291; x_wconf 90' lang='lat' dir='ltr'>est</span> <span class='ocrx_word' id='word_1_330' title='bbox 190 3241 336 3293; x_wconf 73' lang='lat' dir='ltr'><strong>advocatus</strong></span> <span class='ocrx_word' id='word_1_331' title='bbox 354 3242 387 3292; x_wconf 89' lang='lat' dir='ltr'>de</span> <span class='ocrx_word' id='word_1_332' title='bbox 408 3251 488 3312; x_wconf 81' lang='lat' dir='ltr'>parte</span> <span class='ocrx_word' id='word_1_333' title='bbox 502 3241 632 3312; x_wconf 86' lang='lat' dir='ltr'><strong>publica,</strong></span> <span class='ocrx_word' id='word_1_334' title='bbox 657 3244 733 3313; x_wconf 86' lang='lat' dir='ltr'><strong>quod</strong></span> <span class='ocrx_word' id='word_1_335' title='bbox 749 3246 871 3296; x_wconf 85' lang='lat' dir='ltr'>Donatus</span> <span class='ocrx_word' id='word_1_336' title='bbox 883 3253 952 3295; x_wconf 88' lang='lat' dir='ltr'><strong>tuus</strong></span> <span class='ocrx_word' id='word_1_337' title='bbox 965 3240 1090 3294; x_wconf 86' lang='lat' dir='ltr'><strong>Sculdais</strong></span> <span class='ocrx_word' id='word_1_338' title='bbox 1107 3260 1183 3294; x_wconf 54' lang='lat' dir='ltr'>con-¹</span> 
     </span>
     <span class='ocr_line' id='line_1_39' title="bbox 60 3310 1171 3376; baseline 0 -14"><span class='ocrx_word' id='word_1_339' title='bbox 60 3311 176 3376; x_wconf 76' lang='lat' dir='ltr'><strong>signavit</strong></span> <span class='ocrx_word' id='word_1_340' title='bbox 195 3310 246 3362; x_wconf 93' lang='lat' dir='ltr'>tibi</span> <span class='ocrx_word' id='word_1_341' title='bbox 265 3311 400 3362; x_wconf 86' lang='lat' dir='ltr'>hominem</span> <span class='ocrx_word' id='word_1_342' title='bbox 412 3313 542 3364; x_wconf 85' lang='lat' dir='ltr'>advenam</span> <span class='ocrx_word' id='word_1_343' title='bbox 554 3320 581 3361; x_wconf 90' lang='lat' dir='ltr'>et</span> <span class='ocrx_word' id='word_1_344' title='bbox 596 3323 627 3365; x_wconf 86' lang='lat' dir='ltr'>tu</span> <span class='ocrx_word' id='word_1_345' title='bbox 638 3313 770 3365; x_wconf 83' lang='lat' dir='ltr'>distulisti</span> <span class='ocrx_word' id='word_1_346' title='bbox 788 3314 916 3366; x_wconf 84' lang='lat' dir='ltr'>mandare</span> <span class='ocrx_word' id='word_1_347' title='bbox 931 3313 967 3364; x_wconf 76' lang='lat' dir='ltr'>ad&#39;</span> <span class='ocrx_word' id='word_1_348' title='bbox 984 3313 1118 3364; x_wconf 76' lang='lat' dir='ltr'>Comitem</span> <span class='ocrx_word' id='word_1_349' title='bbox 1138 3313 1171 3362; x_wconf 91' lang='lat' dir='ltr'>de</span> 
     </span>
    </p>
   </div>
   <div class='ocr_carea' id='block_1_5' title="bbox 53 3379 1253 3452">
    <p class='ocr_par' dir='ltr' id='par_1_5' title="bbox 53 3379 1253 3452">
     <span class='ocr_line' id='line_1_40' title="bbox 53 3379 1253 3452; baseline 0.001 -19"><span class='ocrx_word' id='word_1_350' title='bbox 53 3379 288 3433; x_wconf 58' lang='lat' dir='ltr'>*euiusComitatu</span> <span class='ocrx_word' id='word_1_351' title='bbox 310 3380 369 3450; x_wconf 82' lang='lat' dir='ltr'>ipse</span> <span class='ocrx_word' id='word_1_352' title='bbox 389 3381 498 3447; x_wconf 84' lang='lat' dir='ltr'>fugerat.</span> <span class='ocrx_word' id='word_1_353' title='bbox 518 3384 595 3444; x_wconf 72' lang='lat' dir='ltr'>Petne</span> <span class='ocrx_word' id='word_1_354' title='bbox 612 3384 718 3445; x_wconf 87' lang='lat' dir='ltr'>Comes,</span> <span class='ocrx_word' id='word_1_355' title='bbox 732 3391 761 3434; x_wconf 87' lang='lat' dir='ltr'>te</span> <span class='ocrx_word' id='word_1_356' title='bbox 781 3384 902 3452; x_wconf 85' lang='lat' dir='ltr'>appellat</span> <span class='ocrx_word' id='word_1_357' title='bbox 917 3380 1052 3433; x_wconf 76' lang='lat' dir='ltr'><strong>Mai-tinus</strong></span> <span class='ocrx_word' id='word_1_358' title='bbox 1071 3381 1116 3451; x_wconf 89' lang='lat' dir='ltr'>qui</span> <span class='ocrx_word' id='word_1_359' title='bbox 1131 3392 1172 3438; x_wconf 83' lang='lat' dir='ltr'>est</span> <span class='ocrx_word' id='word_1_360' title='bbox 1251 3396 1253 3402; x_wconf 87' lang='grc'><strong>’</strong></span> 
     </span>
    </p>
   </div>
   <div class='ocr_carea' id='block_1_6' title="bbox 60 3450 1180 3801">
    <p class='ocr_par' dir='ltr' id='par_1_6' title="bbox 60 3450 1180 3801">
     <span class='ocr_line' id='line_1_41' title="bbox 62 3450 1172 3520; baseline 0.001 -19"><span class='ocrx_word' id='word_1_361' title='bbox 62 3451 210 3502; x_wconf 85' lang='lat' dir='ltr'><strong>advocatus</strong></span> <span class='ocrx_word' id='word_1_362' title='bbox 223 3450 257 3501; x_wconf 91' lang='lat' dir='ltr'>dc</span> <span class='ocrx_word' id='word_1_363' title='bbox 270 3460 347 3519; x_wconf 83' lang='lat' dir='ltr'>parte</span> <span class='ocrx_word' id='word_1_364' title='bbox 373 3451 501 3518; x_wconf 87' lang='lat' dir='ltr'><strong>publica,</strong></span> <span class='ocrx_word' id='word_1_365' title='bbox 521 3452 595 3520; x_wconf 90' lang='lat' dir='ltr'><strong>quod</strong></span> <span class='ocrx_word' id='word_1_366' title='bbox 613 3452 666 3502; x_wconf 87' lang='lat' dir='ltr'>tibi</span> <span class='ocrx_word' id='word_1_367' title='bbox 679 3451 754 3504; x_wconf 86' lang='lat' dir='ltr'>uenit</span> <span class='ocrx_word' id='word_1_368' title='bbox 769 3453 926 3504; x_wconf 88' lang='lat' dir='ltr'>mandatum</span> <span class='ocrx_word' id='word_1_369' title='bbox 941 3453 975 3503; x_wconf 85' lang='lat' dir='ltr'>de</span> <span class='ocrx_word' id='word_1_370' title='bbox 992 3452 1099 3503; x_wconf 88' lang='lat' dir='ltr'>Comite</span> <span class='ocrx_word' id='word_1_371' title='bbox 1109 3453 1172 3504; x_wconf 76' lang='lat' dir='ltr'>Pla-</span> 
     </span>
     <span class='ocr_line' id='line_1_42' title="bbox 62 3521 1180 3589; baseline -0.002 -16"><span class='ocrx_word' id='word_1_372' title='bbox 62 3521 189 3582; x_wconf 87' lang='lat' dir='ltr'>centino,</span> <span class='ocrx_word' id='word_1_373' title='bbox 213 3521 288 3589; x_wconf 86' lang='lat' dir='ltr'><strong>quod</strong></span> <span class='ocrx_word' id='word_1_374' title='bbox 305 3529 335 3572; x_wconf 92' lang='lat' dir='ltr'>tu</span> <span class='ocrx_word' id='word_1_375' title='bbox 353 3522 521 3586; x_wconf 81' lang='lat' dir='ltr'>recolligeres</span> <span class='ocrx_word' id='word_1_376' title='bbox 539 3537 622 3571; x_wconf 87' lang='lat' dir='ltr'>unum</span> <span class='ocrx_word' id='word_1_377' title='bbox 636 3521 773 3573; x_wconf 89' lang='lat' dir='ltr'>hominem</span> <span class='ocrx_word' id='word_1_378' title='bbox 792 3523 923 3575; x_wconf 85' lang='lat' dir='ltr'>advenam</span> <span class='ocrx_word' id='word_1_379' title='bbox 942 3522 979 3573; x_wconf 84' lang='lat' dir='ltr'>de</span> <span class='ocrx_word' id='word_1_380' title='bbox 995 3531 1042 3574; x_wconf 88' lang='lat' dir='ltr'>tuo</span> <span class='ocrx_word' id='word_1_381' title='bbox 1052 3521 1180 3580; x_wconf 78' lang='lat' dir='ltr'>Comita-¹</span> 
     </span>
     <span class='ocr_line' id='line_1_43' title="bbox 60 3583 1170 3660; baseline 0.001 -18"><span class='ocrx_word' id='word_1_382' title='bbox 60 3600 110 3652; x_wconf 83' lang='lat' dir='ltr'>tu,</span> <span class='ocrx_word' id='word_1_383' title='bbox 136 3607 217 3659; x_wconf 87' lang='lat' dir='ltr'>quem</span> <span class='ocrx_word' id='word_1_384' title='bbox 230 3590 351 3642; x_wconf 87' lang='lat' dir='ltr'>habebat</span> <span class='ocrx_word' id='word_1_385' title='bbox 368 3583 592 3660; x_wconf 74' lang='lat' dir='ltr'>compl-ehensum</span> <span class='ocrx_word' id='word_1_386' title='bbox 610 3591 644 3642; x_wconf 87' lang='lat' dir='ltr'>de</span> <span class='ocrx_word' id='word_1_387' title='bbox 666 3593 694 3642; x_wconf 93' lang='lat' dir='ltr'>in</span> <span class='ocrx_word' id='word_1_388' title='bbox 711 3601 761 3644; x_wconf 91' lang='lat' dir='ltr'>tuo</span> <span class='ocrx_word' id='word_1_389' title='bbox 777 3593 931 3653; x_wconf 78' lang='lat' dir='ltr'>comitatu,</span> <span class='ocrx_word' id='word_1_390' title='bbox 959 3599 986 3643; x_wconf 89' lang='lat' dir='ltr'>et</span> <span class='ocrx_word' id='word_1_391' title='bbox 1002 3600 1032 3643; x_wconf 91' lang='lat' dir='ltr'>tn</span> <span class='ocrx_word' id='word_1_392' title='bbox 1049 3591 1170 3643; x_wconf 84' lang='lat' dir='ltr'><strong>habuisti</strong></span> 
     </span>
     <span class='ocr_line' id='line_1_44' title="bbox 61 3660 1171 3728; baseline 0 -16"><span class='ocrx_word' id='word_1_393' title='bbox 61 3661 252 3725; x_wconf 82' lang='lat' dir='ltr'>negligentiam</span> <span class='ocrx_word' id='word_1_394' title='bbox 269 3661 303 3712; x_wconf 85' lang='lat' dir='ltr'>ad</span> <span class='ocrx_word' id='word_1_395' title='bbox 319 3661 535 3727; x_wconf 83' lang='lat' dir='ltr'>recolligendum</span> <span class='ocrx_word' id='word_1_396' title='bbox 550 3660 638 3728; x_wconf 85' lang='lat' dir='ltr'><strong>ipsum</strong></span> <span class='ocrx_word' id='word_1_397' title='bbox 649 3661 801 3725; x_wconf 82' lang='lat' dir='ltr'>hominem,</span> <span class='ocrx_word' id='word_1_398' title='bbox 826 3671 873 3713; x_wconf 79' lang='lat' dir='ltr'>etit</span> <span class='ocrx_word' id='word_1_399' title='bbox 886 3661 1040 3713; x_wconf 85' lang='lat' dir='ltr'>faciendum</span> <span class='ocrx_word' id='word_1_400' title='bbox 1058 3662 1171 3712; x_wconf 81' lang='lat' dir='ltr'><strong>munda-</strong></span> 
     </span>
     <span class='ocr_line' id='line_1_45' title="bbox 61 3731 1172 3801; baseline -0.003 -18"><span class='ocrx_word' id='word_1_401' title='bbox 61 3738 122 3783; x_wconf 81' lang='lat' dir='ltr'>tum</span> <span class='ocrx_word' id='word_1_402' title='bbox 149 3732 289 3782; x_wconf 82' lang='lat' dir='ltr'><strong>arimanno</strong></span> <span class='ocrx_word' id='word_1_403' title='bbox 311 3739 376 3793; x_wconf 84' lang='lat' dir='ltr'>tuo,</span> <span class='ocrx_word' id='word_1_404' title='bbox 419 3731 509 3801; x_wconf 82' lang='lat' dir='ltr'><strong>quiIn</strong></span> <span class='ocrx_word' id='word_1_405' title='bbox 534 3731 585 3784; x_wconf 89' lang='lat' dir='ltr'><strong>tali</strong></span> <span class='ocrx_word' id='word_1_406' title='bbox 605 3731 666 3784; x_wconf 91' lang='lat' dir='ltr'>Ioco</span> <span class='ocrx_word' id='word_1_407' title='bbox 684 3731 772 3790; x_wconf 70' lang='lat' dir='ltr'>homo„</span> <span class='ocrx_word' id='word_1_408' title='bbox 788 3743 927 3784; x_wconf 83' lang='lat' dir='ltr'><strong>suus-erat</strong></span> <span class='ocrx_word' id='word_1_409' title='bbox 953 3731 1172 3800; x_wconf 80' lang='lat' dir='ltr'>comprehensus..</span> 
     </span>
    </p>
   </div>
   <div class='ocr_carea' id='block_1_7' title="bbox 61 3799 1174 4314">
    <p class='ocr_par' dir='ltr' id='par_1_7' title="bbox 61 3799 1174 4314">
     <span class='ocr_line' id='line_1_46' title="bbox 143 3799 1171 3882; baseline -0.001 -20"><span class='ocrx_word' id='word_1_410' title='bbox 143 3800 244 3862; x_wconf 86' lang='lat' dir='ltr'>XLV.</span> <span class='ocrx_word' id='word_1_411' title='bbox 286 3801 411 3876; x_wconf 84' lang='lat' dir='ltr'>(XVI.)</span> <span class='ocrx_word' id='word_1_412' title='bbox 452 3801 485 3860; x_wconf 93' lang='lat' dir='ltr'>Si</span> <span class='ocrx_word' id='word_1_413' title='bbox 502 3799 574 3882; x_wconf 89' lang='lat' dir='ltr'><strong>quis</strong></span> <span class='ocrx_word' id='word_1_414' title='bbox 591 3801 761 3862; x_wconf 87' lang='lat' dir='ltr'><strong>stallariam</strong></span> <span class='ocrx_word' id='word_1_415' title='bbox 778 3807 808 3882; x_wconf 79' lang='lat' dir='ltr'>q)</span> <span class='ocrx_word' id='word_1_416' title='bbox 827 3801 956 3862; x_wconf 84' lang='lat' dir='ltr'>ulterius</span> <span class='ocrx_word' id='word_1_417' title='bbox 972 3803 1171 3878; x_wconf 81' lang='lat' dir='ltr'>scapellave-</span> 
     </span>
     <span class='ocr_line' id='line_1_47' title="bbox 61 3881 1170 3967; baseline 0 -23"><span class='ocrx_word' id='word_1_418' title='bbox 61 3882 123 3962; x_wconf 80' lang='lat' dir='ltr'>nit,</span> <span class='ocrx_word' id='word_1_419' title='bbox 156 3894 329 3967; x_wconf 89' lang='lat' dir='ltr'><strong>componat</strong></span> <span class='ocrx_word' id='word_1_420' title='bbox 347 3884 398 3964; x_wconf 89' lang='lat' dir='ltr'>ei,</span> <span class='ocrx_word' id='word_1_421' title='bbox 431 3884 522 3946; x_wconf 85' lang='lat' dir='ltr'><strong>cuius</strong></span> <span class='ocrx_word' id='word_1_422' title='bbox 543 3881 683 3946; x_wconf 80' lang='lat' dir='ltr'>stellaria</span> <span class='ocrx_word' id='word_1_423' title='bbox 712 3885 832 3963; x_wconf 83' lang='lat' dir='ltr'>fuerit,</span> <span class='ocrx_word' id='word_1_424' title='bbox 875 3885 995 3948; x_wconf 85' lang='lat' dir='ltr'><strong>solidos</strong></span> <span class='ocrx_word' id='word_1_425' title='bbox 1017 3885 1079 3950; x_wconf 76' lang='lat' dir='ltr'>Vt.</span> <span class='ocrx_word' id='word_1_426' title='bbox 1143 3883 1170 3945; x_wconf 93' lang='lat' dir='ltr'>l.</span> 
     </span>
     <span class='ocr_line' id='line_1_48' title="bbox 66 3967 184 4046; baseline 0.017 -22"><span class='ocrx_word' id='word_1_427' title='bbox 66 3987 112 4046; x_wconf 82' lang='lat'>19.</span> <span class='ocrx_word' id='word_1_428' title='bbox 136 3967 184 4027; x_wconf 63' lang='lat'>2&amp;</span> 
     </span>
     <span class='ocr_line' id='line_1_49' title="bbox 69 4077 1170 4200; baseline 0 -31"><span class='ocrx_word' id='word_1_429' title='bbox 69 4077 217 4200; x_wconf 33' lang='lat' dir='ltr'>7).st</span> <span class='ocrx_word' id='word_1_430' title='bbox 236 4119 314 4171; x_wconf 76' lang='lat' dir='ltr'>codd</span> <span class='ocrx_word' id='word_1_431' title='bbox 341 4079 477 4190; x_wconf 43' lang='lat' dir='ltr'>pressit-sa.</span> <span class='ocrx_word' id='word_1_432' title='bbox 498 4120 608 4172; x_wconf 73' lang='lat' dir='ltr'>Herold.</span> <span class='ocrx_word' id='word_1_433' title='bbox 626 4137 769 4191; x_wconf 78' lang='lat' dir='ltr'>praesum.</span> <span class='ocrx_word' id='word_1_434' title='bbox 805 4119 835 4189; x_wconf 79' lang='lat' dir='ltr'>q)</span> <span class='ocrx_word' id='word_1_435' title='bbox 852 4120 893 4172; x_wconf 80' lang='lat' dir='ltr'>lt.</span> <span class='ocrx_word' id='word_1_436' title='bbox 913 4120 999 4173; x_wconf 89' lang='lat' dir='ltr'><strong>Codd.</strong></span> <span class='ocrx_word' id='word_1_437' title='bbox 1020 4119 1170 4183; x_wconf 73' lang='lat' dir='ltr'>eulaliam,⁸</span> 
     </span>
     <span class='ocr_line' id='line_1_50' title="bbox 61 4187 1174 4314; baseline 0 -73"><span class='ocrx_word' id='word_1_438' title='bbox 61 4187 546 4314; x_wconf 41' lang='lat' dir='ltr'>liiddmdimsitidaldleilllaIG1⁰⁸&amp;</span> <span class='ocrx_word' id='word_1_439' title='bbox 566 4193 585 4244; x_wconf 84' lang='grc' dir='ltr'>ι’.</span> <span class='ocrx_word' id='word_1_440' title='bbox 603 4209 625 4246; x_wconf 52' lang='lat' dir='ltr'><strong>st</strong></span> <span class='ocrx_word' id='word_1_441' title='bbox 646 4190 789 4254; x_wconf 71' lang='lat' dir='ltr'>athonem,</span> <span class='ocrx_word' id='word_1_442' title='bbox 810 4207 882 4264; x_wconf 76' lang='lat' dir='ltr'>quae</span> <span class='ocrx_word' id='word_1_443' title='bbox 901 4193 1034 4247; x_wconf 79' lang='lat' dir='ltr'>calcatur</span> <span class='ocrx_word' id='word_1_444' title='bbox 1051 4191 1174 4244; x_wconf 80' lang='lat' dir='ltr'>alteruis</span> 
     </span>
    </p>
   </div>
   <div class='ocr_carea' id='block_1_8' title="bbox 0 0 1320 4822">
    <p class='ocr_par' dir='ltr' id='par_1_8' title="bbox 0 0 1320 4822">
     <span class='ocr_line' id='line_1_51' title="bbox 0 0 1320 4822; baseline 0 2"><span class='ocrx_word' id='word_1_445' title='bbox 0 0 1320 4822; x_wconf 95' lang='lat' dir='ltr'> </span> 
     </span>
    </p>
   </div>
  </div>
 </body>
</html>
