2632 4822
314 277 532 334 murratum
571 277 695 330 aecum
731 269 798 331 tin.
818 273 864 332 nr.
1094 260 1166 334 769

61 423 181 506 Regis,
206 433 279 482 nam
308 419 450 482 sialiter
469 415 584 477 fecerit
605 417 672 499 ipse
694 416 807 502 iudex,
839 427 871 478 et
891 415 974 477 intra
994 414 1062 483 XII.
1085 422 1164 500 dies,

63 517 100 568 ut
121 507 330 581 dictumest,
352 501 503 562 iustitiam
524 521 613 560 suam
636 503 701 559 non
715 500 891 576 invenerit,
915 497 971 582 qui
986 505 1166 581 proclama.

64 590 125 663 vit,
159 598 239 648 tunc
263 593 433 668 componat
454 583 519 666 ipse
542 580 641 643 iudex
669 582 727 644 sol.
751 585 820 644 XII.
843 592 875 644 et
894 585 973 666 Regi
993 587 1034 646 sit
1054 587 1167 669 culpa-

62 671 136 733 bilis
156 663 215 731 sul.
236 669 307 730 XX.
350 668 390 728 ll.
410 668 462 743 [μ.
487 688 513 731 1.

145 751 272 814 XXVI.
315 749 448 828 (Vlll.)
490 747 524 808 si
546 745 695 808 homines
726 746 764 806 de
794 747 851 806 suh
873 765 939 807 uno
961 749 1092 827 Iudice,
1127 752 1167 813 de

64 837 189 898 duobus
209 843 317 894 tamen
340 830 532 908 sculdahis,
554 850 696 892 caussam
716 827 907 906 habuerint,
937 830 992 892 ille
1015 835 1071 917 qui
1093 835 1169 916 pul.
1208 859 1211 870 ·

64 928 132 997 sat,
153 917 248 979 vadat
269 937 342 975 cum
363 914 457 978 misso
479 924 533 975 aut
554 913 688 996 epistola
703 913 742 973 de
757 933 815 972 suo
831 913 1000 976 sculdahis
1016 917 1056 976 ad
1074 916 1169 977 illum
1214 955 1216 962 ,

64 1001 182 1075 aliurn,
207 996 325 1059 desub
348 996 590 1078 quoipseest‚
623 1016 697 1066 cum
717 1015 780 1076 quo
811 1013 953 1072 caussam
981 999 1087 1060 habet,
1127 999 1170 1058 Et

65 1085 92 1145 si
114 1082 144 1143 ei
166 1081 249 1141 intra
271 1087 408 1160 quatuor
429 1079 496 1139 dies
517 1078 649 1138 minime
671 1076 824 1137 iustitiam
844 1079 975 1156 fecerit,
999 1092 1171 1163 componat

66 1166 122 1226 ille
145 1161 314 1224 Sculdahis
334 1206 344 1238 ‚
367 1160 423 1242 qui
444 1159 632 1243 distringere
655 1157 850 1242 neglexerit,
885 1159 914 1220 ei
936 1163 993 1242 qui
1013 1165 1170 1224 reclama.

66 1249 123 1326 vit,
145 1246 203 1308 sol.
226 1245 284 1308 Vl.
305 1253 337 1303 et
358 1241 458 1304 iudici
480 1265 536 1302 suo
559 1243 617 1304 sol.
639 1243 696 1306 Vl.
737 1242 779 1301 Et
797 1240 909 1302 situlis
931 1245 1028 1306 fuerit
1050 1267 1170 1322 caussa,

66 1353 163 1414 quam
184 1327 362 1388 deliberare
386 1343 452 1385 non
497 1324 591 1401 ussit,
623 1323 735 1405 dirigat
768 1343 822 1383 eos
851 1326 933 1384 intra
963 1350 1019 1388 sex
1042 1329 1109 1390 dies
1131 1329 1187 1390 ad

68 1413 207 1473 iudicem
228 1431 338 1485 suum,
361 1349 539 1468 secundum
560 1407 699 1468 anterius
722 1405 916 1488 Capitulum.
944 1411 1023 1468 Nam
1044 1412 1071 1470 si
1092 1433 1171 1492 qua-

68 1495 141 1556 liter
154 1496 186 1553 in
202 1490 364 1574 superiore
379 1491 518 1573 capitulo
535 1491 814 1562 constitutumest‚
832 1489 896 1550 sive
908 1491 1088 1572 Sculdahis,
1107 1493 1172 1554 sive

67 1577 164 1638 iudex
187 1575 220 1633 in
242 1573 391 1634 omnibus
414 1592 478 1633 non
495 1571 717 1656 compleverit,
743 1575 1063 1656 componat.qualitcr
1078 1597 1174 1656 supra

68 1662 199 1720 affixum
221 1667 286 1734 est,
321 1655 371 1715 illi
393 1655 449 1738 qui
469 1674 613 1716 caussam
635 1673 722 1715 suum
741 1655 944 1732 reclamavit,
975 1658 1094 1717 solidos
1116 1659 1172 1720 Vl.

69 1753 102 1804 et
123 1739 223 1801 iudici
239 1760 296 1800 suo
313 1737 431 1798 solidos
448 1740 504 1804 Vl.
522 1747 554 1798 et
574 1737 673 1799 iudex
695 1746 866 1818 componat
887 1739 957 1817 illi,
979 1741 1070 1800 cuius
1087 1759 1174 1800 caus·

69 1844 103 1886 sa
124 1831 189 1898 est,
214 1823 271 1881 sol.
295 1820 372 1880 Xll.
395 1829 426 1881 et
447 1820 524 1903 Regi
547 1821 605 1881 sol.
627 1817 702 1881 XX.
745 1820 789 1880 ll.
810 1820 861 1894 41.
885 1843 913 1881 2.

138 1921 216 1955 nonu.
253 1903 394 1955 Sculdasci
409 1904 486 1956 Petre
502 1913 530 1956 te
547 1901 834 1972 appellatMmtinus,
859 1905 932 1972 quod
949 1905 1005 1975 ipse
1020 1906 1096 1958 venit
1112 1923 1174 1958 cum

66 1973 150 2026 Misso
175 1982 223 2024 aut
248 1974 362 2042 epistola
387 1973 421 2024 de
448 1987 497 2024 auo
522 1973 681 2025 Sculdascio
709 1971 744 2022 ud
767 1980 814 2034 tc,
845 1975 919 2042 quod
941 1986 972 2027 tu
999 1976 1100 2027 faceres
1123 1975 1176 2028 sibi

66 2043 206 2096 iusticiam
230 2042 264 2093 de
286 2045 412 2103 Donato,
439 2043 487 2112 qui
509 2042 598 2094 estin
624 2053 674 2097 tua
694 2041 874 2106 Sculdascia,
908 2053 936 2098 et
952 2055 983 2097 tu
1004 2062 1059 2098 non
1085 2045 1176 2098 fecisti

69 2113 121 2166 sibi
142 2111 277 2165 iusticiam
299 2111 370 2163 infra
392 2121 510 2181 quatuor
531 2113 595 2164 dice.

153 2173 298 2244 XXVII.
343 2182 438 2260 (lx.)
480 2180 618 2262 Siquis
651 2179 684 2240 in
713 2179 776 2239 alia
806 2176 931 2243 civitate
955 2205 1096 2244 caussam
1116 2177 1176 2242 lia-

69 2265 193 2342 buerit,
222 2263 371 2324 similiter
395 2265 488 2326 vadat
510 2283 584 2324 cum
605 2262 739 2346 epistola
761 2263 800 2324 de
822 2265 926 2326 iudice
949 2288 1005 2328 suo
1028 2268 1068 2327 ad
1091 2266 1176 2326 iudi«
1279 2301 1289 2318 ·

72 2370 153 2425 cem,
177 2347 232 2428 qui
248 2347 282 2406 in
298 2347 370 2406 loco
391 2357 455 2406 csta
478 2355 511 2406 et
526 2346 552 2406 si
566 2347 631 2428 ipse
654 2345 750 2406 iudex
772 2347 801 2406 ei
823 2347 976 2409 iustitiam
998 2349 1080 2408 intra
1102 2359 1176 2408 octo
1282 2365 1285 2370 ’

72 2426 140 2492 dies
162 2428 292 2488 minime
314 2429 429 2490 fecerit
449 2429 491 2489 ad
512 2428 786 2510 distringendum,
821 2439 874 2489 aut
903 2453 968 2490 non
992 2433 1176 2516 compleve-

70 2514 129 2588 rit,
161 2521 332 2593 componat
352 2511 419 2586 illi,
452 2510 507 2593 qui
531 2533 671 2572 caussam
692 2533 780 2571 suam
810 2509 1048 2592 reclamaverit,
1082 2509 1176 2576 solid.

23 2617 24 2620 ¹
69 2597 138 2671 XX,
160 2601 192 2654 et
212 2593 291 2675 Regi
314 2589 371 2654 sol.
394 2590 460 2654 XX.
513 2589 555 2653 Et
576 2593 603 2654 si
623 2593 697 2654 talis
718 2597 827 2655 caussa
847 2592 963 2672 fuerit,
992 2619 1088 2678 quam
1119 2597 1178 2666 de-

71 2677 206 2737 liberare
224 2671 355 2738 minime
376 2676 496 2760 possit,
517 2687 615 2758 ponat
636 2676 856 2756 coustitutum,
879 2675 1100 2762 etdistringat
1120 2679 1178 2738 ho-

70 2760 193 2820 minem
213 2758 308 2818 illum
330 2761 369 2820 de
389 2759 449 2840 sub
478 2780 534 2820 sua
563 2758 743 2836 iudiciaria,
778 2756 860 2820 intra
882 2761 954 2821 XII.
983 2761 1051 2824 dies
1079 2767 1111 2840 η)
1142 2760 1177 2819 in

71 2841 286 2926 praesentiam
317 2839 411 2924 Regis
439 2841 560 2902 venire.
614 2843 694 2901 Nam
717 2841 742 2902 si
763 2841 856 2904 aliter
881 2841 1012 2921 fecerit,
1046 2853 1079 2904 et
1111 2844 1177 2904 dis-

70 2921 211 3006 tringere
234 2923 428 3006 neglexerit,
451 2933 620 3005 componat
640 2921 723 2985 sicut
743 2945 836 3006 supra
857 2925 1010 3007 scriptum
1031 2931 1096 3003 est,
1125 2948 1178 2985 so-
1252 2935 1253 2938 ’

72 3007 156 3067 lidos
179 3003 244 3068 XL.
267 3001 409 3068 medium
429 3007 526 3088 Regi,
549 3015 581 3067 et
600 3006 743 3068 medium
765 3003 813 3085 ei,
848 3003 904 3090 qui
927 3025 1069 3070 caussam
1089 3028 1178 3067 suam

72 3087 265 3149 reclamavit.
329 3089 372 3149 ll.
393 3090 445 3164 41.
467 3091 496 3150 5.

82 3173 83 3178 ’
142 3185 221 3219 roua.
257 3169 334 3221 Petre
355 3171 468 3233 Comes,
494 3179 522 3222 te
543 3168 662 3241 appellat
680 3168 827 3236 Martinus,
854 3171 929 3243 quod
947 3174 1003 3243 ipse
1021 3171 1097 3224 venit
1116 3182 1179 3222 cum

72 3238 176 3297 Misso,
195 3245 243 3288 aut
262 3233 377 3307 epistula
395 3240 492 3298 deauo
510 3241 617 3294 Comite
636 3242 670 3292 ad
686 3250 732 3302 te,
761 3244 835 3310 quod
853 3244 953 3295 iaceres
972 3241 1023 3293 sibi
1041 3241 1179 3292 iusticiam

73 3309 109 3360 de
127 3310 235 3360 Donata
255 3308 301 3376 qui
322 3308 428 3362 habitat
444 3309 514 3362 infre
531 3317 612 3364 tuum
630 3311 796 3366 comitatum
821 3323 849 3366 ct
873 3321 905 3365 tu
929 3329 986 3363 non
1011 3311 1105 3364 fecistiv
1125 3309 1179 3360 sibi

72 3377 210 3430 iusticiam
228 3376 297 3429 infra
314 3389 377 3432 octo
394 3379 459 3432 dles.

158 3439 311 3515 XXVIII.
353 3451 424 3527 (X.)
466 3447 500 3509 Si
533 3449 606 3532 quis
641 3467 783 3508 caussam
815 3449 982 3528 hahuerit,
1026 3448 1179 3523 618661-

76 3529 166 3590 dahis
196 3537 250 3587 aut
280 3529 378 3590 iudex
407 3529 437 3590 ei
470 3532 648 3594 secundum
677 3529 774 3592 edicti
800 3535 945 3593 tenorem
983 3555 1043 3614 per
1072 3531 1180 3613 legem

74 3607 281 3690 iudicaverit,
310 3623 342 3676 et
372 3613 438 3693 ipse
467 3623 549 3675 stare
572 3612 605 3673 in
628 3614 741 3674 eodem
762 3609 1038 3676 iudicio'minime
1065 3616 1179 3675 volue-

74 3695 134 3773 rit,
165 3704 335 3776 componat
363 3692 433 3774 illi,
463 3696 518 3778 qui
551 3691 719 3772 iudicavit,
756 3695 813 3758 sol.
843 3693 913 3758 XX.
960 3699 1039 3758 Nam
1071 3697 1110 3758 de
1141 3719 1179 3756 ea

76 3798 205 3854 caussa,
238 3799 318 3859 quae
355 3799 413 3860 per
442 3775 605 3838 arbitrium
638 3774 776 3840 iudicata
804 3779 921 3857 fuerit,
961 3789 992 3841 et
1021 3773 1087 3861 ipse
1118 3775 1180 3840 sibi

77 3881 142 3919 nnn
166 3860 338 3921 crediderit
368 3858 472 3944 legem
504 3857 677 3939 iudicasse,
708 3868 739 3922 et
765 3857 805 3924 ad
833 3864 953 3944 Regem
982 3862 1178 3936 reclamavit,

76 3960 142 4002 non
164 3939 204 4005 sit
226 3942 404 4025 culpabilis.
445 3941 533 4004 Etsi
564 3943 662 4005 iudex
696 3954 807 4004 contra
841 3945 945 4040 legem
978 3940 1178 4019 iudicaverit,

76 4029 247 4108 componat
267 4026 385 4088 solidos
406 4024 473 4088 XL.
495 4025 636 4089 medium
649 4021 729 4110 Regi
751 4031 782 4092 ct
802 4022 945 4090 medium
961 4029 1051 4090 cuius
1070 4043 1181 4088 caussa

81 4144 444 4160 Ρ--ν-ι--ι--ι-ι-υ--ύ

147 4197 177 4267 η)
194 4197 236 4252 ΑΙ.
254 4197 340 4252 Codd.
358 4199 421 4254 XX.
441 4197 506 4252 dies.

861 4255 991 4375 ‘aa
