2684 4868
286 261 392 318 iners
408 257 699 318 tvrsrnornoaou
717 258 784 316 un.
803 262 865 318 ru.
881 261 959 322 rrr.
974 261 1015 322 ¹11.
1137 248 1211 324 563

94 415 134 468 et
157 389 264 467 iurem
285 423 360 466 cum
381 397 470 464 omui
494 400 727 483 compositione
747 400 827 462 fruti
854 401 958 464 undat
984 403 1133 488 emptori.
1175 407 1212 470 Si

93 497 207 550 autem
229 505 294 547 non
316 485 464 548 habuerit
479 483 534 544 fur
555 484 653 561 unde,
675 482 759 544 sicut
780 484 902 544 dictum
923 494 980 562 est,
1003 487 1213 572 compositio·-

94 590 177 632 nem
198 569 328 630 domino
350 577 406 628 aut
434 566 570 649 emptori
591 567 744 640 exsolvat,
767 566 893 650 legibus
915 567 1078 631 institutus
1098 581 1211 634 tenen-

92 657 153 718 tur
179 651 302 714 modus.
356 652 462 728 Quem
491 648 519 712 si
547 670 613 722 uon
639 648 782 731 potuerit
811 649 972 728 invenire,
999 654 1155 735 approbet
1174 673 1211 716 se

94 745 156 798 aut
177 742 373 796 sacramento
403 741 458 793 aut
477 731 610 796 testibus
630 732 857 810 innocentem,
885 735 974 813 quod
1005 757 1079 796 eum
1104 739 1212 798 furem

95 818 268 880 nescierit:
291 826 322 878 et
344 815 432 898 quod
452 815 539 899 apud
559 836 634 877 eum
656 807 851 898 agnoscitur,
868 825 998 900 accepta
1017 819 1120 902 precii
1143 840 1214 880 me-

95 903 238 977 dietate,
268 898 424 961 restituat.
474 901 580 980 Atque
610 897 703 957 ambo
726 897 807 959 datis
835 897 974 959 invicem
1004 901 1212 962 sacramentis

94 984 300 1069 promittant,
323 979 412 1077 quod
432 983 538 1042 lurcrn
563 981 705 1042 fideliter
724 987 891 1064 quaerent.
935 981 1032 1061 Quod
1054 984 1081 1043 si
1104 983 1212 1044 omni-

86 1087 152 1128 no.
165 1067 218 1125 fur
238 1063 377 1127 inventri
399 1061 604 1146 nequiverit,
635 1084 704 1124 rem
724 1073 871 1140 tanturn,
902 1085 982 1146 quae
1016 1075 1122 1150 empta
1151 1070 1211 1145 est,

95 1147 233 1212 domiuo
258 1148 307 1208 rei
328 1153 453 1229 emptor
474 1167 514 1208 ex
536 1145 719 1230 integritate
735 1148 904 1211 reformet.
948 1147 982 1207 Si
1003 1169 1080 1210 rcro
1107 1147 1213 1210 dorni-

76 1226 163 1293 'nus
185 1229 233 1292 rei
259 1231 364 1292 furem
391 1229 540 1307 noverit,
570 1237 602 1289 et
623 1250 697 1290 eum
717 1229 883 1312 publicare
906 1229 1059 1308 noluerit,
1080 1251 1149 1292 rem
1170 1253 1213 1294 ex

93 1323 168 1375 tcto
190 1311 322 1391 amittat,
345 1333 443 1394 quam
464 1319 589 1399 emptor
609 1311 721 1396 quiete
735 1312 906 1398 possideat.
933 1305 1026 1377 ¹Haec
1040 1323 1074 1377 et
1088 1313 1129 1378 de
1148 1333 1213 1376 ser·

95 1397 149 1462 vis
177 1397 282 1459 forma
302 1404 457 1459 serretur.

459 1506 518 1577 IX.
560 1529 623 1578 rus.
663 1530 752 1576 acar.
790 1529 862 1573 arx.

291 1621 331 1684 Si
356 1620 398 1685 ate
416 1617 496 1707 fiere
523 1626 593 1706 quis
614 1625 756 1706 cognitus
775 1627 1018 1711 comparaverit.
1086 1618 1107 1637 ”

185 1705 221 1768 Si
248 1705 413 1790 quierem
435 1708 587 1768 furtivam
613 1708 720 1769 sciens
742 1729 760 1768 a
780 1707 852 1770 fure
875 1708 1124 1792 comparaverit,
1155 1707 1214 1773 ille

96 1788 158 1872 qui
186 1789 264 1850 emit
286 1811 379 1852 suum
399 1799 582 1873 praesentet
602 1798 777 1866 auctorem,
806 1801 842 1852 et.
856 1803 966 1876 postea
989 1800 1142 1876 tanquam
1161 1793 1216 1852 fur

98 1893 296 1953 componere
317 1893 383 1932 non
404 1882 555 1934 moretur.
597 1872 631 1934 Si
650 1895 727 1934 vero
747 1875 853 1934 furem
874 1896 940 1935 non
963 1875 1133 1955 invenerit,
1154 1873 1216 1935 du-

96 1955 189 2040 plam
211 1955 488 2038 compositionem,
501 1977 583 2039 quae
605 1977 623 2015 a
644 1955 768 2018 furibus
790 1954 936 2036 debetur,
956 1957 1115 2019 exsolvat:
1137 1959 1216 2038 quia

99 2047 234 2124 apparet
254 2046 287 2099 et
309 2038 403 2099 illum
424 2039 488 2099 furi
510 2059 578 2100 esse
600 2037 748 2116 similem,
770 2035 827 2120 qui
848 2061 916 2101 rem
937 2039 1088 2100 furtivam
1109 2040 1215 2102 sciens

101 2141 301 2202 comparasse
325 2120 540 2204 cognoscitur.
585 2120 681 2200 Quod
710 2120 737 2182 si
767 2142 878 2183 servus
905 2121 970 2182 hoe
998 2123 1132 2196 fecerit,
1160 2129 1216 2181 aut

99 2203 310 2264 medietatem
332 2202 572 2286 compositionis
594 2205 634 2266 de
655 2203 807 2289 ingenuis
835 2205 1012 2290 persolvat,
1040 2205 1097 2286 aut
1123 2203 1214 2267 hunc

100 2285 293 2348 serviturum
314 2287 464 2349 dominus
485 2288 598 2350 tradat.
865 2282 868 2294 '
1196 2284 1201 2301 ⁹

536 2402 577 2465 X.
619 2422 767 2478 iurique.

275 2517 325 2577 De
350 2519 487 2602 pecunia
510 2529 541 2580 et
563 2516 655 2580 rebus
685 2517 767 2597 regis
786 2514 883 2598 furto
906 2517 1048 2581 sublatis.

186 2596 222 2658 Si
251 2598 324 2680 quis
352 2601 390 2660 de
410 2600 570 2662 thesauris
595 2599 736 2682 publicis
758 2599 929 2683 pecuniam
950 2609 1006 2661 aut
1027 2599 1153 2683 aliquid
1168 2621 1217 2662 re·

103 2679 412 2825 ppppitgppolarerit,
441 2693 475 2747 et
501 2684 536 2745 in
558 2703 635 2746 usus
654 2701 730 2745 suos
750 2684 966 2764 transtulerit,
998 2685 1215 2770 uuvecuplutn

538 2878 596 2942 x1.
638 2898 785 2958 taurona.

436 2994 486 3073 De
515 2993 732 3055 tintinnabulis
752 2991 894 3076 sortitis.⁴

125 3093 127 3102 ’
187 3074 319 3160 Siquis
347 3075 600 3138 tintinnabulum
624 3076 815 3139 involaverit
837 3075 876 3138 de
907 3077 1053 3140 iumento
1077 3078 1128 3140 vel
1155 3078 1216 3137 bo-

104 3183 155 3240 ve,
177 3161 318 3224 solidum
338 3160 461 3221 reddat.
501 3161 551 3220 De
576 3179 673 3220 vacca
695 3159 856 3221 tremisses
882 3159 972 3224 duos.
1013 3163 1062 3222 De
1081 3156 1218 3222 herbici·

103 3245 175 3322 bus,
203 3244 257 3306 vel
278 3243 530 3326 quibuscunque
551 3241 743 3324 pecoribus,
765 3241 927 3308 tremisses
951 3245 1096 3330 singulos
1118 3260 1216 3327 cogna-¹

104 3335 159 3389 tur
179 3328 356 3392 exsolvere.

518 3439 591 3504 XII.
632 3441 790 3517 Arrrour.

373 3557 424 3618 De
454 3557 669 3619 instrumentis
690 3555 803 3619 molini
815 3553 949 3637 furatis,

188 3640 224 3702 Si
250 3638 324 3724 quis
352 3639 392 3701 de
419 3639 550 3700 molinis
577 3639 702 3722 aliquid
726 3639 934 3717 involaverit,
963 3639 1053 3721 quod
1076 3642 1217 3701 furatum

103 3735 153 3787 est
173 3723 335 3800 restituat,
364 3730 397 3784 et
425 3722 558 3805 insuper
579 3733 769 3804 componat,
797 3721 881 3782 sicut
902 3722 941 3782 de
963 3720 1034 3782 aliis
1054 3723 1147 3785 furtis
1168 3724 1219 3784 le-

104 3829 144 3893 ge
165 3817 304 3885 tenetur,
327 3815 360 3868 et
379 3814 470 3867 extra
489 3805 554 3866 hoc
575 3815 706 3867 centum
726 3805 854 3888 flagella
877 3804 1040 3890 suscipiat.

434 3919 526 3987 Xlll.
588 3943 650 3984 rus.
677 3943 779 4020 treus.
819 3942 888 3984 nux.

498 4039 549 4103 De
577 4035 716 4120 dompno
735 4034 836 4119 suris.

189 4121 373 4186 cuiuslibet
391 4121 441 4186 rei
460 4122 605 4200 turtum.
627 4130 662 4182 et
682 4120 881 4204 quantalibet
900 4120 1003 4209 precii
1024 4118 1221 4181 aestimatio-

102 4215 331 4285 astanetum,
362 4206 409 4274 ab:
431 4205 575 4288 tapam
600 4203 741 4296 novies,
771 4221 908 4272 amrro
934 4225 1010 4271 vero
1038 4203 1162 4284 sexies,
1187 4201 1222 4266 ci
