2648 4874
201 399 205 414 Ι
242 322 350 382 neers
375 321 667 382 unsreornonun
692 319 947 382 sre.11.r1r.1.
971 351 979 366 ·
1101 306 1178 382 433

66 468 203 537 centiam
222 465 352 532 babeat.
392 463 427 526 si
450 472 555 527 antem
582 462 744 542 noluerit,
774 466 978 530 sacramentis
1000 489 1108 531 coram
1129 471 1178 532 iu·

66 557 185 618 dice'se
206 549 340 613 noverit
356 547 578 631 obligandum:
600 546 689 630 quod
705 548 895 629 supradietis
912 554 1058 633 personis
1072 555 1179 616 salem

67 633 306 702 districtionem
321 631 487 709 exhibeat,
510 640 545 693 ct
560 651 619 715 per
641 629 773 712 triginta
790 631 916 692 dierum
932 636 1068 716 spatium
1091 635 1178 700 ieiu-

67 722 126 783 niis
147 715 320 780 continuis
336 714 532 798 affligantur,
568 712 770 793 sufficiatque
792 714 859 776 illis
878 715 964 776 cirea
979 717 1063 780 Solis
1084 741 1178 782 occa·

67 825 135 867 sum
153 822 216 884 per
236 799 305 862 dies
324 797 466 879 singulos
485 796 577 880 panis
602 806 634 857 et
662 816 763 877 aquae
789 797 1000 860 refectionem
1020 801 1183 883 accipere,

68 906 147 968 quae
164 880 368 946 contumacis
383 879 479 942 vitam
495 877 679 940 rationabili
688 876 786 961 possit
796 879 996 944 districtione
1007 884 1179 968 corrigere.

50 971 127 1032 ,Illa
148 963 288 1028 omnino
310 961 503 1026 discretione
521 973 664 1039 servata,
698 971 733 1022 ut
752 961 779 1024 si
798 962 908 1024 aetatis
924 965 976 1026 vel
1001 967 1180 1051 aegritudi.

68 1052 116 1113 nis
140 1047 298 1110 instantia
317 1043 473 1129 patuerit,
495 1064 577 1126 quae
599 1044 682 1105 hane
705 1044 908 1126 disciplinam
931 1048 1089 1112 sustinere
1112 1071 1178 1110 110„

68 1154 160 1217 posse
178 1132 396 1205 demonstret,
418 1135 481 1188 tam
500 1127 534 1186 in
545 1126 671 1188 clericis
687 1127 909 1208 cuiuscunque
919 1129 1061 1210 ordinis,
1083 1154 1180 1215 qnam
1244 1125 1250 1140 ⁸

69 1219 102 1279 in
130 1213 242 1292 laicis,
276 1232 343 1272 non
369 1219 433 1270 tam
459 1209 660 1272 durissimam
678 1209 869 1271 sententiam
897 1212 1112 1296 castigationis
1131 1214 1181 1275 in.

68 1297 186 1364 stantia
207 1294 367 1378 compleat
392 1291 527 1370 indicis,
556 1293 614 1376 sed
631 1291 773 1353 adhibita
794 1292 1050 1362 consideratione
1070 1297 1104 1357 in
1125 1319 1181 1359 ee.

70 1379 237 1466 gritndine
258 1377 313 1441 vel
327 1385 429 1437 aetate
441 1374 486 1436 ita
504 1385 757 1457 contemptorem
780 1374 933 1459 corrigat,
956 1401 997 1441 ne
1020 1378 1088 1462 ipse
1105 1401 1181 1443 cou-

68 1473 231 1545 temptor,
254 1469 310 1520 aut
336 1459 502 1541 langorem
528 1458 721 1535 maximum,
756 1467 811 1519 aut
842 1458 1096 1524 debilitationem
1125 1462 1180 1525 vel

70 1556 207 1608 mortem
236 1544 392 1604 incurrat.
452 1541 514 1602 llle
542 1561 619 1601 vero
650 1540 708 1622 qui
741 1541 781 1603 ad
817 1540 1012 1622 implendam
1043 1565 1182 1607 commo·
1279 1563 1284 1572 ·

71 1629 231 1690 nitionem
249 1625 366 1687 iudicis
383 1631 585 1705 contemptor
606 1623 767 1702 extiterit,
796 1644 895 1704 seque
920 1623 963 1684 ita
986 1627 1182 1704 dilataverit,

71 1721 124 1788 (nt
144 1732 221 1772 evam
236 1709 335 1771 iudex
352 1715 416 1766 tam
433 1706 528 1766 facile
544 1705 709 1787 repperire
722 1727 787 1766 non
808 1705 924 1787 possit,
947 1717 979 1769 et
1003 1710 1029 1772 si
1051 1720 1123 1794 post
1148 1709 1182 1788 l)

71 1806 199 1877 tempus
221 1791 379 1855 indictam
396 1789 429 1850 iu
451 1788 565 1848 diebus
584 1797 725 1868 quatuor
745 1809 811 1847 non
831 1799 998 1869 occurrat,
1020 1791 1046 1854 si
1066 1788 1182 1875 quinta

74 1879 128 1941 die
151 1875 296 1953 venerit,
329 1893 457 1934 omnem
477 1869 574 1932 huius
598 1871 679 1952 legis
699 1869 893 1932 sententiam
912 1892 945 1932 se
966 1876 1094 1936 noverit
1111 1897 1185 1937 eva·

73 1982 195 2024 surum.
237 1957 313 2019 Pari
340 1955 436 2016 modo
459 1963 492 2014 et
517 1952 575 2036 qui
601 1953 730 2035 longius
752 1952 1183 2034 C.millibus1convenitur,

72 2043 99 2106 si
128 2043 170 2103 ad
196 2041 254 2105 Xl.
284 2039 369 2101 diem
396 2045 468 2120 post
494 2045 620 2118 tempus
653 2035 838 2096 institutum
865 2039 1060 2114 occurrerit,
1094 2038 1184 2100 hunc

74 2125 262 2186 nullatenus
290 2119 466 2184 sanctionis
487 2117 586 2180 buius
617 2139 721 2201 poena
751 2117 922 2185 damnabit.
964 2119 1121 2181 Similiter
1152 2130 1185 2182 et

74 2208 133 2290 qni
154 2208 188 2266 in
212 2207 425 2268 ducentorum
446 2202 587 2262 millium
607 2201 709 2283 spatio
732 2201 923 2264 constitutus
944 2199 978 2262 in
993 2205 1060 2264 XX.
1082 2203 1185 2286 prima

75 2291 128 2352 die
153 2298 323 2371 postquam
341 2286 445 2348 iussus
471 2285 599 2360 fuerat,
631 2305 663 2344 se
683 2282 789 2365 ipsum
811 2282 913 2345 iudici
932 2287 1185 2367 praesentaverit

75 2372 116 2432 ad
137 2372 354 2446 audiendum,
386 2390 424 2430 eo
444 2367 541 2428 modo
561 2389 579 2427 a
599 2367 721 2427 iactura
746 2365 827 2448 legis
842 2365 940 2429 huius
959 2368 1115 2429 habeatnr
1133 2369 1185 2428 in·
1289 2381 1295 2393 ·

75 2454 232 2535 dempnis.
275 2452 397 2513 Similis
423 2470 555 2533 quoque
587 2448 766 2511 servabitur
789 2449 888 2528 ordo,
917 2451 972 2510 ubi
994 2451 1095 2512 fuerit
1117 2459 1186 2511 am-

72 2537 163 2619 plior
182 2535 306 2596 itineris
328 2533 510 2618 longitudo.
553 2533 593 2592 Hi
609 2533 749 2613 denique
770 2533 888 2613 quihus
907 2545 971 2594 tam
992 2535 1186 2595 rationabile

73 2615 202 2699 tempus
228 2617 389 2678 adiectum
414 2625 478 2692 est,
515 2615 541 2675 si
571 2637 603 2675 se
635 2614 771 2674 ulterius
799 2615 970 2678 dilatantes
992 2617 1124 2678 minime
1145 2617 1186 2678 ad

73 2701 259 2762 institutum
275 2701 360 2761 diem
374 2697 661 2781 superadiectionis
676 2697 886 2776 occurrerint,
904 2700 1074 2761 confestim
1085 2699 1186 2761 index

74 2803 114 2844 ea
137 2805 219 2865 quae
238 2802 309 2864 pars
329 2781 410 2864 petit
428 2779 643 2862 querelantis,
665 2787 825 2841 reservato
839 2780 969 2863 negotio
992 2782 1185 2860 dilatatoris,

72 2866 202 2926 tradere
223 2886 289 2925 non
320 2864 445 2925 differat
466 2861 613 2945 petitori:
645 2863 688 2922 ita
707 2870 742 2922 ut
762 2862 788 2922 si
816 2873 1019 2946 contemptor
1041 2865 1074 2923 iu
1095 2871 1186 2946 post·

72 2949 207 3008 modurn
223 2948 262 3007 ad
288 2946 454 3029 negotium
476 2945 650 3006 dicendum
670 2945 876 3022 successerit,
898 2947 925 3007 si
949 2947 1023 3012 XX.
1045 2945 1186 3029 primunr

74 3032 161 3091 diem
184 3021 437 3106 transcenderit,
459 3026 535 3090 XX.
557 3028 629 3089 auri
646 3027 766 3090 solidos
785 3036 878 3109 cogat
897 3028 1075 3090 exsolvere.
1106 3031 1186 3090 Nam

75 3124 108 3174 et
139 3111 247 3193 isqui
273 3114 312 3173 de
345 3113 379 3170 C.
410 3110 554 3170 millibus
578 3110 778 3193 superiorem
803 3109 952 3171 ordinem
976 3113 1185 3194 praeteriens,

12 3193 13 3200 '
75 3195 342 3257 constitutionem
357 3193 417 3260 Xl.
438 3193 502 3254 diei
524 3193 624 3254 fuerit
638 3213 878 3274 supergressus,
901 3202 933 3253 et
948 3193 1032 3254 idem
1053 3195 1089 3259 X.
1112 3196 1188 3255 soli·
1290 3197 1292 3203 '

74 3279 189 3338 dorum
208 3277 383 3356 dampnum
404 3275 553 3355 excipiat.
595 3278 643 3336 De
663 3275 779 3357 quibus
803 3275 948 3356 dampnis
969 3278 1116 3359 superius
1134 3277 1187 3335 in-

72 3361 194 3422 stitutis
223 3361 427 3421 medietatem
450 3358 510 3419 sibi
538 3357 636 3418 iudex
659 3357 823 3437 acquirat,
857 3359 989 3419 alteram
1014 3381 1090 3420 vero
1121 3381 1188 3420 me·

75 3444 228 3504 dietatem
249 3464 321 3525 pars
344 3441 480 3525 petentis
503 3439 656 3505 obtineat.
707 3440 741 3501 Si
764 3450 870 3500 tamen
893 3441 1108 3517 admonitum,
1131 3453 1187 3502 aut

74 3527 243 3608 aegritudo
267 3525 308 3584 ad
334 3523 532 3586 veniendum
559 3522 649 3587 nulla
673 3521 897 3603 suspenderit,
932 3534 986 3584 aut
1015 3524 1186 3586 inundatio

74 3608 248 3688 fluminum
273 3629 338 3667 non
363 3605 569 3682 retinuerit,
587 3606 640 3668 vel
660 3605 782 3666 aditum
812 3627 880 3667 non
907 3606 1119 3684 obstruxerit,
1150 3610 1185 3669 in

74 3712 141 3768 quo
164 3685 290 3751 montes
315 3689 481 3752 transituri
511 3696 603 3763 sunt,
641 3687 825 3768 conspersio
856 3690 1024 3770 superflua
1052 3690 1187 3758 nivium.

73 3775 165 3850 Quae
188 3773 381 3849 necessitas,
405 3782 513 3830 utrum
530 3769 698 3831 evidenter
718 3770 883 3844 evenerit,
906 3793 944 3830 an
968 3793 1027 3854 per
1053 3793 1189 3834 excusa·

71 3856 196 3915 tionem
214 3855 368 3926 videatur
381 3854 521 3938 opponi,
545 3862 602 3934 aut
616 3852 741 3914 idoneis
764 3853 917 3934 testibus,
940 3864 997 3916 ant
1016 3876 1073 3916 suo
1097 3855 1187 3918 iura¹

72 3949 181 4000 mento
197 3936 391 4002 firmabitur.

139 4203 171 4270 k)
191 4203 245 4255 Un.
265 4201 334 4257 Cod.
353 4215 383 4254 ut
400 4199 479 4254 tarde
499 4202 591 4255 veniat
608 4199 648 4254 ad
663 4199 816 4268 institutum
843 4197 913 4254 diem
936 4216 1018 4268 super
1045 4196 1187 4270 definitio·

74 4288 132 4323 nem
149 4275 303 4345 epistolae,
322 4273 347 4325 si
363 4284 425 4344 post
442 4285 491 4326 etc.
1013 4285 1014 4290 ’
