2684 4868
138 260 221 356 *otte
329 333 331 338 ,
356 281 460 348 murs
477 279 768 358 mutuornonma
786 286 853 346 nu.
869 289 904 344 a.
921 287 994 344 nr.
1012 288 1058 350 n,

147 413 310 510 nutrient,
335 429 506 490 'medietts'
528 427 704 510 adquisitae
730 429 778 492 rei
798 426 933 510 patrono
957 426 1109 494 tradetur,
1150 429 1256 492 Atia„

146 513 446 579 interuenientem
465 511 717 598 qui‘adquisiv'it
729 511 892 591 obtineat,
914 519 947 573 et
958 509 1117 593 quidquid
1137 513 1168 573 ei
1186 513 1258 596 ipse

146 598 281 671 donavit
300 596 445 680 recipiat.
519 659 521 664 ,

431 749 433 754 .
499 740 516 754 ··
566 709 862 786 ·1V.‘aur1ouas

197 830 201 841 ‘
229 835 244 866 '¹'
286 824 339 889 ‘De
360 827 452 889 reem
467 827 501 888 nt
516 827 695 910 patrocinio
719 827 854 910 acceptis
872 837 904 888 et
919 827 1127 910 conquisitis..

155 926 158 934 ¹
185 914 188 918 '
223 909 299 988 ita,
321 921 358 973 ut
369 915 464 992 ettpta
474 907 680 994 pmemissum
694 910 758 985 est,
777 909 969 991 quicunque
983 920 1152 991 patronam
1163 925 1256 969 sunm

102 991 104 996 ’
145 991 337 1076 ‘reliquerim
360 999 393 1054 et
411 992 451 1052 ud
472 991 575 1052 alium·
592 991 728 1053 tendens
751 993 835 1052 sorte
852 1012 885 1052 se
909 991 1105 1070 contulerit,
1127 991 1184 1051 nte
1202 990 1257 1054 uui

151 1097 185 1136 ee
207 1073 500 1146 commendaverit,'
525 1073 580 1135 det
603 1073 633 1134 ei
656 1084 783 1135 terram.
825 1075 904 1134 Nam
920 1083 1073 1156 patronus
1094 1093 1191 1158 quem
1206 1095 1257 1136 re·

147 1157 304 1240 liquerit,
328 1167 360 1220 ot
379 1166 499 1218 terram
511 1164 546 1218 et
557 1177 641 1238 quae
655 1156 686 1222 ei
704 1156 795 1221 dedit
813 1155 965 1242 obtineat.

190 1341 280 1411 Tro.
310 1339 376 1412 IV.
427 1337 487 1410 De
512 1340 852 1411 commutationibus
881 1351 921 1412 et
944 1339 1228 1414 venditionibus.

584 1499 612 1562 1.
651 1519 801 1576 turrem.

330 1615 372 1679 Ut
392 1619 438 1678 ito
458 1615 559 1677 voleat
578 1618 798 1689 commutatio,
820 1616 902 1678 sicut
922 1628 953 1677 et
973 1617 1078 1680 emtio.

232 1700 448 1771 Commutatio
467 1697 495 1760 ei
517 1720 583 1759 nou
605 1699 706 1760 suerit
733 1720 792 1780 per
820 1699 885 1759 vim
915 1708 946 1760 et
973 1712 1094 1763 metum
1123 1705 1259 1778 extorta,

151 1783 249 1849 talem
269 1781 398 1866 qualem
420 1791 452 1844 et
473 1781 593 1866 emptio
612 1779 939 1848 habeutfirmitatem.
960 1848 963 1854 Α
1246 1783 1248 1788 ’

589 1899 632 1961 Π.
674 1915 824 1972 annum.
902 1947 903 1954 ,

238 2015 280 2078 Ut
301 2017 331 2076 si
350 2035 413 2076 non
425 2011 532 2096 suerit
551 2011 682 2074 idoneus
704 2011 866 2088 venditor,
877 2009 1060 2095 fideiussor
1080 2009 1182 2075 detur.
1243 2011 1246 2018 “

156 2103 158 2110 ’
234 2099 268 2158 Si
290 2099 442 2159 venditor
463 2118 528 2156 nou
549 2096 649 2156 fuerit
669 2093 825 2172 idoneus,
849 2095 1260 2176 ingenuumfideiussorem

146 2175 227 2250 daie
250 2179 346 2268 debet
365 2178 521 2266 emptori,
543 2187 575 2241 et
596 2177 715 2262 emptio
736 2176 852 2240 habeat
873 2177 1064 2241 firmitatem.

580 2293 645 2358 111.
685 2314 835 2370 auarum.

376 2409 450 2474 Non
470 2409 578 2472 ualeat
597 2407 754 2470 violenter·
766 2407 860 2489 seete
882 2408 1031 2485 venditio.

232 2489 390 2561 venditio
414 2492 687 2576 perscripturum
713 2493 795 2551 faeta
823 2493 952 2574 plenam
981 2491 1095 2552 habeat
1122 2491 1255 2553 firmita-

151 2585 227 2640 tem.
268 2577 422 2637 Ceterum
454 2574 480 2635 si
503 2573 598 2634 etiam
618 2574 777 2656 scriptura
801 2574 884 2635 faeta
905 2595 969 2636 nou
992 2575 1113 2654 fuerit,
1144 2585 1178 2635 et
1199 2573 1257 2635 dass

151 2667 219 2720 tum
249 2658 396 2742 precium
428 2656 660 2739 praesentibus
677 2656 811 2718 testibus
837 2657 1102 2740 comprobatum-¹
1123 2659 1257 2740 plenum

151 2739 266 2802 habeat
298 2740 417 2822 emptio
438 2738 546 2799 robur.
600 2737 756 2801 Venditio
778 2759 857 2800 vero
877 2741 904 2802 si
925 2739 1024 2802 fuerit
1044 2739 1205 2804 violenter
1224 2747 1258 2801 et

152 2845 212 2909 per
230 2831 351 2884 metum
367 2828 511 2900 extorta,
542 2821 634 2882 nulia
653 2821 759 2885 valeat
777 2822 915 2891 ratione.

582 2934 641 2999 lv.
681 2955 830 3010 nortona.

310 3050 348 3112 Si
367 3052 459 3127 orris,
471 3047 555 3111 datis
573 3051 715 3134 precium
735 3071 799 3112 uon
811 3048 916 3132 suerit
935 3053 1107 3137 impletum.

236 3135 302 3214 Qui
323 3156 407 3194 arras
426 3155 485 3216 pro
509 3153 704 3214 quoeunque
725 3154 760 3194 re
779 3134 958 3216 acceperit,
991 3137 1023 3196 id
1044 3145 1178 3217 cogatur
1196 3136 1258 3198 im-

153 3217 245 3304 piere
267 3217 355 3301 quud
376 3216 505 3298 placuit
545 3217 680 3296 Emptor
701 3236 778 3276 vero
799 3216 825 3276 si
846 3237 905 3298 per
924 3219 1174 3300 aegritudinem,
1203 3231 1259 3282 aut

155 3323 282 3384 gravem
304 3299 538 3374 necessitatem,
562 3297 757 3378 quaeritari
777 3319 842 3358 non
862 3301 1019 3381 potuerit,
1043 3302 1082 3361 ad
1104 3303 1258 3364 coustitu-

153 3395 223 3442 tum
244 3404 308 3442 uon
330 3385 507 3441 occurrerit
527 3380 632 3455 diem,
654 3385 750 3463 qu'em
765 3382 905 3442 vuluerit
920 3403 977 3460 pro
993 3404 1025 3444 se
1046 3384 1162 3466 dirigat
1170 3419 1185 3461 ,·
1201 3385 1258 3466 qui

150 3466 299 3548 =precium
327 3473 469 3545 tempore
490 3463 624 3524 definito
644 3463 870 3546 percompleat.
911 3465 1010 3541 Quod
1031 3465 1057 3526 si
1076 3469 1114 3528 ad
1137 3467 1259 3529 eonsti-

154 3557 264 3609 tutum
276 3547 362 3608 diem
380 3567 441 3606 neo
461 3545 527 3628 ipse
547 3546 756 3624 successerit,
779 3567 841 3606 uec
855 3568 915 3628 pru
936 3569 969 3608 se
985 3548 1124 3629 dirigere
1145 3551 1260 3610 vulue-

153 3630 214 3706 rit,
245 3651 330 3772 arpae
354 3627 576 3690 tautummodo
596 3627 731 3710 recipiat
749 3649 827 3712 quas
858 3628 966 3708 dedit,
994 3640 1027 3693 et
1053 3651 1105 3694 ree
1128 3633 1260 3694 definita

154 3733 220 3773 uon
244 3733 282 3774 va
299 3720 358 3776 eat.

582 3826 624 3894 V.
684 3825 840 3924 dumont.

428 3941 467 4002 Si
485 3961 561 4023 pare
579 3941 681 4022 precii
701 3939 777 4001 duta
799 3963 862 4002 nou
875 3939 990 4023 fuerit.
1040 3993 1042 3998 .
1106 3991 1109 3995 .
1199 3993 1203 4002 ,

236 4022 270 4084 Si
290 4043 363 4106 paru
382 4025 484 4106 precii
508 4023 579 4084 data
601 4031 671 4096 est,
694 4031 727 4084 et
748 4045 819 4105 pare
840 4024 993 4106 promiesa
1014 4047 1080 4087 nou
1103 4025 1262 4109 adimple-

141 4111 223 4183 tur,
245 4128 308 4166 non
325 4115 455 4188 propter
471 4105 534 4166 hoe
547 4105 692 4167 venditio
705 4107 792 4167 factu
804 4114 979 4188 rumpatur.
1021 4109 1086 4170 Sed
1098 4109 1124 4170 ti
1137 4119 1265 4191 emptor

132 4188 370 4273 *ud‘p'la‘oitum
389 4197 514 4272 tempua
535 4209 599 4250 uon
623 4187 807 4252 exhibuerit
832 4189 934 4272 precii
956 4190 1116 4274 reliquam
1135 4194 1263 4277 pertiu-
