2632 4822
422 286 793 345 euterunnornems
1092 274 1166 348 739

1 475 4 480 .
52 429 291 521 praesumserit,
308 437 341 492 et
353 427 474 490 malum
490 449 564 490 cum
584 427 629 488 eis
648 426 773 506 lecerit,
788 446 853 487 non
875 428 916 491 sit
928 429 976 490 illi
994 431 1101 518 culpa,
1113 455 1168 495 cu·
1264 507 1267 514 ,

53 509 104 582 iu'g
124 539 208 577 arma
230 523 324 585 sunt;
347 513 404 575 sed
423 511 474 571 illi
494 511 551 593 qui
571 531 645 571 cum
666 509 711 570 eis
729 511 848 571 malum
868 512 992 573 fecerit.
1027 515 1050 579 I.
1070 536 1120 582 20.
1138 537 1167 582 2.

137 595 314 661 CCCXIV.
357 596 391 656 Si
406 615 489 676 quae
510 593 579 653 fera
602 592 641 654 ab
656 591 787 653 homine
809 594 934 674 plagata
956 596 1066 673 fuerit,
1086 598 1166 659 etin
1203 634 1205 640 ·

54 684 123 768 ipso
140 683 251 742 furore
264 676 352 739 homi
358 698 432 737 nem
447 675 613 752 occiderit,
622 684 677 734 ant
688 675 857 756 quodlibet
875 677 1027 738 damnum
1040 681 1168 758 fecerit,

54 778 133 830 ,unc
148 764 228 846 ipse,
241 763 298 845 qut
309 760 497 842 plagaverit,
510 758 614 838 ipsum
627 757 838 819 homicidium
853 769 908 818 aut
918 759 1069 820 damnum
1087 785 1171 823 com·
1189 812 1191 818 ,

54 857 168 935 ponam
190 845 249 906 sub
265 866 302 905 ea
325 842 477 904 videlicet
500 840 738 919 observatione,
765 851 801 900 ut
822 841 943 903 tamdiu
969 845 1171 928 intelligatur

55 932 152 1013 culpa
171 949 239 990 esse
257 924 429 1003 venatoris,
450 924 605 1008 quamdiu
621 943 690 984 eam
711 933 899 1006 persecutus
919 926 1030 1004 fuerit,
1053 938 1108 988 aut
1123 951 1173 990 ca-

55 1035 114 1076 nes
125 1009 234 1094 ipsius.
276 1009 356 1070 Nem
370 1008 396 1069 si
413 1007 514 1089 ipsam
530 1008 630 1074 feram
649 1006 877 1089 postposuerit,
902 1017 981 1070 etse
995 1009 1034 1069 ab
1050 1027 1086 1070 ea
1102 1020 1172 1072 tor-t

55 1094 194 1172 paverit,
207 1101 317 1176 postea
330 1089 418 1174 quod
434 1091 503 1152 fera
513 1091 580 1174 ipsa
598 1088 750 1148 damnum
761 1089 886 1168 fecerit,
903 1110 968 1150 uon
985 1092 1173 1174 requiratur

56 1181 96 1242 ab
131 1177 219 1258 ipso,
257 1173 314 1256 qui
342 1173 519 1256 plagaverit
547 1179 602 1231 ant
628 1170 821 1232 incitaverit.
905 1174 929 1234 I.
952 1193 1001 1239 22.
1026 1195 1052 1237 1.
1223 1182 1227 1194 ’

141 1257 298 1324 CCCXV.
341 1255 560 1340 simpatia,
577 1254 675 1314 autin
690 1253 800 1315 taliola
818 1253 853 1332 b)
871 1253 940 1317 fera
957 1265 1047 1318 tenta
1059 1257 1171 1341 fuerit,

57 1352 92 1411 et
119 1342 153 1402 in
175 1341 308 1403 homine
335 1348 391 1401 ant
414 1337 449 1398 in
483 1335 613 1420 peculio
641 1336 794 1397 damnum
819 1338 960 1419 fecerit,
990 1337 1060 1424 ipse
1085 1363 1171 1405 com·

57 1435 174 1512 ponat,
202 1423 259 1505 qui
288 1421 436 1504 pedicam
459 1419 555 1486 misit.
636 1420 663 1486 I.
684 1440 734 1480 22.
757 1439 785 1485 2.
1060 1425 1062 1434 “

143 1503 318 1570 CCCXVI.
360 1505 394 1567 Si
414 1503 487 1588 quis
507 1523 604 1584 snper
618 1501 719 1561 feram
738 1502 777 1562 ab
797 1501 860 1564 alio
874 1502 1042 1590 plagatam,
1065 1504 1173 1568 autin

57 1591 167 1655 taliola
188 1599 321 1666 tentam,
343 1596 399 1648 aut
419 1611 437 1648 a
458 1585 591 1648 canibus
613 1583 859 1664 circumdatam,
888 1587 952 1648 iter
974 1610 1068 1649 suum
1090 1599 1175 1672 post-

57 1672 203 1759 posuerit
224 1681 257 1732 et
278 1673 392 1732 volens
414 1691 483 1731 eam
506 1666 638 1745 lucrari,
664 1689 853 1752 supeream
875 1690 909 1731 se
928 1671 1063 1749 miserit,
1088 1680 1121 1734 et
1135 1671 1175 1734 'ab

59 1759 126 1841 ipsa
146 1757 215 1816 fera
234 1755 379 1836 plagatus
400 1753 451 1815 vel
476 1749 599 1814 occisus
622 1751 732 1829 fuerit,
754 1772 819 1812 nou
834 1751 1019 1833 requiratur
1035 1754 1175 1838 abipso,

59 1840 117 1922 qni
139 1837 334 1920 plagaverit,
357 1845 412 1895 aut
434 1831 634 1904 incitaverit;
664 1835 720 1894 sed
743 1855 819 1895 suae
841 1834 959 1916 culpae
971 1845 1120 1919 reputet,
1144 1847 1177 1900 et

60 1919 235 1996 audaciae,
269 1917 453 2001 quodcum
476 1915 661 1978 auctoritate
691 1938 748 1982 333
769 1917 918 1979 lucrandi
939 1919 1047 1982 animo
1070 1941 1103 1982 se
1125 1942 1177 1982 su·

60 2025 121 2089 per
142 2023 211 2063 eam
233 2001 329 2062 misit.
415 2001 440 2062 I.
462 2021 511 2065 22.
533 2001 562 2063 5.

65 2141 69 2148 .
145 2083 327 2146 CCCXVII.
371 2083 405 2144 Si
427 2082 499 2165 quis
519 2083 621 2142 feram
642 2079 681 2142 ab
703 2080 767 2141 alio
798 2081 1018 2161 vulneratam,
1052 2095 1108 2146 aut
1139 2083 1176 2148 in

61 2167 174 2230 taliola
202 2175 343 2242 tentam,
380 2174 433 2225 aut
462 2187 480 2224 a
510 2164 641 2226 canibus
664 2163 892 2226 circumdatam
913 2165 1089 2247 invenerit,
1121 2177 1177 2231 aut

63 2249 196 2312 forsitan
219 2258 393 2326 mortuam,
417 2257 471 2310 aut
492 2247 559 2330 ipse
582 2247 755 2323 occiderit,
778 2258 809 2310 et
829 2247 1014 2328 salvaverit,
1036 2261 1068 2312 et
1088 2252 1176 2313 hono

63 2333 172 2396 animo
194 2331 464 2409 manifestaverit,
502 2331 599 2392 liceat
627 2329 666 2392 de
700 2329 769 2413 ipsa
798 2332 867 2394 fera
887 2331 1002 2396 tollere
1026 2331 1175 2408 dextrum

63 2437 187 2476 armum
211 2435 284 2475 cum
306 2426 427 2498 septem
453 2414 559 2474 costis.
622 2415 647 2474 Ι.
670 2433 719 2479 22.
740 2415 770 2490 4.

147 2495 356 2560 CCCXVIII.
408 2496 442 2556 Si
464 2498 536 2579 quis
556 2497 656 2558 feram
678 2497 717 2556 ab
739 2493 803 2556 alio
825 2495 1000 2581 plagatam,
1030 2509 1085 2561 aut
1103 2501 1173 2562 for-

62 2580 144 2644 sitan
167 2588 326 2640 mortuam
347 2579 525 2658 invenerit,
548 2589 581 2641 et
602 2578 764 2658 celaveril,
788 2590 960 2664 componat
980 2581 1100 2646 solidos
1116 2583 1175 2648 VI.

62 2663 135 2743 illi,
158 2664 215 2746 qui
238 2685 307 2724 eam
328 2662 476 2756 plagavit.
538 2662 562 2722 I.
585 2683 635 2722 22.
656 2661 685 2724 5.

71 2811 72 2814 ,
146 2744 322 2808 CCCXIX.
362 2747 397 2806 81
420 2765 548 2823 cervus,
570 2753 625 2804 aut
646 2743 811 2826 quaelibet
830 2745 899 2806 fera
919 2745 959 2807 ab
979 2748 1089 2832 aliquo
1111 2747 1176 2810 ho-

63 2830 150 2892 mine
173 2830 319 2912 sagittata
341 2829 459 2906 fuerit,
491 2835 556 2887 tam
584 2827 640 2890 diu
662 2827 750 2888 illius
772 2847 840 2891 esse
863 2828 1080 2914 intelligatur,
1118 2829 1175 2914 qui

64 2935 135 2974 cam
166 2933 198 2973 sa
222 2911 376 2990 ittaverit,
417 2918 472 2970 331
501 2910 733 2986 vulneraverit,
774 2933 876 2994 usque
899 2913 939 2976 ad
961 2914 1056 2974 aliam
1076 2915 1174 2976 talem

63 2994 176 3066 horam
199 2934 264 3054 diei
286 3003 340 3054 331
362 2993 477 3072 noctis,
499 3015 581 3076 quae
603 3000 676 3055 sunt
696 2991 794 3087 horae
808 2990 934 3060 XXIV.
950 2997 1082 3078 quando
1102 3019 1173 3058 eam

63 3075 295 3160 postposuerit,
333 3087 365 3138 et
391 3097 425 3137 se
461 3077 499 3137 ab
528 3099 567 3138 ea
594 3085 778 3138 tornaverrt.
816 3077 897 3138 Nam
926 3079 983 3159 qui
1011 3101 1081 3140 eam
1101 3088 1176 3160 post

64 3167 239 3219 transactas
260 3158 355 3220 horas
390 3159 568 3241 praedictas
601 3158 779 3237 invenerit,
811 3181 877 3219 non
910 3160 952 3221 sit
981 3161 1173 3246 culpabilia,

65 3242 123 3304 sed
144 3240 203 3302 sibi
227 3239 343 3301 habeat
363 3241 462 3324 ipsam
482 3243 594 3302 feram.
651 3241 678 3302 I.
702 3263 751 3301 22.
772 3242 801 3306 6.

149 3323 301 3384 CCCXX.
343 3325 377 3383 si
399 3325 471 3405 quis
493 3346 622 3386 cervum
643 3324 852 3385 domesticum
874 3323 931 3406 qui
950 3333 1093 3408 tempore
1115 3347 1173 3388 suo

65 3405 172 3487 rugire
195 3404 295 3484 solet,
317 3404 512 3468 intricaverit
533 3411 577 3484 c),
608 3414 779 3488 componat
798 3408 939 3467 Domino
961 3408 1029 3470 eius
1052 3407 1172 3471 solidos

65 3490 137 3554 XII.
176 3489 255 3548 Nam
276 3488 302 3548 si
323 3490 446 3550 furatus
467 3488 583 3566 fuerit,
612 3491 724 3550 reddat
745 3489 779 3548 in
801 3488 942 3572 aetogilt.
1003 3497 1033 3554 Ι.·
1054 3512 1100 3572 19.
1126 3493 1173 3554 13.

150 3571 319 3634 cccxxl.
374 3572 408 3632 si
441 3572 512 3653 quis
542 3593 672 3632 cervum
704 3572 914 3633 domesticum
942 3573 1083 3634 allenum
1124 3573 1174 3650 ¹ui

64 3674 135 3717 non
157 3653 262 3736 rugit,
285 3653 497 3733 intricaverit,
529 3664 699 3738 componat
718 3654 859 3714 Domino
881 3653 949 3716 eius
971 3656 1091 3718 solidos
1113 3597 1173 3720 VI.

64 3738 146 3799 Nam
168 3735 194 3796 si
215 3739 338 3798 furatus
358 3738 474 3815 fuerit,
498 3737 610 3798 reddat
631 3738 666 3796 in
687 3737 826 3820 actogilt.
891 3738 916 3798 I.
942 3760 991 3822 ¹9⁴
1015 3741 1060 3800 13.

150 3817 338 3882 CCCXXII.
382 3820 416 3880 si
437 3819 509 3902 quis
530 3819 729 3902 accipitrem,
753 3829 880 3902 grua‘m,
902 3817 956 3881 a'ut
973 3823 1103 3906 cignum
1120 3823 1175 3885 do·

67 3903 236 3963 mesticum
267 3903 411 3963 alienum
441 3903 658 3980 intricaverit,
689 3912 861 3986 componat
887 3903 945 3966 331.
967 3907 1024 3971 VI.
1045 3905 1173 3970 Namsi

40 3997 45 4011 '
66 3986 188 4050 furatus
209 3985 307 4049 fuerit
327 3987 441 4048 reddat
461 3987 496 4046 in
517 3987 658 4070 actogilt.
721 3987 745 4048 I.
772 4007 817 4068 19.
843 3989 890 4064 14.
967 4055 969 4061 Ι

68 4103 504 4122 Ἥ

137 4181 165 4252 b)
189 4183 298 4236 Her-old.
327 4188 451 4240 renota!
517 4185 543 4254 c)
568 4185 609 4244 AI.
640 4182 745 4240 eoae!
753 4188 916 4258 plagaverit
923 4207 935 4257 ,·
969 4182 1180 4263 sag-it'tprerp'tg

58 4251 241 4326 fragraverit.
274 4256 362 4311 Gloss.
381 4259 401 4312 i.
419 4275 442 4312 3.
461 4256 602 4312 occiderit.
