2632 4822
90 241 167 318 802
364 253 584 310 Idll‘l'PllANDI
604 253 731 312 taenia
768 258 834 314 tta.
850 257 898 314 VI.
925 339 928 346 .
1014 341 1017 347 .

92 402 128 465 Si
149 421 229 466 vero
252 393 458 480 inpartibus
478 394 616 457 Tusciae
636 396 753 475 faerit,
780 396 900 461 babeat
920 399 1077 486 epatium
1100 400 1138 464 in
1161 404 1223 470 die·

91 484 152 547 bus
173 484 237 546 LX.
277 479 358 542 Nam
379 477 405 538 ai
427 497 525 560 anper
545 475 615 543 LX.
640 481 780 562 epatium
799 482 929 544 dierum
965 485 1107 559 fuerit,
1146 489 1224 550 simi-

92 568 170 628 liter
198 564 321 626 amittat
347 559 484 642 pignora
505 559 591 643 ipsa,
631 572 664 622 et
692 563 827 647 insuper
853 576 1063 649 potestatem
1095 568 1223 652 habeat,

91 649 149 736 qui
176 640 376 732 pignoravit,
414 663 556 704 caussam
584 665 674 704 anam
700 645 735 705 in
765 655 860 709 antea
888 671 954 733 per
990 651 1110 734 legem
1138 677 1223 738 agere

93 742 126 794 et
147 745 331 816 procurare·
375 725 418 786 II.
441 745 490 783 21.
514 726 563 801 ad.

160 829 239 864 roan.
275 809 353 861 Petre
369 813 397 860 te
413 805 534 878 appellat
560 807 709 870 Martinus,
737 810 812 881 quod
835 819 867 866 tu
886 813 1050 884 pignerasti
1071 834 1138 872 eum
1160 822 1222 873 „2³10

92 881 187 936 ordine
205 883 233 932 in
251 895 307 931 uuo
324 885 374 930 tuo
392 893 466 928 servo
485 876 660 930 ministeriali
698 879 811 960 Propter
835 881 891 936 hoc
909 895 940 937 te
959 887 1137 956 pignerari,
1166 891 1220 960 quis

90 961 123 1008 tu
141 969 169 1004 ea
187 949 255 1002 mibi
273 947 379 1000 debitor
395 947 426 998 C.
445 947 493 998 aoI
530 948 609 998 Tunc
626 947 684 1018 ipse
709 967 756 1020 qm
774 952 949 1021 pigneravit,
984 957 1105 1027 probet.
1150 961 1221 1030 Quod

92 1024 145 1087 „ai
162 1018 380 1090 nonpotuerit“
400 1017 477 1087 ipae,
505 1017 553 1086 qui
573 1016 743 1086 pigneratus,
761 1022 842 1075 iuret.
877 1023 912 1076 Et
930 1023 997 1106 ipse
1018 1029 1159 1080 emendet
1174 1032 1220 1100 pig-

90 1109 143 1144 nua
160 1090 213 1142 eibi
231 1105 343 1144 nonum.
380 1085 407 1137 Si
427 1085 543 1138 dixerit:
569 1098 678 1158 propter
695 1088 748 1142 hoc
767 1100 796 1143 te
814 1094 971 1163 pignerum,
1008 1099 1086 1167 quia
1104 1107 1138 1150 tu
1155 1101 1220 1152 fuisti

90 1177 167 1214 aneas
185 1159 325 1212 fideiussor
343 1155 377 1207 de
396 1172 451 1206 uno
469 1155 567 1216 vadio,
587 1158 662 1228 quod
680 1158 745 1210 mihi
764 1161 840 1214 dedit
857 1165 1059 1219 Marcoardus.
1101 1170 1163 1222 Non
1189 1169 1220 1222 fui

91 1239 156 1286 tuus
176 1230 322 1282 fideiussor.
359 1225 458 1278 Probet
475 1226 533 1296 ipae
551 1225 598 1297 qui
621 1229 776 1299 pigneravit.
812 1232 887 1285 Etsi
905 1251 967 1286 non
985 1239 1140 1308 potuerit,
1159 1241 1220 1294 iuret

40 1294 44 1304 '
91 1299 167 1374 quod
184 1317 240 1352 non
259 1299 311 1350 luit
329 1294 469 1346 fideiussor
486 1311 557 1346 auus.

161 1370 241 1424 Petre
259 1378 287 1422 te
306 1365 426 1436 appellat
444 1364 595 1428 Martinus,
624 1366 699 1434 quod
715 1375 746 1419 tu
765 1367 913 1438 pignerasti
935 1371 1005 1428 eu'm
1024 1376 1060 1430 in
1080 1395 1167 1430 unum
1183 1397 1219 1431 su·

92 1456 137 1491 um
155 1456 262 1494 servum
280 1435 481 1488 ministerialem
502 1434 531 1485 L.
549 1437 597 1487 sol.
635 1439 745 1506 Propter
769 1439 822 1492 hoc
840 1448 869 1492 te
892 1443 1067 1523 pigneravi,
1095 1449 1172 1520 quod
1193 1457 1217 1502 tu

91 1507 175 1562 debes
194 1507 260 1559 mibi
280 1505 343 1558 dare
362 1505 453 1557 XIIII.
472 1505 520 1556 aol.
541 1505 640 1557 Statim
658 1508 754 1560 reddat
771 1509 866 1580 pignus
884 1512 938 1564 sabi
957 1533 1085 1570 nonum.
1155 1545 1158 1552 .

89 1591 94 1596 '
161 1579 238 1630 Petre
264 1584 293 1630 te
312 1573 431 1644 appellat
447 1573 596 1638 Martinus,
624 1578 699 1646 quod
717 1586 746 1630 tu
765 1580 911 1648 pignerasti
939 1602 1009 1638 eum
1031 1589 1115 1641 malo
1135 1589 1216 1645 ordine

88 1647 119 1700 ln
130 1663 295 1699 unamsuam
304 1643 432 1696 ancillam
446 1643 656 1698 ministerialem.
684 1648 797 1718 Propter
809 1650 861 1702 hoc
878 1659 907 1704 te
922 1655 1090 1722 pignerari,
1113 1659 1216 1729 quodtu

89 1717 174 1770 deber
184 1715 249 1768 anibi
261 1715 323 1767 dare
335 1713 366 1769 L.
378 1713 425 1764 soi.
454 1715 530 1766 Tene
540 1722 601 1767 tuos
613 1716 744 1782 denarios,
764 1729 791 1772 et
799 1721 881 1773 redde
890 1723 962 1775 mihi
972 1743 1072 1780 meam
1086 1730 1216 1783 ancillam,

88 1787 221 1840 Denarios
236 1784 355 1856 accipio,
374 1783 558 1837 aedancillam
573 1801 629 1836 non
641 1787 761 1852 reddam,
801 1790 933 1858 nialugit.
974 1799 1043 1849 Non
1062 1800 1151 1852 debet
1168 1816 1236 1853 esse.

90 1856 182 1918 aliud,
201 1855 253 1908 ulai
272 1854 417 1913 ancillam,
437 1863 485 1906 aut
497 1853 618 1923 precium
636 1857 739 1909 reddat.
773 1861 800 1911 St
819 1860 939 1914 dixerit:
959 1877 1084 1937 propter
1100 1869 1155 1922 hoc
1167 1871 1215 1940 pig-

88 1926 191 1989 aerari,
211 1923 277 1996 quia
295 1923 378 1977 debes
396 1921 463 1974 mihi
481 1923 544 1976 dare
564 1926 591 1976 1..
608 1927 656 1979 eol.
689 1929 767 1979 Petre
782 1939 810 1981 tc
828 1931 952 1999 appellat
972 1937 1130 2003 Martinus,
1150 1939 1214 2011 quod

90 2005 123 2052 tu
149 1995 239 2050 iecisti
257 1994 349 2048 iacere
365 1991 452 2062 operis
470 1995 584 2046 Mariam
602 2013 676 2046 auam
697 1998 823 2050 ancillam
840 2001 911 2052 infra
929 2003 999 2058 Xll.
1021 2018 1135 2062 noctes.
1170 2027 1175 2042 .

158 2068 236 2119 Petre
262 2074 291 2119 te
318 2062 439 2133 appellat
471 2063 621 2119 Martinus.
653 2068 729 2136 quod
758 2077 787 2121 tu
815 2068 964 2139 pignerasti
992 2093 1063 2130 eum
1083 2081 1158 2132 ml„
1179 2097 1214 2131 0„

88 2135 153 2190 dine
172 2136 260 2200 „in“
280 2152 365 2187 unum
382 2149 460 2184 auum
475 2147 579 2188 servum
601 2133 757 2188 bobulcum.
794 2140 905 2210 Propter
927 2142 987 2198 hoc
1003 2155 1038 2198 te
1065 2149 1209 2218 pignerari,

87 2209 153 2278 qnia
172 2215 203 2259 tu
222 2223 249 2260 es
264 2203 331 2256 mihi
354 2202 462 2255 debitor
482 2204 512 2256 C.
530 2205 578 2255 sol.
615 2206 675 2257 Non
694 2206 811 2259 debuisti
833 2228 876 2263 me
891 2211 1063 2281 pignerare,
1084 2220 1151 2289 quia
1166 2220 1214 2282 plia

86 2277 149 2331 vice
166 2275 312 2346 pigneraati
331 2289 376 2325 me
393 2273 423 2324 in
441 2290 525 2324 unum
542 2290 647 2328 servum
665 2274 815 2328 bobulcum
850 2291 1026 2352 „proptffiu
1056 2289 1148 2358 ipsum
1167 2290 1214 2342 d,-

87 2346 183 2400 bitum.
229 2347 271 2398 Tu
294 2343 391 2396 misisti
408 2343 599 2408 negligentiam
617 2347 774 2412 recolligere
803 2350 919 2416 primum
943 2357 1051 2422 pignus
1081 2378 1131 2430 pe,
1153 2360 1211 2414 gn,

86 2425 190 2470 noctes.
227 2415 307 2468 Tunc
324 2413 422 2483 probet
438 2415 495 2484 ipse
519 2414 594 2485 quod
606 2415 680 2468 misit
697 2418 897 2482 negligentiam.
933 2423 971 2476 Et
989 2426 1013 2477 si
1030 2431 1152 2497 probare
1160 2448 1210 2492 non

87 2484 224 2566 potuerit,
244 2484 303 2564 ipae
326 2485 395 2536 alter
411 2483 483 2536 iuret
494 2521 501 2546 ,
512 2553 518 2566 ι
530 2482 605 2553 quod
622 2503 704 2566 „non
715 2493 733 2518 “
752 2486 824 2541 misit
841 2491 1055 2559 negligentiam.
1094 2501 1130 2554 Et
1147 2501 1208 2571 ipse,

86 2572 135 2626 qm
156 2553 594 2692 giegtpgrgptgpggppptdfitaptiiffirps,
611 2555 907 2694 iikbdniduffignerasti
927 2633 1042 2686 eumin
1064 2656 1152 2690 unum
1169 2657 1209 2690 au-

87 2709 134 2744 um
162 2709 268 2745 servum
290 2692 501 2744 ministerialem.
538 2695 649 2762 Propter
665 2695 718 2763 hoc
740 2705 768 2748 te
784 2698 935 2766 pignerari,
965 2707 1048 2772 quod
1074 2718 1106 2760 tu
1132 2708 1208 2760 debes

87 2761 154 2814 mibi
174 2763 238 2815 ‹lare
259 2761 308 2813 sol.
333 2764 363 2815 1..
408 2761 509 2829 decipe
529 2769 591 2814 tuos
614 2764 752 2826 denarios,
780 2777 808 2818 et
835 2770 919 2822 redde
939 2773 1010 2824 mibi
1037 2793 1133 2830 meum
1159 2795 1209 2829 ω.

86 2849 159 2886 vum.
206 2830 338 2884 Denarios
363 2830 510 2899 accipiam,
542 2832 590 2884 aed
616 2851 722 2888 servum
750 2853 806 2888 noa
828 2840 956 2905 reddam,
984 2846 1056 2912 quia
1081 2849 1207 2901 transacti

86 2910 152 2953 aunt
170 2900 232 2953 XII.
252 2899 328 2968 dies,
346 2908 413 2962 aut,
434 2898 517 2951 XXX.
554 2901 615 2952 Nou
637 2913 700 2957 sunt
720 2908 849 2960 transacti
868 2911 951 2962 XXX.
968 2912 1039 2966 dies.
1078 2919 1135 2970 Aut
1151 2937 1207 2986 pro-

87 2969 135 3023 bet
154 2971 229 3040 ipae,
263 2969 311 3040 qui
342 2969 507 3039 pigneravit,
532 2971 607 3038 quod
623 2972 678 3024 sint
696 2976 823 3028 transacti
840 2979 918 3029 XXX.
938 2980 1016 3045 dies,
1048 2995 1097 3038 aug
1115 2989 1206 3040 redd„
1234 2999 1235 3004 =

86 3042 190 3112 pignus.
228 3038 256 3091 Si
279 3038 378 3090 dixerit
399 3039 455 3108 ipae
477 3039 524 3108 qui
543 3039 697 3106 pigneratua
719 3055 776 3108 eat,
801 3047 874 3114 quod
894 3065 950 3100 non
968 3051 1048 3108 misit
1071 3058 1204 3125 negligen-

87 3112 158 3173 ciam
183 3110 341 3174 recolligere
378 3107 469 3174 ignus:
494 3107 591 3177 probet
616 3111 674 3180 ipse
692 3115 739 3182 qui
762 3115 928 3184 pigneravit,
959 3124 1038 3190 quod
1054 3124 1114 3194 ipse
1137 3127 1204 3178 misit

86 3180 300 3247 neglegentiam.
349 3127 384 3230 IX
406 3179 428 3230 si
455 3195 512 3230 non
533 3181 668 3250 potuerit,
704 3183 776 3236 iuret
799 3186 857 3255 ipse
882 3189 930 3256 qui
955 3189 1008 3242 fuit
1031 3193 1202 3262 pigneratus,

87 3252 162 3326 quod
179 3268 235 3302 non
259 3249 333 3302 misit
351 3248 562 3314 neglegenciam.
600 3251 731 3304 Similiter
748 3256 796 3308 fiat
815 3257 848 3308 de
874 3259 926 3310 LX.
950 3260 1059 3315 diebus.

170 3353 250 3415 CIX.
291 3353 403 3430 (LVI.)
446 3351 479 3411 Si
512 3352 585 3434 qais
613 3354 800 3435 permissum
828 3357 1018 3424 habuerita
1049 3366 1202 3444 debitore,
1257 3421 1258 3424 ,

87 3447 181 3498 anta
206 3433 393 3498 fideiussore
420 3455 498 3514 suo,
537 3445 574 3496 ut
594 3435 710 3516 boves,
733 3441 785 3500 vel
807 3443 944 3506 caballos
967 3445 1110 3512 domitos
1139 3441 1202 3534 pig·

87 3541 203 3582 norara
233 3517 349 3600 possit,
383 3526 416 3579 et
438 3518 674 3599 pignoraverit,
701 3530 733 3580 et
754 3521 836 3586 intra
858 3525 933 3586 XII.
957 3540 1072 3592 noctes
1090 3533 1202 3615 pigno·

86 3625 121 3665 ra
136 3625 193 3666 aaa
217 3601 344 3662 debitor
364 3608 421 3660 aut
441 3601 609 3662 fideiussor
623 3603 814 3686 recolligere
836 3610 1039 3692 neglexerit,
1069 3625 1202 3696 potesta·

85 3696 151 3746 tem
179 3683 294 3744 habeat
322 3705 358 3745 ea
392 3683 532 3760 minare,
567 3683 650 3746 sicat
680 3707 735 3746 sua
766 3689 912 3772 propria,
945 3701 979 3753 et
1010 3696 1202 3775 gubernare,

85 3767 173 3834 Etsi
202 3774 327 3826 mortua
353 3765 497 3842 fuerint,
532 3786 596 3826 non
624 3768 842 3848 requirantur.
892 3774 972 3834 Nam
1000 3777 1027 3837 si
1059 3773 1204 3862 pulsatus

87 3849 211 3926 fuerit,
244 3846 332 3928 qaod
354 3846 468 3929 iniquo
486 3845 594 3907 animo
613 3850 685 3930 plus
713 3872 810 3931 quam
832 3877 888 3916 sna
910 3857 1063 3920 animalia
1085 3864 1206 3924 minas-

88 3940 155 4008 set,
184 3929 356 3994 satisfaciat
386 3929 417 3990 ei
444 3928 529 3990 solus
555 3930 594 3990 ad
617 3933 804 4016 Evangelia.
853 3936 888 3998 si
915 3959 993 4000 vero
1017 3963 1080 4025 per
1100 3946 1205 4010 XXX.

86 4014 154 4078 dies
187 4012 227 4074 de
260 4010 318 4072 iata
344 4019 433 4094 parte
462 4009 572 4092 Alpis,
610 4024 665 4074 aut
697 4038 754 4098 per
777 4017 845 4080 LX.
876 4041 918 4080 ex
952 4021 1011 4082 illa
1036 4039 1132 4108 parte
1155 4027 1207 4089 At.

86 4097 176 4178 pium
201 4092 407 4168 dilataverit,
437 4100 468 4151 et
494 4114 559 4153 non
581 4097 803 4178 recollegerit,
837 4101 919 4163 sieut
942 4126 1040 4186 supra
1072 4111 1114 4173 de
1139 4133 1206 4172 ser-

85 4199 128 4246 vo
149 4185 180 4238 at
210 4173 330 4236 ancilla
348 4173 535 4252 statuimus,
561 4175 605 4238 ita
630 4187 663 4240 et
688 4179 727 4240 de
746 4181 892 4256 caballo,
908 4193 965 4258 aut
986 4189 1097 4272 bove,
1113 4217 1205 4268 auro,

72 4475 90 4508 0
