2684 4868
147 247 233 334 :2522
280 308 285 312 .
353 263 461 336 nnus
478 267 772 338 ursruoraonuu
789 270 855 330 un
874 272 905 326 v.
924 272 993 338 rrr.
1014 273 1060 325 rr.

154 402 760 490 randausonuituieeacuruare,
791 416 825 472 et
844 408 913 473 illic
943 408 982 470 de
1010 407 1129 470 iniusto
1159 407 1266 471 domi-

148 487 434 572 norumiueperio
453 487 642 568 sequutae
680 490 862 572 querelaria
895 501 932 552 ut
957 492 1001 552 ita
1030 490 1265 556 intercedenti-

154 572 215 637 tus
238 570 366 637 clericis
387 568 555 650 religionis
577 571 733 650 obtentu,
761 572 892 635 domino
914 571 1130 636 necessitatem
1153 571 1265 640 vendi·

153 654 253 725 tionis
280 661 504 733 extorqueant:
558 653 642 716 Hinc
659 654 763 724 ,etiam
791 655 984 736 plerumque
1015 655 1146 716 domino
1171 673 1263 715 error

146 736 347 818 imponitur:
375 742 411 794 ut
432 744 487 796 aut
507 734 661 814 clericus,
690 747 745 798 ant
772 735 961 819 quicunque
1002 737 1082 799 alius
1105 758 1138 798 se
1168 735 1261 798 velut
1288 765 1289 768 ¹

155 810 280 900 emptor
300 818 486 898 interponat
510 817 656 898 precium
682 817 857 882 traditurus
879 820 1038 880 alienums
1068 827 1099 878 et
1119 817 1176 880 sub
1196 816 1259 878 hu·

150 901 202 978 ins
219 897 495 983 argumentatione
508 899 665 978 colludii,
686 900 850 962 interdurn
868 901 1002 962 domino
1019 901 1183 962 nesciente
1198 919 1264 961 ser·

150 1003 209 1056 vus
230 984 391 1052 vendetur
411 980 552 1044 inimicos
582 991 679 1063 atque
704 983 853 1061 eveniat,
874 993 910 1044 nt
931 985 964 1044 in
986 983 1108 1046 vicinia
1128 981 1262 1044 forsitan

134 1066 249 1148 'lunga
271 1064 481 1140 constitutus,
516 1085 591 1127 euru
611 1065 669 1126 ille
688 1065 869 1148 possideat,
897 1066 955 1148 qui
983 1065 1135 1146 publicae
1155 1062 1265 1124 uulla-

150 1158 247 1210 tenus
268 1155 469 1208 coutrnctum
495 1146 694 1210 venditionis
722 1147 864 1214 accessit.
925 1147 1068 1210 Proinde
1103 1145 1164 1206 hac
1191 1145 1264 1226 lege

149 1231 321 1314 profutura
342 1227 490 1290 omnihus
511 1228 691 1308 sancimus,
721 1239 759 1291 nt
787 1230 897 1291 nullus
924 1251 1054 1293 servum
1074 1249 1168 1292 suum
1189 1247 1265 1288 ven-

148 1314 206 1375 dat
235 1311 364 1378 invitus,
426 1311 491 1372 Sed
528 1310 664 1374 clericus
695 1321 751 1372 nnt
779 1311 934 1374 ecclesiae
963 1322 1089 1390 custos,
1118 1311 1202 1373 sicut
1228 1308 1262 1366 in

150 1393 221 1456 aliis
241 1395 273 1456 le
296 1393 369 1454 ihus
389 1393 591 1472 continetur,
613 1403 799 1456 excusatum
823 1417 841 1454 a
863 1395 959 1476 eulpa
981 1394 1115 1457 domino
1134 1412 1263 1454 servum

151 1487 254 1540 amota
276 1417 433 1540 illatione
459 1475 615 1542 restituat.
677 1477 759 1540 Setis
783 1476 871 1539 enim
910 1477 1042 1538 videtur
1071 1475 1262 1558 indignum,

149 1569 187 1625 nt
209 1558 242 1623 in
269 1579 309 1619 eo
333 1560 405 1623 loco.
425 1557 511 1622 servi
539 1559 773 1620 contumacium
792 1559 982 1622 rebellionis
1000 1567 1178 1634 assumant,
1207 1555 1263 1618 ubi

149 1639 365 1724 castigationis
386 1639 557 1722 discipline
584 1650 616 1702 et
643 1641 884 1724 obtemperandi
903 1639 1130 1722 praedicantur
1151 1660 1261 1704 exem·

147 1725 231 1808 pla*
254 1723 289 1790 Si
317 1722 389 1806 quis
419 1723 527 1804 itaque
550 1722 717 1786 domiuum
738 1745 832 1786 suum
854 1723 888 1784 in
910 1723 999 1786 hunc
1021 1721 1148 1785 inducit
1170 1743 1262 1783 erro-

147 1828 238 1884 rem,
267 1806 433 1888 precium,
472 1805 529 1886 qui
550 1826 610 1887 per
641 1807 836 1890 suppositam
861 1827 1031 1888 personam
1062 1801 1263 1886 comparavit

143 1889 284 1960 amittat.
326 1887 422 1966 Quod
444 1887 500 1949 ille
523 1896 578 1949 sut
598 1886 669 1970 ipso
690 1889 872 1952 commercii
894 1897 1059 1970 ternpore,
1080 1909 1145 1970 qno
1168 1885 1263 1949 indn-

117 1967 120 1974 ’
148 1972 302 2049 uebatur,
335 1979 488 2051 usurpet,
518 1991 594 2032 suae
625 1970 812 2054 proprietati
842 1969 1025 2032 habiturum
1066 1979 1120 2030 aut
1144 1969 1171 2032 si
1197 1965 1261 2028 lroc
1327 1995 1332 2008 ·

145 2062 258 2138 'pastea
279 2075 376 2136 quam
397 2054 502 2114 fuerat
521 2052 671 2114 inductus
701 2053 883 2136 agnoverit,
927 2051 1043 2115 iudicis
1065 2051 1261 2133 exequutio-

148 2159 189 2198 ue
211 2135 390 2220 percipiat,
429 2143 461 2195 et
493 2157 623 2196 servum
645 2135 857 2197 nihilominus
877 2156 952 2196 suae
985 2135 1137 2198 vindicet
1166 2143 1260 2214 pote-

146 2222 228 2290 stati,
274 2221 302 2280 ls
331 2227 438 2278 autem
468 2217 525 2299 qui
552 2239 586 2279 se
609 2218 792 2281 ministrum
821 2218 1047 2279 fraudulenter
1076 2215 1259 2279 venditioni

141 2301 296 2383 ingessit,
327 2300 427 2360 alium
456 2299 539 2381 paris
566 2300 671 2361 meriti
711 2323 840 2364 servum
869 2299 1019 2377 domiuo,
1056 2301 1109 2361 cui
1135 2299 1258 2360 instru-

44 2389 48 2394 '
146 2387 194 2445 xit
222 2383 375 2460 insidias,
406 2382 580 2442 reformare
611 2391 760 2465 cogatur:
798 2391 831 2445 et
859 2391 924 2441 tam
949 2382 1107 2446 notandae
1136 2379 1262 2442 fraudis

139 2465 357 2549 improbitas,
376 2465 540 2547 praecepti
561 2463 658 2530 huius
679 2475 866 2529 coerceatur
886 2464 1025 2528 obiectu.

463 2604 465 2608 Α
501 2611 625 2676 XVIII.
646 2627 709 2675 rna.
730 2635 817 2682 ncne.
837 2635 905 2676 ner.
973 2659 975 2666 ›
1006 2663 1007 2666 ,

146 2725 186 2787 Si
204 2745 310 2786 seruus
327 2742 396 2812 pro·
411 2745 593 2811 quocunque
615 2729 765 2807 erimine,
802 2729 1010 2813 qualicunque
1031 2739 1196 2790 contractu
1218 2725 1264 2788 ad

434 2808 608 2874 dominium
630 2813 793 2874 transierit
820 2811 961 2880 ulterius,

226 2890 299 2954 Nou
320 2891 642 2973 praetermittendum
666 2903 737 2970 est,
756 2892 853 2975 legali
875 2893 1041 2956 sanctione
1064 2891 1241 2960 decernere
1248 2938 1259 2972 ,

145 2971 233 3034 unde
268 2973 461 3060 plerumque
487 2973 738 3057 impugnationis
769 2974 892 3038 occasio
925 2975 1075 3037 videatur
1108 2977 1259 3041 existere.

146 3056 295 3130 Idcirco,
333 3056 361 3118 si
396 3054 541 3122 criminis
568 3067 660 3120 reatu
694 3079 804 3120 servus
838 3057 1015 3135 obnoxius,
1047 3057 1085 3118 ad
1119 3060 1258 3121 alterum

145 3140 277 3200 fortasse
300 3137 474 3200 dominum.
488 3138 691 3217 donationis,
726 3140 941 3218 venditionis,
964 3150 1019 3199 aut
1040 3142 1258 3202 commutatio-

147 3221 197 3284 nis
216 3221 311 3282 titulo
332 3221 495 3283 transierit
516 3221 712 3301 serviturus,
735 3222 820 3284 idem
840 3223 929 3304 prior
950 3222 1099 3284 dominus
1117 3233 1173 3285 aut
1195 3246 1260 3286 ser·

146 3325 224 3364 vum
252 3325 311 3386 pru
337 3305 433 3384 culpa
466 3303 612 3380 tradere,
631 3313 695 3380 *aut
727 3326 785 3388 pro
818 3326 856 3365 eo
887 3326 1079 3386 componere
1114 3308 1259 3385 compel-

146 3387 262 3448 lendus
285 3395 341 3452 cst.
381 3388 460 3448 Nam
481 3386 538 3468 qui
559 3387 655 3450 talem
678 3409 807 3450 servum
835 3409 1033 3468 comparasse
1056 3387 1257 3466 dinoscitur,

146 3470 173 3530 si
202 3470 396 3550 respondere
423 3469 475 3530 vel
513 3469 695 3532 satisfacere
732 3492 790 3552 pro
823 3471 959 3531 crimine
989 3469 1058 3530 eius
1095 3471 1257 3550 noluerit,

146 3550 237 3613 hunc
262 3551 364 3632 priori
386 3552 516 3612 domino
537 3552 646 3633 precio
667 3562 797 3635 recepto
819 3553 984 3631 restituat,
1014 3559 1046 3612 'et
1070 3551 1145 3634 ipse
1173 3575 1257 3636 quo-

147 3655 211 3715 que
232 3655 291 3715 pro
316 3635 437 3694 scelere
460 3635 545 3695 servi
566 3635 750 3709 redditurus
769 3647 817 3696 est
831 3635 953 3716 petenti
966 3656 1174 3716 responsum,
1197 3636 1256 3698 sub

147 3717 240 3778 cuius
261 3716 404 3778 dominio
426 3738 555 3778 servum
576 3718 757 3780 eonstiterit
782 3727 979 3800 perpetrasse
999 3726 1134 3786 reatum.

491 3831 584 3902 XIX.
626 3855 688 3897 rns.
710 3855 797 3899 cuns.
826 3855 893 3899 nur.

243 3949 292 4007 De
314 3969 376 4008 nou
404 3948 581 4009 alienandis
599 3951 800 4030 priuatorum
821 3961 852 4008 et
873 3949 1039 4010 curialium
1062 3949 1163 4012 rebus.

231 4029 265 4088 Si
288 4049 365 4088 cura
386 4032 432 4090 rei
454 4031 620 4093 familiaris
642 4032 831 4094 omittinou
861 4031 975 4110 dehet,
1009 4041 1130 4115 quanto
1159 4029 1257 4111 magis

148 4111 294 4172 utilitatis
315 4113 480 4196 publicae,
502 4135 598 4194 quam
619 4137 745 4196 semper
768 4114 912 4176 exerceri
934 4117 987 4175 vel
1015 4115 1127 4196 augeri
1150 4135 1259 4176 neces·

143 4218 182 4298 pp
202 4194 268 4299 eqt?
291 4195 435 4270 Ceriales
456 4195 629 4284 igitunvel
650 4197 785 4283 privati,
807 4197 865 4282 qui
882 4197 1021 4272 cahallos
1042 4220 1183 4285 ponere,
1204 4195 1256 4263 vel
