<?xml version="1.0" encoding="UTF-8"?>
<!DOCTYPE html PUBLIC "-//W3C//DTD XHTML 1.0 Transitional//EN"
    "http://www.w3.org/TR/xhtml1/DTD/xhtml1-transitional.dtd">
<html xmlns="http://www.w3.org/1999/xhtml" xml:lang="en" lang="en">
 <head>
  <title>
</title>
<meta http-equiv="Content-Type" content="text/html;charset=utf-8" />
  <meta name='ocr-system' content='tesseract 3.04.00' />
  <meta name='ocr-capabilities' content='ocr_page ocr_carea ocr_par ocr_line ocrx_word'/>
</head>
<body>
  <div class='ocr_page' id='page_1' title='image "./corpusiurisgerm00visigoog_0132.png"; bbox 0 0 2684 4868; ppageno 0'>
   <div class='ocr_carea' id='block_1_1' title="bbox 296 273 1227 356">
    <p class='ocr_par' dir='ltr' id='par_1_1' title="bbox 296 273 1227 356">
     <span class='ocr_line' id='line_1_1' title="bbox 296 273 1227 356; baseline -0.009 -2"><span class='ocrx_word' id='word_1_1' title='bbox 296 295 403 354; x_wconf 83' lang='lat' dir='ltr'><strong>mors</strong></span> <span class='ocrx_word' id='word_1_2' title='bbox 420 292 714 356; x_wconf 78' lang='lat' dir='ltr'><strong>msroornoaun</strong></span> <span class='ocrx_word' id='word_1_3' title='bbox 732 295 799 354; x_wconf 77' lang='lat' dir='ltr'><strong>ste</strong></span> <span class='ocrx_word' id='word_1_4' title='bbox 816 289 865 351; x_wconf 81' lang='lat' dir='ltr'><strong>vt.</strong></span> <span class='ocrx_word' id='word_1_5' title='bbox 886 294 959 352; x_wconf 83' lang='lat' dir='ltr'><strong>rm</strong></span> <span class='ocrx_word' id='word_1_6' title='bbox 978 291 1003 354; x_wconf 89' lang='lat'><strong>1.</strong></span> <span class='ocrx_word' id='word_1_7' title='bbox 1147 273 1227 354; x_wconf 75' lang='lat'><strong>5³9</strong></span> 
     </span>
    </p>
   </div>
   <div class='ocr_carea' id='block_1_2' title="bbox 103 435 1228 768">
    <p class='ocr_par' dir='ltr' id='par_1_2' title="bbox 103 435 1228 768">
     <span class='ocr_line' id='line_1_2' title="bbox 105 435 1228 522; baseline -0.004 -19"><span class='ocrx_word' id='word_1_8' title='bbox 105 435 264 502; x_wconf 78' lang='lat' dir='ltr'><strong>ferventis</strong></span> <span class='ocrx_word' id='word_1_9' title='bbox 297 437 453 502; x_wconf 88' lang='lat' dir='ltr'><strong>innoxius</strong></span> <span class='ocrx_word' id='word_1_10' title='bbox 479 435 687 522; x_wconf 87' lang='lat' dir='ltr'><strong>apparuerit,</strong></span> <span class='ocrx_word' id='word_1_11' title='bbox 725 436 847 521; x_wconf 88' lang='lat' dir='ltr'><strong>petitor</strong></span> <span class='ocrx_word' id='word_1_12' title='bbox 874 436 1000 500; x_wconf 87' lang='lat' dir='ltr'><strong>nullam</strong></span> <span class='ocrx_word' id='word_1_13' title='bbox 1020 435 1228 518; x_wconf 71' lang='lat' dir='ltr'>pertimescat</span> 
     </span>
     <span class='ocr_line' id='line_1_3' title="bbox 106 519 1223 605; baseline 0 -22"><span class='ocrx_word' id='word_1_14' title='bbox 106 521 314 594; x_wconf 81' lang='lat' dir='ltr'><strong>calumniam.</strong></span> <span class='ocrx_word' id='word_1_15' title='bbox 355 523 416 585; x_wconf 90' lang='lat' dir='ltr'><strong>Hic</strong></span> <span class='ocrx_word' id='word_1_16' title='bbox 444 543 575 604; x_wconf 87' lang='lat' dir='ltr'><strong>quoque</strong></span> <span class='ocrx_word' id='word_1_17' title='bbox 605 529 639 582; x_wconf 87' lang='lat' dir='ltr'><strong>et</strong></span> <span class='ocrx_word' id='word_1_18' title='bbox 669 521 709 582; x_wconf 91' lang='lat' dir='ltr'><strong>de</strong></span> <span class='ocrx_word' id='word_1_19' title='bbox 735 520 891 603; x_wconf 73' lang='lat' dir='ltr'><strong>suspectis</strong></span> <span class='ocrx_word' id='word_1_20' title='bbox 917 519 1035 583; x_wconf 89' lang='lat' dir='ltr'><strong>habitis</strong></span> <span class='ocrx_word' id='word_1_21' title='bbox 1063 522 1223 605; x_wconf 86' lang='lat' dir='ltr'><strong>personis,¹</strong></span> 
     </span>
     <span class='ocr_line' id='line_1_4' title="bbox 104 603 1223 687; baseline -0.004 -17"><span class='ocrx_word' id='word_1_22' title='bbox 104 605 140 670; x_wconf 85' lang='lat' dir='ltr'><strong>id</strong></span> <span class='ocrx_word' id='word_1_23' title='bbox 162 612 213 668; x_wconf 82' lang='lat' dir='ltr'><strong>est</strong></span> <span class='ocrx_word' id='word_1_24' title='bbox 231 605 274 667; x_wconf 89' lang='lat' dir='ltr'><strong>de</strong></span> <span class='ocrx_word' id='word_1_25' title='bbox 295 604 413 667; x_wconf 87' lang='lat' dir='ltr'><strong>vilibus</strong></span> <span class='ocrx_word' id='word_1_26' title='bbox 435 606 561 668; x_wconf 85' lang='lat' dir='ltr'><strong>seilicet</strong></span> <span class='ocrx_word' id='word_1_27' title='bbox 581 615 613 666; x_wconf 91' lang='lat' dir='ltr'><strong>et</strong></span> <span class='ocrx_word' id='word_1_28' title='bbox 635 603 767 664; x_wconf 83' lang='lat' dir='ltr'><strong>infamia</strong></span> <span class='ocrx_word' id='word_1_29' title='bbox 789 603 924 682; x_wconf 89' lang='lat' dir='ltr'><strong>notatis,</strong></span> <span class='ocrx_word' id='word_1_30' title='bbox 946 603 1004 687; x_wconf 89' lang='lat' dir='ltr'><strong>qni</strong></span> <span class='ocrx_word' id='word_1_31' title='bbox 1021 604 1063 667; x_wconf 88' lang='lat' dir='ltr'><strong>ad</strong></span> <span class='ocrx_word' id='word_1_32' title='bbox 1083 604 1223 668; x_wconf 87' lang='lat' dir='ltr'><strong>testimo·</strong></span> 
     </span>
     <span class='ocr_line' id='line_1_5' title="bbox 103 686 911 768; baseline -0.001 -18"><span class='ocrx_word' id='word_1_33' title='bbox 103 688 199 751; x_wconf 84' lang='lat' dir='ltr'><strong>nium</strong></span> <span class='ocrx_word' id='word_1_34' title='bbox 219 699 385 752; x_wconf 83' lang='lat' dir='ltr'><strong>venerunt</strong></span> <span class='ocrx_word' id='word_1_35' title='bbox 406 689 579 752; x_wconf 89' lang='lat' dir='ltr'><strong>dicendum</strong></span> <span class='ocrx_word' id='word_1_36' title='bbox 591 733 601 768; x_wconf 97' lang='lat'><strong>,</strong></span> <span class='ocrx_word' id='word_1_37' title='bbox 622 688 701 750; x_wconf 90' lang='lat' dir='ltr'><strong>ordo</strong></span> <span class='ocrx_word' id='word_1_38' title='bbox 722 686 911 750; x_wconf 88' lang='lat' dir='ltr'><strong>servabitur.</strong></span> 
     </span>
    </p>
   </div>
   <div class='ocr_carea' id='block_1_3' title="bbox 37 801 1229 2381">
    <p class='ocr_par' dir='ltr' id='par_1_3' title="bbox 137 801 1186 1051">
     <span class='ocr_line' id='line_1_6' title="bbox 406 801 914 870; baseline 0 -7"><span class='ocrx_word' id='word_1_39' title='bbox 406 801 465 870; x_wconf 87' lang='lat' dir='ltr'><strong>IV.</strong></span> <span class='ocrx_word' id='word_1_40' title='bbox 507 825 568 864; x_wconf 76' lang='lat' dir='ltr'><strong>ris.</strong></span> <span class='ocrx_word' id='word_1_41' title='bbox 605 825 670 864; x_wconf 80' lang='lat' dir='ltr'><strong>ons.</strong></span> <span class='ocrx_word' id='word_1_42' title='bbox 705 821 815 865; x_wconf 80' lang='lat' dir='ltr'><strong>antea.</strong></span> <span class='ocrx_word' id='word_1_43' title='bbox 845 823 914 869; x_wconf 80' lang='lat' dir='ltr'><strong>aar.</strong></span> 
     </span>
     <span class='ocr_line' id='line_1_7' title="bbox 137 885 1186 974; baseline 0 -24"><span class='ocrx_word' id='word_1_44' title='bbox 137 885 206 950; x_wconf 84' lang='lat' dir='ltr'><strong>Pro</strong></span> <span class='ocrx_word' id='word_1_45' title='bbox 230 887 342 970; x_wconf 82' lang='lat' dir='ltr'><strong>quihus</strong></span> <span class='ocrx_word' id='word_1_46' title='bbox 363 887 456 948; x_wconf 84' lang='lat' dir='ltr'><strong>rebus</strong></span> <span class='ocrx_word' id='word_1_47' title='bbox 476 899 506 946; x_wconf 89' lang='lat' dir='ltr'><strong>et</strong></span> <span class='ocrx_word' id='word_1_48' title='bbox 526 887 663 964; x_wconf 79' lang='lat' dir='ltr'><em>qualiter</em></span> <span class='ocrx_word' id='word_1_49' title='bbox 682 890 769 946; x_wconf 80' lang='lat' dir='ltr'><strong>servi</strong></span> <span class='ocrx_word' id='word_1_50' title='bbox 788 885 844 946; x_wconf 79' lang='lat' dir='ltr'><strong>vel</strong></span> <span class='ocrx_word' id='word_1_51' title='bbox 859 885 994 947; x_wconf 83' lang='lat' dir='ltr'><strong>ancillae</strong></span> <span class='ocrx_word' id='word_1_52' title='bbox 1013 887 1186 974; x_wconf 74' lang='lat' dir='ltr'><strong>torquenda·</strong></span> 
     </span>
     <span class='ocr_line' id='line_1_8' title="bbox 350 969 907 1051; baseline 0.004 -23"><span class='ocrx_word' id='word_1_53' title='bbox 350 985 355 994; x_wconf 87' lang='lat'>&#39;</span> <span class='ocrx_word' id='word_1_54' title='bbox 407 981 496 1044; x_wconf 86' lang='lat' dir='ltr'><strong>sunt,</strong></span> <span class='ocrx_word' id='word_1_55' title='bbox 521 970 676 1051; x_wconf 81' lang='lat' dir='ltr'><strong>incapite</strong></span> <span class='ocrx_word' id='word_1_56' title='bbox 696 969 907 1030; x_wconf 83' lang='lat' dir='ltr'><strong>dominorum.</strong></span> 
     </span>
    </p>

    <p class='ocr_par' dir='ltr' id='par_1_4' title="bbox 37 1049 1229 2381">
     <span class='ocr_line' id='line_1_9' title="bbox 187 1049 1218 1134; baseline 0.005 -21"><span class='ocrx_word' id='word_1_57' title='bbox 187 1053 308 1114; x_wconf 82' lang='lat' dir='ltr'><strong>Servus</strong></span> <span class='ocrx_word' id='word_1_58' title='bbox 329 1051 383 1114; x_wconf 82' lang='lat' dir='ltr'><strong>vel</strong></span> <span class='ocrx_word' id='word_1_59' title='bbox 407 1051 526 1111; x_wconf 87' lang='lat' dir='ltr'><strong>ancilla</strong></span> <span class='ocrx_word' id='word_1_60' title='bbox 549 1073 582 1110; x_wconf 89' lang='lat' dir='ltr'><strong>m</strong></span> <span class='ocrx_word' id='word_1_61' title='bbox 605 1052 708 1134; x_wconf 89' lang='lat' dir='ltr'><strong>capite</strong></span> <span class='ocrx_word' id='word_1_62' title='bbox 735 1050 859 1113; x_wconf 92' lang='lat' dir='ltr'><strong>domini</strong></span> <span class='ocrx_word' id='word_1_63' title='bbox 887 1049 940 1112; x_wconf 83' lang='lat' dir='ltr'><strong>vel</strong></span> <span class='ocrx_word' id='word_1_64' title='bbox 974 1050 1123 1118; x_wconf 87' lang='lat' dir='ltr'><strong>dominae</strong></span> <span class='ocrx_word' id='word_1_65' title='bbox 1150 1077 1218 1122; x_wconf 86' lang='lat' dir='ltr'><strong>non</strong></span> 
     </span>
     <span class='ocr_line' id='line_1_10' title="bbox 101 1133 1221 1221; baseline 0.004 -24"><span class='ocrx_word' id='word_1_66' title='bbox 101 1145 238 1221; x_wconf 83' lang='lat' dir='ltr'><strong>propter</strong></span> <span class='ocrx_word' id='word_1_67' title='bbox 258 1135 348 1196; x_wconf 87' lang='lat' dir='ltr'><strong>aliud</strong></span> <span class='ocrx_word' id='word_1_68' title='bbox 369 1135 544 1218; x_wconf 89' lang='lat' dir='ltr'><strong>torquendi</strong></span> <span class='ocrx_word' id='word_1_69' title='bbox 566 1143 658 1205; x_wconf 89' lang='lat' dir='ltr'><strong>sunt,</strong></span> <span class='ocrx_word' id='word_1_70' title='bbox 682 1133 744 1196; x_wconf 90' lang='lat' dir='ltr'><strong>nisi</strong></span> <span class='ocrx_word' id='word_1_71' title='bbox 766 1144 892 1195; x_wconf 88' lang='lat' dir='ltr'><strong>tantum</strong></span> <span class='ocrx_word' id='word_1_72' title='bbox 914 1133 946 1192; x_wconf 90' lang='lat' dir='ltr'><strong>in</strong></span> <span class='ocrx_word' id='word_1_73' title='bbox 970 1135 1107 1198; x_wconf 88' lang='lat' dir='ltr'><strong>crimine</strong></span> <span class='ocrx_word' id='word_1_74' title='bbox 1129 1141 1221 1202; x_wconf 87' lang='lat' dir='ltr'><strong>adul-</strong></span> 
     </span>
     <span class='ocr_line' id='line_1_11' title="bbox 100 1217 1221 1301; baseline 0.004 -20"><span class='ocrx_word' id='word_1_75' title='bbox 100 1220 192 1297; x_wconf 90' lang='lat' dir='ltr'><strong>terii,</strong></span> <span class='ocrx_word' id='word_1_76' title='bbox 214 1227 271 1278; x_wconf 88' lang='lat' dir='ltr'><strong>aut</strong></span> <span class='ocrx_word' id='word_1_77' title='bbox 290 1218 317 1279; x_wconf 92' lang='lat' dir='ltr'><strong>si</strong></span> <span class='ocrx_word' id='word_1_78' title='bbox 339 1227 451 1280; x_wconf 87' lang='lat' dir='ltr'><strong>contra</strong></span> <span class='ocrx_word' id='word_1_79' title='bbox 471 1218 603 1299; x_wconf 85' lang='lat' dir='ltr'><strong>Regem,</strong></span> <span class='ocrx_word' id='word_1_80' title='bbox 626 1226 754 1299; x_wconf 77' lang='lat' dir='ltr'><strong>gentem</strong></span> <span class='ocrx_word' id='word_1_81' title='bbox 777 1219 829 1279; x_wconf 83' lang='lat' dir='ltr'><strong>vel</strong></span> <span class='ocrx_word' id='word_1_82' title='bbox 852 1217 986 1300; x_wconf 86' lang='lat' dir='ltr'><strong>patriam</strong></span> <span class='ocrx_word' id='word_1_83' title='bbox 1008 1220 1132 1301; x_wconf 89' lang='lat' dir='ltr'><strong>aliquid</strong></span> <span class='ocrx_word' id='word_1_84' title='bbox 1154 1223 1221 1286; x_wconf 88' lang='lat' dir='ltr'><strong>dio·</strong></span> 
     </span>
     <span class='ocr_line' id='line_1_12' title="bbox 101 1301 1219 1386; baseline 0.002 -20"><span class='ocrx_word' id='word_1_85' title='bbox 101 1314 174 1366; x_wconf 87' lang='lat' dir='ltr'><strong>tum</strong></span> <span class='ocrx_word' id='word_1_86' title='bbox 194 1301 248 1364; x_wconf 78' lang='lat' dir='ltr'><strong>rel</strong></span> <span class='ocrx_word' id='word_1_87' title='bbox 271 1301 459 1385; x_wconf 89' lang='lat' dir='ltr'><strong>dispositum</strong></span> <span class='ocrx_word' id='word_1_88' title='bbox 481 1301 598 1361; x_wconf 80' lang='lat' dir='ltr'><strong>fuerit:</strong></span> <span class='ocrx_word' id='word_1_89' title='bbox 626 1321 684 1361; x_wconf 87' lang='lat' dir='ltr'><strong>seu</strong></span> <span class='ocrx_word' id='word_1_90' title='bbox 715 1301 741 1362; x_wconf 91' lang='lat' dir='ltr'><strong>si</strong></span> <span class='ocrx_word' id='word_1_91' title='bbox 764 1301 875 1361; x_wconf 83' lang='lat' dir='ltr'><strong>falsam</strong></span> <span class='ocrx_word' id='word_1_92' title='bbox 897 1309 1058 1362; x_wconf 76' lang='lat' dir='ltr'><strong>monetam</strong></span> <span class='ocrx_word' id='word_1_93' title='bbox 1079 1306 1219 1386; x_wconf 86' lang='lat' dir='ltr'><strong>quisque</strong></span> 
     </span>
     <span class='ocr_line' id='line_1_13' title="bbox 103 1383 1220 1462; baseline 0.001 -14"><span class='ocrx_word' id='word_1_94' title='bbox 103 1385 318 1462; x_wconf 81' lang='lat' dir='ltr'><strong>confinxerit,</strong></span> <span class='ocrx_word' id='word_1_95' title='bbox 356 1394 412 1445; x_wconf 89' lang='lat' dir='ltr'><strong>aut</strong></span> <span class='ocrx_word' id='word_1_96' title='bbox 440 1384 535 1445; x_wconf 91' lang='lat' dir='ltr'><strong>etiam</strong></span> <span class='ocrx_word' id='word_1_97' title='bbox 569 1383 595 1444; x_wconf 90' lang='lat' dir='ltr'><strong>si</strong></span> <span class='ocrx_word' id='word_1_98' title='bbox 628 1405 769 1446; x_wconf 78' lang='lat' dir='ltr'><strong>caussam</strong></span> <span class='ocrx_word' id='word_1_99' title='bbox 798 1383 967 1445; x_wconf 89' lang='lat' dir='ltr'><strong>homicidii</strong></span> <span class='ocrx_word' id='word_1_100' title='bbox 993 1386 1045 1446; x_wconf 81' lang='lat' dir='ltr'><strong>vel</strong></span> <span class='ocrx_word' id='word_1_101' title='bbox 1067 1387 1220 1450; x_wconf 84' lang='lat' dir='ltr'><strong>maleficii</strong></span> 
     </span>
     <span class='ocr_line' id='line_1_14' title="bbox 102 1465 1219 1554; baseline 0.004 -26"><span class='ocrx_word' id='word_1_102' title='bbox 102 1469 324 1552; x_wconf 85' lang='lat' dir='ltr'><strong>quaerendam</strong></span> <span class='ocrx_word' id='word_1_103' title='bbox 347 1489 416 1528; x_wconf 88' lang='lat' dir='ltr'><strong>esse</strong></span> <span class='ocrx_word' id='word_1_104' title='bbox 438 1465 641 1534; x_wconf 60' lang='lat' dir='ltr'><strong>constiterit„</strong></span> <span class='ocrx_word' id='word_1_105' title='bbox 680 1468 727 1528; x_wconf 88' lang='lat' dir='ltr'><strong>lta</strong></span> <span class='ocrx_word' id='word_1_106' title='bbox 756 1476 794 1528; x_wconf 90' lang='lat' dir='ltr'><strong>ut</strong></span> <span class='ocrx_word' id='word_1_107' title='bbox 814 1467 898 1528; x_wconf 85' lang='lat' dir='ltr'><strong>servi</strong></span> <span class='ocrx_word' id='word_1_108' title='bbox 921 1466 975 1527; x_wconf 84' lang='lat' dir='ltr'><strong>rel</strong></span> <span class='ocrx_word' id='word_1_109' title='bbox 997 1469 1137 1530; x_wconf 89' lang='lat' dir='ltr'><strong>ancillae</strong></span> <span class='ocrx_word' id='word_1_110' title='bbox 1158 1493 1219 1554; x_wconf 89' lang='lat' dir='ltr'><strong>pro</strong></span> 
     </span>
     <span class='ocr_line' id='line_1_15' title="bbox 100 1548 1218 1626; baseline 0.003 -13"><span class='ocrx_word' id='word_1_111' title='bbox 100 1552 222 1614; x_wconf 80' lang='lat' dir='ltr'><strong>talibus</strong></span> <span class='ocrx_word' id='word_1_112' title='bbox 245 1550 434 1612; x_wconf 82' lang='lat' dir='ltr'><strong>criminibus</strong></span> <span class='ocrx_word' id='word_1_113' title='bbox 456 1549 552 1626; x_wconf 92' lang='lat' dir='ltr'><strong>torti,</strong></span> <span class='ocrx_word' id='word_1_114' title='bbox 585 1548 611 1612; x_wconf 91' lang='lat' dir='ltr'><strong>si</strong></span> <span class='ocrx_word' id='word_1_115' title='bbox 634 1550 756 1612; x_wconf 87' lang='lat' dir='ltr'><strong>conscii</strong></span> <span class='ocrx_word' id='word_1_116' title='bbox 787 1560 820 1612; x_wconf 90' lang='lat' dir='ltr'><strong>et</strong></span> <span class='ocrx_word' id='word_1_117' title='bbox 840 1550 1054 1612; x_wconf 89' lang='lat' dir='ltr'><strong>occultatores</strong></span> <span class='ocrx_word' id='word_1_118' title='bbox 1084 1553 1218 1616; x_wconf 88' lang='lat' dir='ltr'><strong>sceleris</strong></span> 
     </span>
     <span class='ocr_line' id='line_1_16' title="bbox 102 1632 1219 1717; baseline 0.002 -21"><span class='ocrx_word' id='word_1_119' title='bbox 102 1636 309 1697; x_wconf 86' lang='lat' dir='ltr'><strong>dominorum</strong></span> <span class='ocrx_word' id='word_1_120' title='bbox 331 1633 579 1717; x_wconf 86' lang='lat' dir='ltr'><strong>repperiuntur,</strong></span> <span class='ocrx_word' id='word_1_121' title='bbox 607 1635 729 1714; x_wconf 86' lang='lat' dir='ltr'><strong>pariter</strong></span> <span class='ocrx_word' id='word_1_122' title='bbox 748 1655 822 1696; x_wconf 90' lang='lat' dir='ltr'><strong>enm</strong></span> <span class='ocrx_word' id='word_1_123' title='bbox 845 1632 1005 1712; x_wconf 84' lang='lat' dir='ltr'><strong>dominis,</strong></span> <span class='ocrx_word' id='word_1_124' title='bbox 1037 1636 1219 1698; x_wconf 88' lang='lat' dir='ltr'><strong>secundum</strong></span> 
     </span>
     <span class='ocr_line' id='line_1_17' title="bbox 101 1715 1229 1800; baseline 0.002 -22"><span class='ocrx_word' id='word_1_125' title='bbox 101 1717 193 1800; x_wconf 90' lang='lat' dir='ltr'><strong>quod</strong></span> <span class='ocrx_word' id='word_1_126' title='bbox 212 1718 361 1779; x_wconf 80' lang='lat' dir='ltr'><strong>voluntas</strong></span> <span class='ocrx_word' id='word_1_127' title='bbox 383 1715 544 1799; x_wconf 87' lang='lat' dir='ltr'><strong>Principis</strong></span> <span class='ocrx_word' id='word_1_128' title='bbox 564 1716 728 1792; x_wconf 84' lang='lat' dir='ltr'><strong>extiterit,</strong></span> <span class='ocrx_word' id='word_1_129' title='bbox 756 1717 1028 1779; x_wconf 81' lang='lat' dir='ltr'><strong>condemnentur.</strong></span> <span class='ocrx_word' id='word_1_130' title='bbox 1070 1719 1166 1794; x_wconf 80' lang='lat' dir='ltr'><strong>Certe</strong></span> <span class='ocrx_word' id='word_1_131' title='bbox 1190 1719 1229 1781; x_wconf 85' lang='lat' dir='ltr'><strong>si.</strong></span> 
     </span>
     <span class='ocr_line' id='line_1_18' title="bbox 72 1798 1218 1885; baseline -0.002 -20"><span class='ocrx_word' id='word_1_132' title='bbox 72 1857 76 1865; x_wconf 95' lang='lat'>.</span> <span class='ocrx_word' id='word_1_133' title='bbox 101 1823 162 1876; x_wconf 78' lang='lat' dir='ltr'><strong>sua</strong></span> <span class='ocrx_word' id='word_1_134' title='bbox 178 1809 293 1882; x_wconf 86' lang='lat' dir='ltr'><strong>sponte</strong></span> <span class='ocrx_word' id='word_1_135' title='bbox 312 1799 435 1861; x_wconf 90' lang='lat' dir='ltr'><strong>iudices</strong></span> <span class='ocrx_word' id='word_1_136' title='bbox 452 1799 595 1862; x_wconf 80' lang='lat' dir='ltr'><strong>veritatis</strong></span> <span class='ocrx_word' id='word_1_137' title='bbox 613 1799 799 1877; x_wconf 78' lang='lat' dir='ltr'><strong>extiterint,</strong></span> <span class='ocrx_word' id='word_1_138' title='bbox 822 1800 958 1861; x_wconf 87' lang='lat' dir='ltr'><strong>sufficiat</strong></span> <span class='ocrx_word' id='word_1_139' title='bbox 980 1798 1027 1860; x_wconf 91' lang='lat' dir='ltr'><strong>eis</strong></span> <span class='ocrx_word' id='word_1_140' title='bbox 1047 1799 1137 1881; x_wconf 88' lang='lat' dir='ltr'><strong>quod</strong></span> <span class='ocrx_word' id='word_1_141' title='bbox 1157 1823 1218 1885; x_wconf 88' lang='lat' dir='ltr'><strong>pro</strong></span> 
     </span>
     <span class='ocr_line' id='line_1_19' title="bbox 99 1882 1219 1966; baseline 0.004 -24"><span class='ocrx_word' id='word_1_142' title='bbox 99 1884 247 1946; x_wconf 81' lang='lat' dir='ltr'><strong>veritatis</strong></span> <span class='ocrx_word' id='word_1_143' title='bbox 269 1883 423 1966; x_wconf 78' lang='lat' dir='ltr'><strong>indagine</strong></span> <span class='ocrx_word' id='word_1_144' title='bbox 444 1883 626 1964; x_wconf 89' lang='lat' dir='ltr'><strong>quaestioni</strong></span> <span class='ocrx_word' id='word_1_145' title='bbox 649 1882 768 1944; x_wconf 91' lang='lat' dir='ltr'><strong>subditi</strong></span> <span class='ocrx_word' id='word_1_146' title='bbox 789 1893 948 1944; x_wconf 89' lang='lat' dir='ltr'><strong>tormenta</strong></span> <span class='ocrx_word' id='word_1_147' title='bbox 969 1883 1176 1963; x_wconf 85' lang='lat' dir='ltr'><strong>pertulerint,</strong></span> <span class='ocrx_word' id='word_1_148' title='bbox 1199 1905 1219 1946; x_wconf 83' lang='lat' dir='ltr'><strong>a</strong></span> 
     </span>
     <span class='ocr_line' id='line_1_20' title="bbox 100 1964 1219 2047; baseline 0.001 -20"><span class='ocrx_word' id='word_1_149' title='bbox 100 1966 213 2027; x_wconf 89' lang='lat' dir='ltr'><strong>mortis</strong></span> <span class='ocrx_word' id='word_1_150' title='bbox 241 1975 349 2026; x_wconf 86' lang='lat' dir='ltr'><strong>tamen</strong></span> <span class='ocrx_word' id='word_1_151' title='bbox 377 1964 525 2047; x_wconf 84' lang='lat' dir='ltr'><strong>periculo</strong></span> <span class='ocrx_word' id='word_1_152' title='bbox 545 1965 727 2026; x_wconf 70' lang='lat' dir='ltr'><strong>habeantur</strong></span> <span class='ocrx_word' id='word_1_153' title='bbox 747 1967 916 2026; x_wconf 90' lang='lat' dir='ltr'><strong>immunes.</strong></span> <span class='ocrx_word' id='word_1_154' title='bbox 966 1966 1085 2027; x_wconf 81' lang='lat' dir='ltr'><strong>Servus</strong></span> <span class='ocrx_word' id='word_1_155' title='bbox 1108 1975 1219 2028; x_wconf 87' lang='lat' dir='ltr'><strong>autem</strong></span> 
     </span>
     <span class='ocr_line' id='line_1_21' title="bbox 98 2047 1219 2132; baseline 0.002 -22"><span class='ocrx_word' id='word_1_156' title='bbox 98 2049 152 2110; x_wconf 82' lang='lat' dir='ltr'><strong>vel</strong></span> <span class='ocrx_word' id='word_1_157' title='bbox 174 2049 295 2109; x_wconf 87' lang='lat' dir='ltr'><strong>ancilla</strong></span> <span class='ocrx_word' id='word_1_158' title='bbox 317 2048 351 2108; x_wconf 92' lang='lat' dir='ltr'><strong>in</strong></span> <span class='ocrx_word' id='word_1_159' title='bbox 373 2050 543 2110; x_wconf 88' lang='lat' dir='ltr'><strong>tormentis</strong></span> <span class='ocrx_word' id='word_1_160' title='bbox 564 2047 672 2132; x_wconf 90' lang='lat' dir='ltr'><strong>positi,</strong></span> <span class='ocrx_word' id='word_1_161' title='bbox 694 2059 726 2110; x_wconf 91' lang='lat' dir='ltr'><strong>et</strong></span> <span class='ocrx_word' id='word_1_162' title='bbox 747 2049 786 2110; x_wconf 90' lang='lat' dir='ltr'><strong>de</strong></span> <span class='ocrx_word' id='word_1_163' title='bbox 802 2071 835 2111; x_wconf 91' lang='lat' dir='ltr'><strong>se</strong></span> <span class='ocrx_word' id='word_1_164' title='bbox 850 2047 1049 2128; x_wconf 85' lang='lat' dir='ltr'><strong>interrogati,</strong></span> <span class='ocrx_word' id='word_1_165' title='bbox 1071 2047 1098 2110; x_wconf 91' lang='lat' dir='ltr'><strong>si</strong></span> <span class='ocrx_word' id='word_1_166' title='bbox 1120 2049 1219 2112; x_wconf 86' lang='lat' dir='ltr'><strong>etiam</strong></span> 
     </span>
     <span class='ocr_line' id='line_1_22' title="bbox 37 2125 1219 2215; baseline 0.002 -23"><span class='ocrx_word' id='word_1_167' title='bbox 37 2125 40 2133; x_wconf 19' lang='grc' dir='ltr'><strong>Δ</strong></span> <span class='ocrx_word' id='word_1_168' title='bbox 101 2131 141 2192; x_wconf 92' lang='lat' dir='ltr'><strong>de</strong></span> <span class='ocrx_word' id='word_1_169' title='bbox 164 2130 302 2198; x_wconf 88' lang='lat' dir='ltr'><strong>dominis</strong></span> <span class='ocrx_word' id='word_1_170' title='bbox 325 2139 404 2192; x_wconf 90' lang='lat' dir='ltr'><strong>sunt</strong></span> <span class='ocrx_word' id='word_1_171' title='bbox 424 2131 582 2209; x_wconf 81' lang='lat' dir='ltr'><strong>confessi,</strong></span> <span class='ocrx_word' id='word_1_172' title='bbox 611 2141 644 2194; x_wconf 92' lang='lat' dir='ltr'><strong>et</strong></span> <span class='ocrx_word' id='word_1_173' title='bbox 668 2132 767 2194; x_wconf 82' lang='lat' dir='ltr'><strong>fuerit</strong></span> <span class='ocrx_word' id='word_1_174' title='bbox 787 2134 881 2215; x_wconf 90' lang='lat' dir='ltr'><strong>eulpa</strong></span> <span class='ocrx_word' id='word_1_175' title='bbox 902 2131 1065 2207; x_wconf 84' lang='lat' dir='ltr'><strong>mortalis,</strong></span> <span class='ocrx_word' id='word_1_176' title='bbox 1098 2153 1135 2193; x_wconf 86' lang='lat' dir='ltr'><strong>ac</strong></span> <span class='ocrx_word' id='word_1_177' title='bbox 1157 2131 1219 2194; x_wconf 88' lang='lat' dir='ltr'><strong>de-</strong></span> 
     </span>
     <span class='ocr_line' id='line_1_23' title="bbox 100 2213 1218 2298; baseline 0.002 -23"><span class='ocrx_word' id='word_1_178' title='bbox 100 2213 229 2275; x_wconf 87' lang='lat' dir='ltr'><strong>claratis</strong></span> <span class='ocrx_word' id='word_1_179' title='bbox 251 2214 351 2296; x_wconf 87' lang='lat' dir='ltr'><strong>signis</strong></span> <span class='ocrx_word' id='word_1_180' title='bbox 371 2213 514 2297; x_wconf 89' lang='lat' dir='ltr'><strong>potuerit</strong></span> <span class='ocrx_word' id='word_1_181' title='bbox 540 2215 727 2298; x_wconf 87' lang='lat' dir='ltr'><strong>approbari,</strong></span> <span class='ocrx_word' id='word_1_182' title='bbox 760 2216 872 2276; x_wconf 86' lang='lat' dir='ltr'><strong>eadem</strong></span> <span class='ocrx_word' id='word_1_183' title='bbox 901 2213 1115 2276; x_wconf 87' lang='lat' dir='ltr'><strong>damnationis</strong></span> <span class='ocrx_word' id='word_1_184' title='bbox 1136 2236 1218 2278; x_wconf 88' lang='lat' dir='ltr'><strong>cen-</strong></span> 
     </span>
     <span class='ocr_line' id='line_1_24' title="bbox 98 2297 1169 2381; baseline -0.002 -22"><span class='ocrx_word' id='word_1_185' title='bbox 98 2316 174 2359; x_wconf 85' lang='lat' dir='ltr'><strong>sura</strong></span> <span class='ocrx_word' id='word_1_186' title='bbox 194 2297 411 2377; x_wconf 89' lang='lat' dir='ltr'><strong>mulctentur,</strong></span> <span class='ocrx_word' id='word_1_187' title='bbox 440 2320 511 2381; x_wconf 83' lang='lat' dir='ltr'><strong>qua</strong></span> <span class='ocrx_word' id='word_1_188' title='bbox 523 2320 637 2362; x_wconf 87' lang='lat' dir='ltr'><strong>eorum</strong></span> <span class='ocrx_word' id='word_1_189' title='bbox 659 2297 783 2362; x_wconf 91' lang='lat' dir='ltr'><strong>domini</strong></span> <span class='ocrx_word' id='word_1_190' title='bbox 802 2297 928 2360; x_wconf 87' lang='lat' dir='ltr'><strong>luerint</strong></span> <span class='ocrx_word' id='word_1_191' title='bbox 947 2297 1169 2366; x_wconf 81' lang='lat' dir='ltr'><strong>condemnati,</strong></span> 
     </span>
    </p>
   </div>
   <div class='ocr_carea' id='block_1_4' title="bbox 86 2417 1216 3573">
    <p class='ocr_par' dir='ltr' id='par_1_5' title="bbox 434 2417 892 2482">
     <span class='ocr_line' id='line_1_25' title="bbox 434 2417 892 2482; baseline -0.002 -3"><span class='ocrx_word' id='word_1_192' title='bbox 434 2417 476 2479; x_wconf 85' lang='lat' dir='ltr'><strong>V.</strong></span> <span class='ocrx_word' id='word_1_193' title='bbox 517 2438 581 2478; x_wconf 79' lang='lat' dir='ltr'><strong>rus.</strong></span> <span class='ocrx_word' id='word_1_194' title='bbox 612 2437 678 2480; x_wconf 80' lang='lat' dir='ltr'><strong>ors.</strong></span> <span class='ocrx_word' id='word_1_195' title='bbox 707 2435 794 2482; x_wconf 83' lang='lat' dir='ltr'><strong>cuns.</strong></span> <span class='ocrx_word' id='word_1_196' title='bbox 823 2437 892 2480; x_wconf 80' lang='lat' dir='ltr'><strong>aex.</strong></span> 
     </span>
    </p>

    <p class='ocr_par' dir='ltr' id='par_1_6' title="bbox 121 2497 1196 2585">
     <span class='ocr_line' id='line_1_26' title="bbox 121 2497 1196 2585; baseline -0.002 -23"><span class='ocrx_word' id='word_1_197' title='bbox 121 2501 190 2562; x_wconf 87' lang='lat' dir='ltr'><strong>Pro</strong></span> <span class='ocrx_word' id='word_1_198' title='bbox 210 2499 337 2582; x_wconf 83' lang='lat' dir='ltr'><strong>quantis</strong></span> <span class='ocrx_word' id='word_1_199' title='bbox 357 2499 450 2562; x_wconf 76' lang='lat' dir='ltr'><strong>relius</strong></span> <span class='ocrx_word' id='word_1_200' title='bbox 471 2511 503 2562; x_wconf 91' lang='lat' dir='ltr'><strong>et</strong></span> <span class='ocrx_word' id='word_1_201' title='bbox 518 2501 658 2585; x_wconf 82' lang='lat' dir='ltr'><strong>qualiter</strong></span> <span class='ocrx_word' id='word_1_202' title='bbox 679 2520 789 2561; x_wconf 80' lang='lat' dir='ltr'><strong>sernas</strong></span> <span class='ocrx_word' id='word_1_203' title='bbox 809 2511 864 2560; x_wconf 84' lang='lat' dir='ltr'><strong>aut</strong></span> <span class='ocrx_word' id='word_1_204' title='bbox 883 2497 1015 2561; x_wconf 84' lang='lat' dir='ltr'><strong>libertus</strong></span> <span class='ocrx_word' id='word_1_205' title='bbox 1034 2509 1196 2562; x_wconf 78' lang='lat' dir='ltr'><strong>tormenta</strong></span> 
     </span>
    </p>

    <p class='ocr_par' dir='ltr' id='par_1_7' title="bbox 86 2582 1216 3573">
     <span class='ocr_line' id='line_1_27' title="bbox 86 2582 748 2667; baseline 0.002 -24"><span class='ocrx_word' id='word_1_206' title='bbox 86 2585 88 2588; x_wconf 79' lang='grc'><strong>’</strong></span> <span class='ocrx_word' id='word_1_207' title='bbox 566 2582 748 2667; x_wconf 86' lang='lat' dir='ltr'><strong>portabunt.</strong></span> 
     </span>
     <span class='ocr_line' id='line_1_28' title="bbox 186 2661 1216 2749; baseline 0.004 -25"><span class='ocrx_word' id='word_1_208' title='bbox 186 2661 220 2724; x_wconf 88' lang='lat' dir='ltr'><strong>si</strong></span> <span class='ocrx_word' id='word_1_209' title='bbox 239 2685 355 2736; x_wconf 48' lang='lat' dir='ltr'><strong>servus,</strong></span> <span class='ocrx_word' id='word_1_210' title='bbox 370 2664 405 2726; x_wconf 89' lang='lat' dir='ltr'><strong>iu</strong></span> <span class='ocrx_word' id='word_1_211' title='bbox 428 2663 541 2749; x_wconf 88' lang='lat' dir='ltr'><strong>aliquo</strong></span> <span class='ocrx_word' id='word_1_212' title='bbox 561 2661 697 2728; x_wconf 85' lang='lat' dir='ltr'><strong>crimine</strong></span> <span class='ocrx_word' id='word_1_213' title='bbox 719 2673 903 2743; x_wconf 89' lang='lat' dir='ltr'><strong>accusatur,</strong></span> <span class='ocrx_word' id='word_1_214' title='bbox 941 2672 1035 2726; x_wconf 88' lang='lat' dir='ltr'><strong>antea</strong></span> <span class='ocrx_word' id='word_1_215' title='bbox 1064 2684 1129 2728; x_wconf 90' lang='lat' dir='ltr'><strong>non</strong></span> <span class='ocrx_word' id='word_1_216' title='bbox 1151 2676 1216 2728; x_wconf 89' lang='lat' dir='ltr'><strong>tor·</strong></span> 
     </span>
     <span class='ocr_line' id='line_1_29' title="bbox 101 2745 1215 2831; baseline 0.004 -25"><span class='ocrx_word' id='word_1_217' title='bbox 101 2755 261 2828; x_wconf 73' lang='lat' dir='ltr'><strong>queratur,</strong></span> <span class='ocrx_word' id='word_1_218' title='bbox 291 2769 388 2830; x_wconf 88' lang='lat' dir='ltr'><strong>quam</strong></span> <span class='ocrx_word' id='word_1_219' title='bbox 421 2748 479 2809; x_wconf 89' lang='lat' dir='ltr'><strong>ille</strong></span> <span class='ocrx_word' id='word_1_220' title='bbox 512 2749 571 2831; x_wconf 89' lang='lat' dir='ltr'><strong>qui</strong></span> <span class='ocrx_word' id='word_1_221' title='bbox 603 2757 751 2826; x_wconf 86' lang='lat' dir='ltr'><strong>accusat,</strong></span> <span class='ocrx_word' id='word_1_222' title='bbox 785 2747 846 2810; x_wconf 88' lang='lat' dir='ltr'><strong>bac</strong></span> <span class='ocrx_word' id='word_1_223' title='bbox 867 2769 900 2810; x_wconf 91' lang='lat' dir='ltr'><strong>se</strong></span> <span class='ocrx_word' id='word_1_224' title='bbox 922 2745 1215 2820; x_wconf 68' lang='lat' dir='ltr'><strong>conditionem·-</strong></span> 
     </span>
     <span class='ocr_line' id='line_1_30' title="bbox 98 2827 1215 2915; baseline 0.002 -23"><span class='ocrx_word' id='word_1_225' title='bbox 98 2827 250 2912; x_wconf 84' lang='lat' dir='ltr'><strong>stringat,</strong></span> <span class='ocrx_word' id='word_1_226' title='bbox 271 2841 309 2892; x_wconf 88' lang='lat' dir='ltr'><strong>ut</strong></span> <span class='ocrx_word' id='word_1_227' title='bbox 328 2831 355 2893; x_wconf 91' lang='lat' dir='ltr'><strong>si</strong></span> <span class='ocrx_word' id='word_1_228' title='bbox 377 2831 535 2894; x_wconf 89' lang='lat' dir='ltr'><strong>innocens</strong></span> <span class='ocrx_word' id='word_1_229' title='bbox 557 2839 715 2894; x_wconf 87' lang='lat' dir='ltr'><strong>tormenta</strong></span> <span class='ocrx_word' id='word_1_230' title='bbox 736 2830 907 2915; x_wconf 87' lang='lat' dir='ltr'><strong>pertulerit</strong></span> <span class='ocrx_word' id='word_1_231' title='bbox 919 2877 929 2910; x_wconf 95' lang='lat'><strong>,</strong></span> <span class='ocrx_word' id='word_1_232' title='bbox 962 2851 1022 2914; x_wconf 86' lang='lat' dir='ltr'><strong>pro</strong></span> <span class='ocrx_word' id='word_1_233' title='bbox 1054 2854 1104 2893; x_wconf 84' lang='lat' dir='ltr'><strong>en</strong></span> <span class='ocrx_word' id='word_1_234' title='bbox 1124 2831 1215 2914; x_wconf 87' lang='lat' dir='ltr'><strong>qnod</strong></span> 
     </span>
     <span class='ocr_line' id='line_1_31' title="bbox 97 2913 1213 2992; baseline 0.001 -19"><span class='ocrx_word' id='word_1_235' title='bbox 97 2913 309 2975; x_wconf 87' lang='lat' dir='ltr'><strong>innocentem</strong></span> <span class='ocrx_word' id='word_1_236' title='bbox 338 2915 505 2978; x_wconf 86' lang='lat' dir='ltr'><strong>tormentis</strong></span> <span class='ocrx_word' id='word_1_237' title='bbox 540 2913 689 2992; x_wconf 85' lang='lat' dir='ltr'><strong>tradidit,</strong></span> <span class='ocrx_word' id='word_1_238' title='bbox 727 2914 828 2978; x_wconf 87' lang='lat' dir='ltr'><strong>alium</strong></span> <span class='ocrx_word' id='word_1_239' title='bbox 849 2913 994 2976; x_wconf 89' lang='lat' dir='ltr'><strong>eiusdem</strong></span> <span class='ocrx_word' id='word_1_240' title='bbox 1017 2915 1123 2976; x_wconf 87' lang='lat' dir='ltr'><strong>meriti</strong></span> <span class='ocrx_word' id='word_1_241' title='bbox 1144 2935 1213 2977; x_wconf 91' lang='lat' dir='ltr'><strong>ser·</strong></span> 
     </span>
     <span class='ocr_line' id='line_1_32' title="bbox 96 2996 1213 3080; baseline 0.002 -22"><span class='ocrx_word' id='word_1_242' title='bbox 96 3017 176 3058; x_wconf 83' lang='lat' dir='ltr'><strong>vum</strong></span> <span class='ocrx_word' id='word_1_243' title='bbox 197 2996 329 3058; x_wconf 88' lang='lat' dir='ltr'><strong>domino</strong></span> <span class='ocrx_word' id='word_1_244' title='bbox 350 2999 525 3060; x_wconf 88' lang='lat' dir='ltr'><strong>reformare</strong></span> <span class='ocrx_word' id='word_1_245' title='bbox 545 3005 687 3080; x_wconf 78' lang='lat' dir='ltr'><strong>cogatur.</strong></span> <span class='ocrx_word' id='word_1_246' title='bbox 741 2998 777 3059; x_wconf 85' lang='lat' dir='ltr'><strong>si</strong></span> <span class='ocrx_word' id='word_1_247' title='bbox 805 3018 885 3059; x_wconf 82' lang='lat' dir='ltr'><strong>vero</strong></span> <span class='ocrx_word' id='word_1_248' title='bbox 907 2997 1065 3074; x_wconf 75' lang='lat' dir='ltr'><strong>innocens</strong></span> <span class='ocrx_word' id='word_1_249' title='bbox 1086 2997 1120 3057; x_wconf 90' lang='lat' dir='ltr'><strong>in</strong></span> <span class='ocrx_word' id='word_1_250' title='bbox 1142 3008 1213 3060; x_wconf 85' lang='lat' dir='ltr'><strong>tor-</strong></span> 
     </span>
     <span class='ocr_line' id='line_1_33' title="bbox 95 3077 1213 3161; baseline -0.001 -21"><span class='ocrx_word' id='word_1_251' title='bbox 95 3079 213 3141; x_wconf 87' lang='lat' dir='ltr'><strong>mentis</strong></span> <span class='ocrx_word' id='word_1_252' title='bbox 233 3089 380 3142; x_wconf 88' lang='lat' dir='ltr'><strong>mortuus</strong></span> <span class='ocrx_word' id='word_1_253' title='bbox 402 3089 457 3142; x_wconf 89' lang='lat' dir='ltr'><strong>aut</strong></span> <span class='ocrx_word' id='word_1_254' title='bbox 477 3080 662 3147; x_wconf 85' lang='lat' dir='ltr'><strong>debilitatus</strong></span> <span class='ocrx_word' id='word_1_255' title='bbox 682 3079 803 3159; x_wconf 89' lang='lat' dir='ltr'><strong>fuerit,</strong></span> <span class='ocrx_word' id='word_1_256' title='bbox 834 3079 915 3143; x_wconf 90' lang='lat' dir='ltr'><strong>duos</strong></span> <span class='ocrx_word' id='word_1_257' title='bbox 936 3078 1081 3161; x_wconf 86' lang='lat' dir='ltr'><strong>aequalis</strong></span> <span class='ocrx_word' id='word_1_258' title='bbox 1102 3077 1213 3141; x_wconf 89' lang='lat' dir='ltr'><strong>meriti</strong></span> 
     </span>
     <span class='ocr_line' id='line_1_34' title="bbox 95 3158 1213 3227; baseline 0.001 -4"><span class='ocrx_word' id='word_1_259' title='bbox 95 3158 205 3223; x_wconf 79' lang='lat' dir='ltr'><strong>servos</strong></span> <span class='ocrx_word' id='word_1_260' title='bbox 235 3184 308 3224; x_wconf 90' lang='lat' dir='ltr'><strong>cum</strong></span> <span class='ocrx_word' id='word_1_261' title='bbox 339 3164 454 3225; x_wconf 87' lang='lat' dir='ltr'><strong>eodem</strong></span> <span class='ocrx_word' id='word_1_262' title='bbox 484 3164 617 3227; x_wconf 88' lang='lat' dir='ltr'><strong>domino</strong></span> <span class='ocrx_word' id='word_1_263' title='bbox 646 3163 784 3226; x_wconf 88' lang='lat' dir='ltr'><strong>reddere</strong></span> <span class='ocrx_word' id='word_1_264' title='bbox 814 3185 880 3225; x_wconf 91' lang='lat' dir='ltr'><strong>non</strong></span> <span class='ocrx_word' id='word_1_265' title='bbox 903 3171 1067 3224; x_wconf 76' lang='lat' dir='ltr'><strong>moretur:</strong></span> <span class='ocrx_word' id='word_1_266' title='bbox 1100 3173 1132 3224; x_wconf 92' lang='lat' dir='ltr'><strong>et</strong></span> <span class='ocrx_word' id='word_1_267' title='bbox 1154 3161 1213 3224; x_wconf 87' lang='lat' dir='ltr'><strong>ille</strong></span> 
     </span>
     <span class='ocr_line' id='line_1_35' title="bbox 95 3241 1213 3332; baseline -0.001 -27"><span class='ocrx_word' id='word_1_268' title='bbox 95 3243 155 3326; x_wconf 89' lang='lat' dir='ltr'><strong>qui</strong></span> <span class='ocrx_word' id='word_1_269' title='bbox 176 3243 363 3308; x_wconf 89' lang='lat' dir='ltr'><strong>debilitatus</strong></span> <span class='ocrx_word' id='word_1_270' title='bbox 385 3256 450 3326; x_wconf 89' lang='lat' dir='ltr'><strong>est,</strong></span> <span class='ocrx_word' id='word_1_271' title='bbox 479 3246 641 3332; x_wconf 83' lang='lat' dir='ltr'><strong>ingennus</strong></span> <span class='ocrx_word' id='word_1_272' title='bbox 663 3245 695 3306; x_wconf 91' lang='lat' dir='ltr'><strong>in</strong></span> <span class='ocrx_word' id='word_1_273' title='bbox 719 3245 901 3330; x_wconf 88' lang='lat' dir='ltr'><strong>patrocinio</strong></span> <span class='ocrx_word' id='word_1_274' title='bbox 922 3244 1046 3308; x_wconf 88' lang='lat' dir='ltr'><strong>domini</strong></span> <span class='ocrx_word' id='word_1_275' title='bbox 1064 3241 1117 3308; x_wconf 81' lang='lat' dir='ltr'><strong>¹sui</strong></span> <span class='ocrx_word' id='word_1_276' title='bbox 1138 3265 1213 3328; x_wconf 90' lang='lat' dir='ltr'><strong>per·</strong></span> 
     </span>
     <span class='ocr_line' id='line_1_36' title="bbox 93 3325 1212 3414; baseline 0.001 -27"><span class='ocrx_word' id='word_1_277' title='bbox 93 3337 235 3389; x_wconf 87' lang='lat' dir='ltr'><strong>maneat.</strong></span> <span class='ocrx_word' id='word_1_278' title='bbox 287 3329 369 3390; x_wconf 83' lang='lat' dir='ltr'><strong>Nam</strong></span> <span class='ocrx_word' id='word_1_279' title='bbox 392 3340 425 3392; x_wconf 91' lang='lat' dir='ltr'><strong>et</strong></span> <span class='ocrx_word' id='word_1_280' title='bbox 450 3329 566 3408; x_wconf 84' lang='lat' dir='ltr'><strong>iudex,</strong></span> <span class='ocrx_word' id='word_1_281' title='bbox 595 3329 653 3414; x_wconf 88' lang='lat' dir='ltr'><strong>qui</strong></span> <span class='ocrx_word' id='word_1_282' title='bbox 673 3337 962 3413; x_wconf 84' lang='lat' dir='ltr'><strong>temperamentum</strong></span> <span class='ocrx_word' id='word_1_283' title='bbox 986 3328 1019 3388; x_wconf 89' lang='lat' dir='ltr'><strong>in</strong></span> <span class='ocrx_word' id='word_1_284' title='bbox 1042 3325 1212 3389; x_wconf 90' lang='lat' dir='ltr'><strong>tormentis</strong></span> 
     </span>
     <span class='ocr_line' id='line_1_37' title="bbox 94 3409 1212 3496; baseline -0.001 -26"><span class='ocrx_word' id='word_1_285' title='bbox 94 3430 162 3470; x_wconf 89' lang='lat' dir='ltr'><strong>non</strong></span> <span class='ocrx_word' id='word_1_286' title='bbox 175 3409 301 3490; x_wconf 83' lang='lat' dir='ltr'><strong>tenuit,</strong></span> <span class='ocrx_word' id='word_1_287' title='bbox 324 3411 415 3474; x_wconf 87' lang='lat' dir='ltr'><strong>etita</strong></span> <span class='ocrx_word' id='word_1_288' title='bbox 435 3413 663 3476; x_wconf 88' lang='lat' dir='ltr'><strong>discretionem</strong></span> <span class='ocrx_word' id='word_1_289' title='bbox 682 3413 763 3496; x_wconf 85' lang='lat' dir='ltr'><strong>legis</strong></span> <span class='ocrx_word' id='word_1_290' title='bbox 775 3413 927 3491; x_wconf 85' lang='lat' dir='ltr'><strong>excessit,</strong></span> <span class='ocrx_word' id='word_1_291' title='bbox 948 3421 985 3476; x_wconf 91' lang='lat' dir='ltr'><strong>ut</strong></span> <span class='ocrx_word' id='word_1_292' title='bbox 1002 3411 1097 3494; x_wconf 86' lang='lat' dir='ltr'><strong>isqui</strong></span> <span class='ocrx_word' id='word_1_293' title='bbox 1108 3430 1212 3494; x_wconf 86' lang='lat' dir='ltr'><strong>qnae-</strong></span> 
     </span>
     <span class='ocr_line' id='line_1_38' title="bbox 91 3490 1211 3573; baseline -0.002 -17"><span class='ocrx_word' id='word_1_294' title='bbox 91 3493 253 3556; x_wconf 88' lang='lat' dir='ltr'><strong>stionatus</strong></span> <span class='ocrx_word' id='word_1_295' title='bbox 283 3503 332 3556; x_wconf 91' lang='lat' dir='ltr'><strong>est</strong></span> <span class='ocrx_word' id='word_1_296' title='bbox 357 3505 493 3556; x_wconf 88' lang='lat' dir='ltr'><strong>mortem</strong></span> <span class='ocrx_word' id='word_1_297' title='bbox 520 3495 684 3558; x_wconf 78' lang='lat' dir='ltr'><strong>violenter</strong></span> <span class='ocrx_word' id='word_1_298' title='bbox 705 3497 902 3573; x_wconf 89' lang='lat' dir='ltr'><strong>incurrerit,</strong></span> <span class='ocrx_word' id='word_1_299' title='bbox 935 3494 1080 3557; x_wconf 89' lang='lat' dir='ltr'><strong>eiusdem</strong></span> <span class='ocrx_word' id='word_1_300' title='bbox 1102 3490 1211 3554; x_wconf 87' lang='lat' dir='ltr'><strong>meriti</strong></span> 
     </span>
    </p>
   </div>
   <div class='ocr_carea' id='block_1_5' title="bbox 92 3577 1320 3653">
    <p class='ocr_par' dir='ltr' id='par_1_8' title="bbox 92 3577 1320 3653">
     <span class='ocr_line' id='line_1_39' title="bbox 92 3577 1320 3653; baseline -0.004 -13"><span class='ocrx_word' id='word_1_301' title='bbox 92 3595 225 3640; x_wconf 82' lang='lat' dir='ltr'><strong>servum</strong></span> <span class='ocrx_word' id='word_1_302' title='bbox 247 3577 378 3639; x_wconf 91' lang='lat' dir='ltr'><strong>domino</strong></span> <span class='ocrx_word' id='word_1_303' title='bbox 399 3601 474 3639; x_wconf 85' lang='lat' dir='ltr'><strong>mox</strong></span> <span class='ocrx_word' id='word_1_304' title='bbox 494 3579 659 3642; x_wconf 84' lang='lat' dir='ltr'><strong>reformet.</strong></span> <span class='ocrx_word' id='word_1_305' title='bbox 701 3579 826 3642; x_wconf 86' lang='lat' dir='ltr'><strong>Verum</strong></span> <span class='ocrx_word' id='word_1_306' title='bbox 848 3587 884 3640; x_wconf 88' lang='lat' dir='ltr'><strong>ut</strong></span> <span class='ocrx_word' id='word_1_307' title='bbox 905 3579 945 3642; x_wconf 87' lang='lat' dir='ltr'><strong>de</strong></span> <span class='ocrx_word' id='word_1_308' title='bbox 960 3597 1127 3639; x_wconf 87' lang='lat' dir='ltr'><strong>servorum</strong></span> <span class='ocrx_word' id='word_1_309' title='bbox 1145 3597 1211 3636; x_wconf 90' lang='lat' dir='ltr'><strong>me·</strong></span> <span class='ocrx_word' id='word_1_310' title='bbox 1318 3649 1320 3653; x_wconf 11' lang='lat' dir='ltr'>y</span> 
     </span>
    </p>
   </div>
   <div class='ocr_carea' id='block_1_6' title="bbox 89 3656 1210 4326">
    <p class='ocr_par' dir='ltr' id='par_1_9' title="bbox 89 3656 1210 4326">
     <span class='ocr_line' id='line_1_40' title="bbox 92 3656 1209 3742; baseline 0.002 -22"><span class='ocrx_word' id='word_1_311' title='bbox 92 3656 165 3720; x_wconf 88' lang='lat' dir='ltr'><strong>ritis</strong></span> <span class='ocrx_word' id='word_1_312' title='bbox 189 3660 293 3722; x_wconf 90' lang='lat' dir='ltr'><strong>omnis</strong></span> <span class='ocrx_word' id='word_1_313' title='bbox 315 3660 505 3742; x_wconf 86' lang='lat' dir='ltr'><strong>ambiguitas</strong></span> <span class='ocrx_word' id='word_1_314' title='bbox 527 3671 631 3725; x_wconf 88' lang='lat' dir='ltr'><strong>cesset</strong></span> <span class='ocrx_word' id='word_1_315' title='bbox 652 3661 890 3738; x_wconf 89' lang='lat' dir='ltr'><strong>contentionis,</strong></span> <span class='ocrx_word' id='word_1_316' title='bbox 925 3682 991 3722; x_wconf 90' lang='lat' dir='ltr'><strong>non</strong></span> <span class='ocrx_word' id='word_1_317' title='bbox 1022 3681 1082 3742; x_wconf 89' lang='lat' dir='ltr'><strong>pro</strong></span> <span class='ocrx_word' id='word_1_318' title='bbox 1110 3657 1209 3722; x_wconf 80' lang='lat' dir='ltr'><strong>artili-</strong></span> 
     </span>
     <span class='ocr_line' id='line_1_41' title="bbox 93 3739 1210 3827; baseline 0 -24"><span class='ocrx_word' id='word_1_319' title='bbox 93 3739 138 3803; x_wconf 87' lang='lat' dir='ltr'><strong>eii</strong></span> <span class='ocrx_word' id='word_1_320' title='bbox 160 3743 315 3822; x_wconf 86' lang='lat' dir='ltr'><strong>qualitate</strong></span> <span class='ocrx_word' id='word_1_321' title='bbox 337 3743 501 3806; x_wconf 85' lang='lat' dir='ltr'><strong>excusatio</strong></span> <span class='ocrx_word' id='word_1_322' title='bbox 522 3744 671 3806; x_wconf 78' lang='lat' dir='ltr'><strong>videatur</strong></span> <span class='ocrx_word' id='word_1_323' title='bbox 690 3742 824 3824; x_wconf 87' lang='lat' dir='ltr'><strong>baberi,</strong></span> <span class='ocrx_word' id='word_1_324' title='bbox 846 3743 903 3808; x_wconf 91' lang='lat' dir='ltr'><strong>sed</strong></span> <span class='ocrx_word' id='word_1_325' title='bbox 917 3765 975 3826; x_wconf 87' lang='lat' dir='ltr'><strong>pro</strong></span> <span class='ocrx_word' id='word_1_326' title='bbox 990 3744 1091 3806; x_wconf 87' lang='lat' dir='ltr'><strong>servis</strong></span> <span class='ocrx_word' id='word_1_327' title='bbox 1107 3762 1210 3827; x_wconf 88' lang='lat' dir='ltr'><strong>quae·</strong></span> 
     </span>
     <span class='ocr_line' id='line_1_42' title="bbox 91 3822 1210 3910; baseline 0 -25"><span class='ocrx_word' id='word_1_328' title='bbox 91 3822 272 3886; x_wconf 89' lang='lat' dir='ltr'><strong>stionandis</strong></span> <span class='ocrx_word' id='word_1_329' title='bbox 294 3825 499 3910; x_wconf 86' lang='lat' dir='ltr'><strong>contropatio</strong></span> <span class='ocrx_word' id='word_1_330' title='bbox 519 3827 713 3890; x_wconf 90' lang='lat' dir='ltr'><strong>adhibeatur</strong></span> <span class='ocrx_word' id='word_1_331' title='bbox 733 3828 844 3890; x_wconf 84' lang='lat' dir='ltr'><strong>aetatis</strong></span> <span class='ocrx_word' id='word_1_332' title='bbox 866 3836 897 3888; x_wconf 90' lang='lat' dir='ltr'><strong>et</strong></span> <span class='ocrx_word' id='word_1_333' title='bbox 918 3825 1089 3888; x_wconf 83' lang='lat' dir='ltr'><strong>utilitatis:</strong></span> <span class='ocrx_word' id='word_1_334' title='bbox 1123 3834 1160 3886; x_wconf 90' lang='lat' dir='ltr'><strong>ut</strong></span> <span class='ocrx_word' id='word_1_335' title='bbox 1181 3823 1210 3886; x_wconf 91' lang='lat' dir='ltr'><strong>si</strong></span> 
     </span>
     <span class='ocr_line' id='line_1_43' title="bbox 91 3905 1210 3991; baseline 0.004 -25"><span class='ocrx_word' id='word_1_336' title='bbox 91 3907 211 3968; x_wconf 82' lang='lat' dir='ltr'><strong>artifex</strong></span> <span class='ocrx_word' id='word_1_337' title='bbox 232 3905 334 3970; x_wconf 84' lang='lat' dir='ltr'><strong>fuerit</strong></span> <span class='ocrx_word' id='word_1_338' title='bbox 354 3911 412 3991; x_wconf 88' lang='lat' dir='ltr'><strong>qui</strong></span> <span class='ocrx_word' id='word_1_339' title='bbox 433 3909 619 3972; x_wconf 83' lang='lat' dir='ltr'><strong>debilitatus</strong></span> <span class='ocrx_word' id='word_1_340' title='bbox 642 3919 706 3985; x_wconf 90' lang='lat' dir='ltr'><strong>est,</strong></span> <span class='ocrx_word' id='word_1_341' title='bbox 740 3920 772 3971; x_wconf 90' lang='lat' dir='ltr'><strong>et</strong></span> <span class='ocrx_word' id='word_1_342' title='bbox 792 3909 890 3971; x_wconf 90' lang='lat' dir='ltr'><strong>buius</strong></span> <span class='ocrx_word' id='word_1_343' title='bbox 918 3908 1047 3971; x_wconf 84' lang='lat' dir='ltr'><strong>artificii</strong></span> <span class='ocrx_word' id='word_1_344' title='bbox 1078 3929 1210 3971; x_wconf 85' lang='lat' dir='ltr'><strong>servum</strong></span> 
     </span>
     <span class='ocr_line' id='line_1_44' title="bbox 92 3989 1209 4074; baseline 0 -24"><span class='ocrx_word' id='word_1_345' title='bbox 92 4010 159 4074; x_wconf 83' lang='lat' dir='ltr'><strong>non</strong></span> <span class='ocrx_word' id='word_1_346' title='bbox 191 3989 357 4069; x_wconf 88' lang='lat' dir='ltr'><strong>babuerit,</strong></span> <span class='ocrx_word' id='word_1_347' title='bbox 375 3991 456 4074; x_wconf 75' lang='lat' dir='ltr'><strong>,qui</strong></span> <span class='ocrx_word' id='word_1_348' title='bbox 487 3991 648 4054; x_wconf 89' lang='lat' dir='ltr'><strong>insontem</strong></span> <span class='ocrx_word' id='word_1_349' title='bbox 679 3991 880 4071; x_wconf 85' lang='lat' dir='ltr'><strong>debilitavit,</strong></span> <span class='ocrx_word' id='word_1_350' title='bbox 916 3991 1048 4054; x_wconf 84' lang='lat' dir='ltr'><strong>alterius</strong></span> <span class='ocrx_word' id='word_1_351' title='bbox 1079 3989 1209 4052; x_wconf 85' lang='lat' dir='ltr'><strong>artificii</strong></span> 
     </span>
     <span class='ocr_line' id='line_1_45' title="bbox 89 4074 1209 4158; baseline -0.004 -22"><span class='ocrx_word' id='word_1_352' title='bbox 89 4093 220 4136; x_wconf 84' lang='lat' dir='ltr'><strong>servum</strong></span> <span class='ocrx_word' id='word_1_353' title='bbox 243 4075 332 4135; x_wconf 78' lang='lat' dir='ltr'><strong>iusta</strong></span> <span class='ocrx_word' id='word_1_354' title='bbox 362 4074 564 4158; x_wconf 89' lang='lat' dir='ltr'><strong>praedictum</strong></span> <span class='ocrx_word' id='word_1_355' title='bbox 590 4074 740 4150; x_wconf 82' lang='lat' dir='ltr'><strong>ordinem</strong></span> <span class='ocrx_word' id='word_1_356' title='bbox 769 4075 902 4138; x_wconf 91' lang='lat' dir='ltr'><strong>domino</strong></span> <span class='ocrx_word' id='word_1_357' title='bbox 933 4084 1067 4157; x_wconf 88' lang='lat' dir='ltr'><strong>cogatur</strong></span> <span class='ocrx_word' id='word_1_358' title='bbox 1098 4074 1209 4134; x_wconf 80' lang='lat' dir='ltr'><strong>exsol-</strong></span> 
     </span>
     <span class='ocr_line' id='line_1_46' title="bbox 89 4155 1209 4235; baseline 0.002 -19"><span class='ocrx_word' id='word_1_359' title='bbox 89 4176 180 4216; x_wconf 80' lang='lat' dir='ltr'><strong>vere.</strong></span> <span class='ocrx_word' id='word_1_360' title='bbox 230 4157 279 4218; x_wconf 90' lang='lat' dir='ltr'><strong>Ita</strong></span> <span class='ocrx_word' id='word_1_361' title='bbox 311 4167 348 4220; x_wconf 88' lang='lat' dir='ltr'><strong>ut</strong></span> <span class='ocrx_word' id='word_1_362' title='bbox 375 4159 402 4220; x_wconf 90' lang='lat' dir='ltr'><strong>si</strong></span> <span class='ocrx_word' id='word_1_363' title='bbox 430 4156 586 4220; x_wconf 87' lang='lat' dir='ltr'><strong>artificem</strong></span> <span class='ocrx_word' id='word_1_364' title='bbox 616 4178 681 4222; x_wconf 88' lang='lat' dir='ltr'><strong>non</strong></span> <span class='ocrx_word' id='word_1_365' title='bbox 703 4157 1021 4235; x_wconf 82' lang='lat' dir='ltr'><strong>babueritservuut,</strong></span> <span class='ocrx_word' id='word_1_366' title='bbox 1054 4166 1088 4219; x_wconf 89' lang='lat' dir='ltr'><strong>et</strong></span> <span class='ocrx_word' id='word_1_367' title='bbox 1107 4155 1209 4218; x_wconf 86' lang='lat' dir='ltr'><strong>alium</strong></span> 
     </span>
     <span class='ocr_line' id='line_1_47' title="bbox 90 4238 1209 4326; baseline -0.001 -26"><span class='ocrx_word' id='word_1_368' title='bbox 90 4259 224 4301; x_wconf 81' lang='lat' dir='ltr'><strong>serrum</strong></span> <span class='ocrx_word' id='word_1_369' title='bbox 245 4238 324 4321; x_wconf 88' lang='lat' dir='ltr'><strong>ille&#39;,</strong></span> <span class='ocrx_word' id='word_1_370' title='bbox 347 4241 440 4306; x_wconf 85' lang='lat' dir='ltr'><strong>cuius</strong></span> <span class='ocrx_word' id='word_1_371' title='bbox 461 4261 575 4308; x_wconf 83' lang='lat' dir='ltr'><strong>servus</strong></span> <span class='ocrx_word' id='word_1_372' title='bbox 596 4241 778 4326; x_wconf 84' lang='lat' dir='ltr'><strong>quaestioni</strong></span> <span class='ocrx_word' id='word_1_373' title='bbox 800 4240 980 4320; x_wconf 87' lang='lat' dir='ltr'><strong>addicitur,</strong></span> <span class='ocrx_word' id='word_1_374' title='bbox 1009 4260 1070 4326; x_wconf 87' lang='lat' dir='ltr'><strong>pro</strong></span> <span class='ocrx_word' id='word_1_375' title='bbox 1092 4261 1132 4303; x_wconf 88' lang='lat' dir='ltr'><strong>eo</strong></span> <span class='ocrx_word' id='word_1_376' title='bbox 1152 4259 1209 4300; x_wconf 58' lang='lat' dir='ltr'><strong>sca</strong></span> 
     </span>
    </p>
   </div>
   <div class='ocr_carea' id='block_1_7' title="bbox 0 0 1346 4868">
    <p class='ocr_par' dir='ltr' id='par_1_10' title="bbox 0 0 1346 4868">
     <span class='ocr_line' id='line_1_48' title="bbox 0 0 1346 4868; baseline 0 4"><span class='ocrx_word' id='word_1_377' title='bbox 0 0 1346 4868; x_wconf 95' lang='lat' dir='ltr'><strong> </strong></span> 
     </span>
    </p>
   </div>
  </div>
 </body>
</html>
