2648 4874
154 247 232 322 462
349 261 460 319 neers
478 259 770 322 wrsraoraoauu
791 259 854 319 nra
872 263 908 322 11.
927 263 998 321 ur.
1018 263 1051 322 v.

154 408 181 471 si
205 404 393 467 nullatenus
417 409 511 465 antea
536 402 735 465 fraudulenti
765 397 869 466 fnisso'
886 404 1066 486 patuerint,
1088 403 1178 487 quod
1201 407 1264 470 sub

155 488 329 552 iuramenti
354 487 525 548 testatione
548 487 745 570 protulerint
766 487 1006 565 conscribatur,
1026 496 1060 548 et
1084 490 1261 552 sacerdotis
1318 491 1319 494 ’

153 583 248 656 atque
277 571 395 633 iudicis
423 570 658 654 subscriptione
687 571 852 642 tirmetur3
886 591 922 630 ac
951 571 1156 653 postmodum
1183 595 1262 632 auo—

150 657 277 719 toritate
297 654 385 738 regia
404 653 606 734 roboratum,
635 654 763 713 firmum
784 653 872 735 quod
894 653 1073 716 decreverit
1094 653 1259 731 habeatur.
1302 718 1307 728 ,

424 801 513 867 XIV.
576 819 637 863 rus.
681 821 745 863 ens.
787 821 873 862 cans.
903 799 984 862 'nnn

151 920 193 985 Ut
215 915 360 1002 defuncti
384 916 525 979 voluntas
559 930 632 976 ante
658 937 718 977 sear
741 935 860 976 menses
886 933 994 981 coram
1019 915 1185 980 sacerdote
1205 921 1260 981 vel

123 993 132 1015 ⁸
533 1000 664 1060 testibus
688 998 875 1094 publicetur.

231 1082 356 1165 Scripta
381 1079 530 1142 voluntas
552 1081 707 1156 defuncti,
730 1088 803 1140 ante
825 1101 883 1140 sex
901 1099 1026 1140 menses
1045 1101 1154 1144 coram
1175 1105 1258 1165 quoa

148 1167 229 1232 libet
251 1164 415 1227 sacerdote
443 1165 497 1225 uel
517 1163 652 1225 testibus
672 1163 866 1246 publicetur.
907 1163 996 1224 Etsi
1019 1165 1095 1245 quis
1121 1169 1258 1228 eandem

171 1249 293 1314 ualibet
316 1247 429 1307 fraude
448 1246 676 1330 suppresserit,
698 1254 824 1306 tantum
849 1244 936 1324 illis,
956 1246 1076 1326 quibus
1099 1250 1258 1334 scriptura

144 1276 231 1398 iacta
253 1349 322 1392 esse
348 1329 538 1405 dinoscitur,
561 1328 599 1389 de
625 1329 755 1411 proprio
780 1336 913 1411 cogatur
937 1329 1121 1408 exsolvere,
1152 1333 1256 1414 quan-

144 1428 216 1478 tum
249 1434 308 1497 per
338 1411 485 1474 eiusdem
512 1411 689 1496 scripturae
720 1411 838 1480 seriem
871 1411 1067 1494 conquirere
1105 1422 1255 1496 poterant

145 1501 199 1564 vel
219 1499 349 1559 habere.
967 1505 971 1514 '

421 1606 502 1670 ·XV.
567 1627 630 1670 ras.
670 1624 734 1668 ons.
777 1625 863 1668 cans.
903 1628 973 1674 aar.

147 1729 197 1792 De
228 1723 468 1809 contropatione
490 1743 655 1799 stanuum,
676 1722 705 1780 si
724 1721 882 1804 scriptura
902 1735 1040 1784 vertatur
1059 1722 1094 1783 in
1114 1721 1255 1786 dubium.

230 1811 352 1872 Omnes
373 1806 566 1888 scripturae,
599 1825 734 1884 quarum
763 1811 875 1863 auctor
902 1812 935 1864 et
960 1805 1050 1866 testis
1079 1805 1255 1870 defunctus

147 1903 206 1973 est,
230 1890 405 1973 inquibus
429 1898 538 1949 tamen
563 1886 754 1968 subscriptio
782 1885 835 1946 vel
856 1885 983 1968 signum
1001 1888 1180 1950 conditoris
1204 1898 1253 1949 at⁶

147 1999 211 2064 que
232 1975 364 2037 firmitas
385 1973 514 2034 testium
531 1969 722 2051 repperitur,
745 1969 821 2030 dum
843 1969 877 2028 in
892 1971 1088 2032 audientiam
1110 1973 1255 2052 prolatae

147 2060 342 2135 extiterint,
373 2076 416 2133 er
437 2053 515 2114 'aliis
542 2051 723 2112 chartarum
750 2051 849 2133 signis
877 2053 931 2113 vel
962 2054 1253 2136 subscriptionibus

148 2143 415 2224 comprobenture
446 2134 646 2217 sufficiatque
667 2135 708 2195 ad
730 2134 930 2211 firmitatem,
951 2140 1004 2200 vel
1026 2137 1170 2198 veritatis
1188 2138 1252 2198 hu.

148 2228 198 2290 ius
221 2222 407 2304 indaginem
429 2218 682 2301 agnoscendam,
712 2216 807 2276 trium
832 2218 884 2292 vel
910 2228 1048 2300 quatuor
1075 2219 1277 2316 scriptura...-

148 2331 220 2372 rum
241 2304 355 2368 similis
380 2301 434 2362 vel
459 2300 591 2360 evidens
606 2299 730 2380 prolata
752 2300 953 2383 subscriptio.
996 2302 1093 2380 Quod
1119 2323 1147 2362 sr
1174 2303 1250 2363 tali.

146 2394 207 2456 bus
229 2384 395 2470 scripturis
416 2383 525 2465 legum
544 2390 687 2464 tempora
710 2381 917 2463 obviaverint,
937 2403 997 2467 pro
1019 2392 1109 2446 certo
1134 2384 1249 2448 decer..

148 2475 260 2550 nitur,
281 2469 359 2554 qnia
381 2465 488 2527 valere
512 2484 578 2524 non
600 2467 765 2546 poterunt.

415 2605 506 2668 XVI.
567 2624 629 2666 rus.
669 2625 735 2666 ens.
775 2625 862 2666 nens.
902 2626 971 2668 aar.
1030 2613 1032 2621 ’
1066 2657 1069 2664 .

456 2720 506 2778 De
528 2718 730 2799 holograpbis
750 2719 926 2802 seripturis.

232 2803 319 2886 Quia
344 2799 508 2865 interdum
529 2799 702 2861 necessitas
731 2801 775 2859 ita
802 2822 896 2883 saepe
925 2799 1107 2882 concurrit,
1140 2813 1179 2866 nt
1198 2825 1252 2866 ω..

145 2891 316 2975 lempnitas
344 2888 453 2970 legum
486 2883 586 2943 libere
618 2881 787 2966 adimpleri
821 2901 887 2943 non
914 2885 1042 2966 possita
1084 2885 1159 2948 ideo
1195 2882 1250 2947 uhi

145 2976 285 3062 qualitas
317 2971 462 3031 locorum
491 2967 537 3026 ita·
564 2965 765 3042 constiterit,
794 2972 831 3026 ut
862 2987 927 3026 non
957 2967 1166 3052 inveniantur
1188 2978 1253 3030 tes.

145 3071 214 3136 tes,
255 3075 313 3140 per
347 3073 429 3136 quos
458 3050 548 3110 iuxta
585 3048 694 3130 legum
725 3048 872 3109 ordinem
905 3050 1129 3133 unusquisque
1161 3073 1249 3112 suam

146 3143 259 3226 alliget
275 3137 484 3209 voluntatem,
511 3147 607 3190 manu
625 3131 755 3214 propria
775 3132 892 3192 scribat
911 3152 959 3208 ea,
991 3154 1075 3214 quae
1101 3134 1248 3195 ordinare

147 3225 322 3290 desiderat:
352 3219 397 3278 ita
417 3225 452 3276 ut
478 3214 661 3296 specialiter
687 3215 891 3290 adnotentur,
912 3234 1129 3296 quaecunque
1161 3216 1249 3277 ordia

146 3330 223 3372 nare
239 3302 387 3378 voluerit,
408 3298 461 3360 vel
483 3315 565 3380 quae
587 3297 626 3358 de
648 3297 743 3357 rebus
765 3297 832 3358 suis
853 3296 971 3357 babere
995 3317 1158 3379 quemque
1181 3299 1250 3360 ele*

146 3393 238 3478 gerit.
279 3386 356 3446 Dies
380 3403 509 3464 quoque
530 3388 563 3441 et
586 3400 689 3440 annus
712 3379 867 3441 habeatur
890 3379 925 3438 in
947 3379 993 3438 eis
1018 3381 1186 3441 evidenter
1198 3402 1250 3441 exa

146 3493 283 3560 pressus.
324 3466 450 3526 Deinde
479 3472 546 3522 toto
574 3462 751 3545 scripturae
773 3471 865 3522 textu
897 3462 1093 3545 conscripto,
1123 3480 1250 3534 rursum

146 3565 259 3620 auctor
278 3551 344 3634 ipse
372 3546 558 3609 subscribat.
599 3546 641 3604 Et
663 3546 739 3605 dum
761 3543 841 3605 haee
862 3545 1018 3626 scriptura
1037 3545 1122 3604 infra
1147 3547 1249 3606 XXX.

146 3659 247 3704 annos
270 3635 309 3694 ad
334 3651 426 3706 eum,
458 3629 492 3687 in
521 3626 613 3688 cuius
637 3625 767 3688 nomine
792 3629 877 3688 facta
898 3636 957 3700 est,
978 3628 1030 3688 vel
1055 3627 1095 3687 ad
1120 3647 1250 3688 succesd

147 3743 235 3785 sores
261 3717 330 3778 eius
359 3710 561 3797 pervenerit,
591 3731 661 3769 eam
687 3708 847 3793 Episcopo
875 3709 927 3770 vel
961 3707 1061 3770 iudici
1086 3709 1172 3771 infra
1195 3728 1250 3772 sex

147 3823 274 3868 menses
298 3818 364 3858 nou
382 3794 506 3856 differat
523 3802 735 3874 praesentare.
777 3795 882 3869 Quam
907 3793 1055 3852 sacerdos
1075 3793 1130 3853 vel
1151 3791 1251 3854 iudex

147 3885 254 3949 allatis
283 3881 412 3944 sibimet
435 3876 536 3936 tribus
568 3870 640 3936 aliis
663 3871 848 3958 scripturis,
867 3873 1062 3956 'inquibus
1089 3876 1249 3936 testatoris

146 3963 337 4049 subscriptio
360 3959 538 4056 reperitur,
559 3975 600 4016 ex
625 3977 734 4018 earum
759 3957 1004 4040 contropatione
1023 3959 1250 4033 considerent,

147 4055 173 4119 si
197 4058 284 4113 certa
306 4054 339 4112 et
365 4044 497 4106 cudens
528 4040 684 4122 scriptura
703 4049 770 4116 est,
800 4061 896 4120 quam
912 4040 999 4102 idem
1020 4035 1250 4102 conditor'ho.

146 4133 302 4222 lograpba
322 4127 446 4188 ratione
474 4123 681 4206 conscripsit:
703 4131 736 4184 et
759 4119 836 4183 dum
859 4123 919 4183 ista
944 4123 1173 4205 praeviderint,
1195 4144 1249 4184 ea.

147 4221 222 4288 tle'm
252 4210 398 4280 chariulfi
428 4227 511 4292 (1⁹³0
544 4204 700 4280 affamur,
732 4223 807 4269 vara
824 4203 1052 4268 ‚nihilominus
1084 4205 1248 4285 habeatnr,
1311 4269 1312 4279 ¹
