2640 4838
139 216 218 294 724
514 234 680 292 summu
715 237 894 312 sommis

138 385 216 440 vero
246 396 316 454 res,
352 376 437 438 sicut
468 371 589 440 dictum
618 385 685 458 est,
725 377 752 440 si
782 375 919 440 heredes
940 397 1005 438 nou
1028 379 1260 462 dereliquerit,

137 469 193 520 aut
211 481 244 521 se
262 459 336 521 vivo
356 481 421 520 uon
440 457 645 539 iudicaverit,
667 470 822 546 patronus
838 461 1005 542 succedat,
1027 463 1115 526 sicut
1133 467 1260 548 parenti

138 539 298 676 ΜΨἰνοιιιέ.
319 543 457 677 ddtre¹7ie
488 623 609 696 appellat
642 625 795 688 Martinus,
833 624 910 694 quod
937 632 967 677 tu
994 633 1073 680 tenes
1104 627 1158 679 sibi
1186 631 1258 683 malo

135 693 229 748 ordine
247 693 345 747 terram
362 694 393 746 iu
417 694 467 746 tali
484 695 556 748 loco.
593 697 655 816 Ipsa
673 705 744 748 terra
762 713 821 747 mea
839 694 948 766 propria
967 705 1025 762 est,
1052 698 1173 750 etmihi
1193 717 1259 754 ven-

134 763 205 818 didit
222 765 340 828 Paulus,
367 774 431 818 tuus
450 765 499 835 qui
517 764 571 818 fuit
586 764 606 816 li
629 772 722 829 crtus,
748 774 777 819 et
794 774 824 817 tu
844 765 1014 832 obligastiei
1041 767 1130 838 ipsam
1157 777 1258 824 terram

133 835 164 888 in
180 833 347 888 libertatem.
382 835 437 887 Aut
455 834 569 905 probet,
597 844 645 888 aut
661 836 758 906 perdat
776 844 884 888 terram.

203 906 283 958 Patre
304 913 334 958 te
353 905 475 974 appellat
496 905 645 967 Martinus,
676 907 752 975 quod
772 905 831 974 ipse
853 905 967 960 donavit
984 907 1090 969 Paulo,
1115 913 1182 960 tans
1209 909 1257 978 qui

129 973 186 1027 tuit
207 972 339 1036 libertus,
367 983 446 1028 tauta
462 976 592 1038 mobilia,
612 993 683 1046 quae
706 975 836 1029 valebant
854 977 902 1028 sol.
925 977 975 1040 C.,
1001 986 1030 1030 et
1055 977 1110 1032 fuit
1132 986 1255 1032 mortuus

130 1044 190 1098 sine
211 1043 376 1106 heredibus,
411 1055 439 1098 et
462 1063 518 1098 non
543 1045 620 1097 dedit
643 1047 668 1098 ei
692 1046 843 1100 louechild.
888 1048 930 1100 De
951 1055 1034 1104 torto.
1079 1047 1110 1098 Si
1135 1047 1254 1102 dixerit:

130 1114 248 1234 ipsehvel
264 1131 313 1181 ego
329 1114 382 1167 tibi
397 1113 450 1168 ieci
463 1116 660 1172 widerdoaem:
678 1115 783 1198 Rrebet.
819 1114 848 1168 Si
862 1116 974 1170 dixerit:
992 1120 1052 1188 ipsa
1064 1117 1184 1170 mobilia
1199 1137 1254 1172 nou

129 1183 620 1324 {plqoqutpoqlltppitqolipslp,iupppbet
651 1202 699 1256 qus
725 1187 865 1258 appellat,
901 1187 977 1260 quod
994 1186 1129 1244 valebant
1146 1187 1196 1240 soL
1223 1189 1253 1246 C.

215 1325 387 1385 CCXXIX.
431 1326 554 1388 Omnes
574 1323 700 1402 liberti,
731 1323 790 1406 qui
817 1346 836 1384 a
865 1325 1005 1387 dominis
1034 1326 1100 1388 suis
1122 1327 1250 1410 Laugo-

127 1407 236 1470 hardis
269 1407 449 1468 libertatem
478 1417 684 1484 meruerunt,
721 1407 847 1489 legibus
881 1409 1087 1470 dominorum
1118 1429 1252 1470 suorum

75 1527 78 1534 ›
129 1491 236 1552 vivere
261 1489 420 1567 debeant,
452 1491 632 1552 secuudum
660 1489 799 1572 qualiter
818 1513 837 1549 a
858 1491 924 1554 suis
947 1491 1086 1554 dominis
1111 1492 1251 1576 propriis

131 1593 320 1636 concessum
341 1573 449 1636 fuerit.
512 1573 554 1636 11.
576 1573 627 1650 34².
649 1593 678 1634 a.

402 1711 452 1772 De
473 1711 662 1790 emtoribus,
690 1721 722 1771 et
744 1708 967 1784 venditoribus.

197 1825 380 1908 ⁸CCXXX.
421 1825 455 1888 Si
477 1825 550 1909 quis
570 1826 805 1909 comparaverit
822 1836 939 1889 terram
959 1825 994 1889 id
1016 1838 1065 1892 est
1081 1830 1191 1893 solum
1207 1831 1249 1894 ad

120 1910 380 1988 aedificandum,
411 1920 587 1970 antoanam
609 1907 842 1991 mancipatam,
874 1919 907 1972 et
934 1931 994 1993 per
1014 1912 1163 1996 quinque
1188 1936 1248 1974 au·

127 2016 186 2058 uos
209 1996 294 2057 inter
315 2014 466 2079 personas
480 2001 664 2074 praesentes
681 1991 876 2074 possederit,
900 2003 932 2054 et
953 2005 1062 2076 postea
1078 1995 1146 2078 ipse
1168 2017 1247 2059 veu-

126 2077 230 2156 ditor,
253 2086 309 2138 ant
330 2077 424 2140 heres
446 2073 516 2138 eius
533 2074 711 2157 pulsaverit
732 2075 891 2153 dicendo,
913 2075 1003 2158 quod
1023 2079 1245 2160 praestitisset,

125 2161 294 2222 nonenim
311 2158 527 2234 vendidisset,
549 2157 696 2218 ostendat
714 2157 865 2220 libellum
880 2159 1054 2241 scriptum,
1077 2161 1133 2222 uhi
1146 2183 1244 2242 roga-

123 2251 175 2304 tus
195 2244 310 2304 luisset
329 2241 523 2326 praestandi.
576 2241 619 2301 Et
644 2239 672 2300 si
694 2239 843 2300 libellum
865 2261 929 2301 uun
953 2242 1123 2323 habuerit,
1156 2245 1244 2306 nihil

123 2324 214 2386 aliud
235 2328 330 2388 saciat
352 2335 474 2401 emtor,
506 2322 568 2384 nisi
598 2332 831 2384 sacramentum
851 2325 1031 2386 secundum
1052 2327 1244 2409 qualitatem

79 2423 82 2431 ·
121 2407 279 2488 pecuniae
301 2408 463 2491 praebeat,
484 2405 610 2467 scilicet
631 2405 718 2486 quod
739 2426 812 2465 eum
836 2407 940 2486 pretio
968 2429 1026 2470 suu
1047 2431 1116 2470 rem
1138 2410 1243 2488 ipsam

122 2500 354 2572 comparasset,
386 2512 447 2552 uec
469 2487 562 2550 alteri
582 2507 641 2570 per
661 2487 767 2570 legem
788 2487 902 2549 debeat
927 2489 1100 2560 dimittere.
1142 2495 1241 2556 Tunc

121 2571 219 2634 liceat
241 2573 271 2634 ei
292 2582 403 2656 postea
423 2572 557 2636 tirmiter
576 2567 762 2654 possidere,
795 2572 885 2654 quod
913 2571 976 2634 sihi
995 2577 1241 2660 comparaverit.

120 2654 168 2717 ll.
188 2655 240 2721 55.
268 2677 293 2720 r.

189 2755 269 2790 roan.
305 2738 383 2788 Patre
411 2743 440 2787 te
466 2735 587 2806 appellat
616 2733 769 2798 Martinus,
804 2737 880 2810 quod
907 2746 997 2804 terra,
1033 2757 1104 2810 quae
1129 2739 1158 2790 in
1185 2743 1240 2794 tali

119 2807 182 2860 loco
199 2805 337 2876 possides,
366 2813 393 2856 et
417 2813 512 2868 teues,
547 2822 595 2854 sua
612 2805 719 2873 propria
738 2813 787 2858 est.
824 2809 884 2860 Non
904 2809 1005 2871 debet,
1035 2826 1086 2861 uec
1104 2811 1239 2862 vulttibi

118 2879 294 2949 respondere,
325 2873 390 2944 quia
412 2881 440 2924 te
464 2883 606 2944 praesente
625 2875 745 2942 possedit
767 2891 815 2945 per
833 2879 866 2931 V.
892 2895 982 2930 annos.
1017 2879 1087 2929 Vere
1131 2881 1239 2930 assedi.

119 2949 169 3009 sti,
194 2947 242 3000 sed
262 2945 334 2997 nsalo
358 2941 460 3022 ordine
496 2944 557 2994 Nou
577 2944 684 3012 possedi
704 2945 775 2996 maio
801 2946 913 3014 ordine,
941 2947 1003 3018 quia
1023 2954 1053 2998 tu
1076 2896 1142 2997 miii
1159 2965 1232 3000 ven·

118 3017 220 3070 didisti.
258 3017 320 3068 Non
337 3012 665 3078 vendid1,aedlocavi,
694 3023 721 3066 et
739 3017 870 3084 praestiti.
907 3016 1025 3073 Ostende
1046 3016 1127 3082 igitur
1144 3015 1232 3070 libel·

94 3107 180 3152 ,nm,
205 3086 253 3140 ubi
276 3092 382 3151 rogatus
403 3080 478 3134 fuisti
501 3091 645 3153 praestare,
688 3083 812 3156 Nequeo.
852 3088 953 3140 Iuraho
976 3087 1056 3153 igitur
1074 3086 1230 3141 secuudum

116 3157 282 3230 qualitatem
300 3151 444 3227 pecuniae.

117 3298 123 3309 Ι
184 3229 219 3282 Et
234 3229 287 3280 hoc
304 3221 455 3283 secundum
468 3223 606 3278 valentes:
628 3222 791 3295 (secuudum
809 3232 945 3292 amentes,
967 3223 1038 3277 nihil
1056 3225 1138 3280 valet.
1174 3226 1233 3280 sed

115 3298 263 3421 “adpone
280 3373 309 3418 te
327 3363 448 3436 appellat
465 3361 619 3427 Martinus,
645 3362 720 3484 quod
743 3370 829 3425 terra,
865 3379 936 3433 qssae
952 3363 982 3415 in
1006 3361 1057 3424 tali
1082 3365 1144 3418 loco
1170 3375 1234 3432 est,

90 3421 197 3508 ¹qnam
214 3447 246 3490 tu
263 3445 357 3498 tenes,
382 3451 431 3485 sua
447 3443 497 3486 est.
535 3432 651 3487 Nande
673 3451 700 3486 es
720 3433 846 3486 adversus
865 3450 909 3485 me
927 3450 1023 3499 agere,
1051 3437 1161 3504 quaudo
1179 3437 1234 3488 mi·

23 3561 26 3571 ,
112 3507 142 3558 hi
163 3526 222 3559 eam
239 3503 394 3560 vendidisti.
435 3504 496 3556 Non
519 3501 647 3566 vendidi,
676 3502 724 3555 sed
748 3503 888 3574 praestiti,
917 3511 945 3556 et
970 3504 1070 3558 locavi.
1107 3507 1233 3560 Ostende

112 3578 257 3640 libellam,
283 3575 331 3628 ubi
349 3581 456 3640 rogatus
482 3575 557 3626 inisti
583 3582 726 3642 praestare.
780 3575 814 3626 Et
836 3574 857 3625 si
882 3590 938 3624 uon
964 3574 1102 3643 potuerit,
1136 3576 1230 3642 iuret,

113 3658 145 3701 ut
171 3650 217 3701 lex
242 3645 392 3716 praecipit,
421 3663 437 3696 a
462 3647 495 3698 V.
524 3643 617 3710 annis,
647 3655 675 3696 et
698 3642 768 3696 iufra
785 3645 817 3696 V.
836 3661 919 3694 annos
940 3641 962 3692 si
980 3661 1037 3696 nou
1054 3646 1177 3715 potuerit
1196 3648 1231 3698 li.

112 3717 217 3770 bellum
244 3716 405 3778 ostendere,
434 3714 538 3784 absque
569 3723 735 3766 sacramento
762 3720 883 3765 remanet
914 3729 963 3764 suo
995 3714 1058 3766 loco
1083 3716 1230 3785 possessio.

182 3788 216 3840 Et
233 3787 281 3839 fiat
297 3786 336 3838 ita
354 3793 385 3836 ut
403 3781 483 3847 dixi,
502 3784 523 3835 si
542 3785 613 3836 actio
632 3792 673 3837 est
687 3783 717 3834 iu
735 3799 800 3838 rem.
837 3783 946 3837 sivero
970 3784 1074 3840 locavit
1099 3795 1127 3839 et
1149 3802 1233 3857 prae-

112 3857 202 3918 stitit,
234 3856 306 3908 actio
325 3871 383 3907 esse
401 3854 503 3917 debet,
530 3854 570 3906 ita
587 3855 643 3906 fiat.

134 3975 137 3980 .
182 3931 260 3980 Patre
277 3935 306 3979 te
326 3925 447 3994 appellat
463 3923 614 3987 Martinus,
643 3924 717 3994 quod
735 3921 838 3976 locavit
863 3919 916 3974 tibi
939 3924 1024 3976 talem
1049 3931 1165 3986 terram,
1200 3933 1232 3979 et

110 3999 260 4068 praestitit3
288 4004 317 4047 et
333 3995 412 4046 finita
429 3994 566 4048 locatione
583 3994 659 4054 vult,
679 4003 710 4046 ut
728 4010 787 4044 eam
803 3991 949 4062 relinquas.
985 3994 1046 4045 Nou
1063 3993 1130 4044 mihi
1149 4011 1232 4063 prae·

111 4070 199 4133 stitit,
232 4065 281 4120 sed
304 4063 437 4117 vendidit.
474 4063 595 4118 Ostende
616 4063 699 4130 igitur
722 4061 867 4125 libellum,
901 4060 948 4113 ubi
966 4072 1073 4130 rogatus
1091 4081 1107 4114 a
1124 4071 1154 4115 te
1174 4065 1231 4118 fuit

111 4148 253 4210 praestare.
289 4133 394 4186 Faciat.
432 4133 608 4193 sinautem,
637 4149 685 4200 ego
709 4131 827 4196 iurabo,
854 4130 875 4184 si
897 4133 1033 4199 voluerit,
1067 4133 1142 4205 quod
1167 4133 1229 4206 ipse

113 4206 181 4260 mihi
202 4203 345 4266 vendidit,
370 4211 402 4257 ut
419 4204 465 4256 les
483 4201 624 4276 praecipit.
747 4203 749 4214 '
