2640 4838
87 268 216 354 ,tte
406 285 410 299 ·
501 283 669 342 snrcrun
704 284 883 343 nornnns

138 429 258 502 mite,
277 425 353 482 uude
369 422 504 479 exiverint
520 424 573 477 tria
591 441 662 491 ossa,
681 443 715 480 ex
734 425 835 498 quibus
853 437 940 480 mum
958 444 1004 493 os,
1024 434 1075 482 aut
1091 413 1188 484 cinnii
1203 417 1265 486 talia

137 500 336 561 ¹nveniuntur,
358 511 430 566 quae
448 496 483 548 ad
501 495 585 565 pedes
602 497 667 552 xu.
685 514 734 568 per
749 498 821 554 vinu
842 515 940 550 sonum
953 498 984 550 in
1001 507 1084 554 scuto
1096 499 1192 554 fucere
1208 521 1265 573 pos·

137 573 203 626 sint.
238 573 281 624 Dc
299 577 372 621 torto
390 581 434 618 mc
453 565 605 636 appellasti.

222 637 373 702 XLVIII.
416 635 450 697 Si
473 636 547 718 quis
569 636 624 696 alii
647 638 781 699 ocnlnm
809 637 1005 714 excusserit,
1045 659 1107 719 pro
1142 652 1264 704 mortno

137 723 337 809 adpretietur
358 718 499 803 qualiter
520 718 554 778 in
577 720 755 804 garathingi
780 722 806 799 l)
828 721 865 782 id
887 729 954 798 est,
979 723 1168 784 secundum
1189 746 1264 808 qua-

138 808 264 870 litatem
284 823 460 894 persqnae,
492 811 523 862 et
544 803 698 864 medietas
725 803 820 888 pretii
850 803 952 887 ipsius
982 816 1203 888 componatur
1230 809 1263 870 alr

140 911 180 954 eo
226 888 260 949 ui
283 879 415 947 oculum
436 885 622 947 excusserit.
686 885 712 948 I.
734 910 762 970 7.
789 886 835 948 16.

203 914 335 1034 qXLIX.
378 963 413 1032 Si
436 969 508 1050 quis
529 968 585 1028 alii
607 988 720 1031 nasum
739 968 921 1048 absciderit,
944 967 1158 1034 medietatem
1172 973 1262 1060 pretii

138 1054 240 1140 ipsius
262 1061 435 1136 componat
457 1051 506 1127 ei,
529 1059 692 1136 utsupra.
756 1053 781 1113 l.
805 1075 834 1134 7.
854 1055 885 1128 4.

217 1139 253 1198 L.
295 1133 434 1219 Sitquis
463 1133 519 1193 alii
551 1134 678 1196 labrum
704 1134 897 1213 absciderit,
934 1147 1115 1218 componat
1143 1138 1259 1200 solidos

134 1220 225 1285 XVI.
266 1219 308 1288 Et
330 1216 357 1278 si
379 1217 492 1278 dentes
515 1239 531 1276 a
555 1218 740 1301 paruerint,
762 1239 864 1296 unus,
887 1225 941 1278 aut
962 1219 1049 1299 duo,
1072 1231 1133 1282 aut
1153 1223 1259 1306 plures

137 1311 312 1386 componat
335 1299 457 1360 solidos
478 1239 554 1362 XXX
614 1301 640 1362 1.
664 1324 692 1384 7.
714 1303 743 1365 5.
1083 1361 1089 1369 ,

216 1385 268 1446 LI.
311 1382 345 1444 si
367 1380 441 1465 quis
463 1381 518 1442 alii
541 1383 672 1444 dentem
693 1383 890 1461 excusserit,
923 1383 980 1466 qui
1011 1382 1047 1443 in
1069 1383 1142 1445 risu
1164 1407 1257 1468 appa-

131 1481 200 1547 ret,
221 1487 281 1552 pro
303 1487 369 1526 uno
394 1465 490 1525 dente
514 1477 686 1549 componat
706 1467 827 1528 solidos
847 1467 932 1528 XVI.
975 1466 1009 1527 Si
1034 1467 1103 1528 duo
1123 1477 1180 1528 aut
1196 1469 1260 1551 pln-

132 1575 185 1613 res
208 1548 331 1612 fuerint
352 1549 386 1608 in
410 1548 477 1609 risu
498 1560 707 1633 apparentes,
746 1558 979 1629 numerentur,
1021 1558 1056 1611 et
1090 1574 1154 1634 per
1175 1551 1258 1612 hunc
1318 1592 1320 1605 .

134 1655 306 1696 numerum
329 1642 577 1714 componantur.

214 1715 283 1776 LlI.
326 1713 361 1775 si
388 1715 460 1797 quis
484 1715 596 1778 dentes
625 1716 813 1778 maxillares
843 1714 1039 1793 excusserit,
1071 1739 1181 1778 unum
1212 1727 1258 1779 aut

152 1800 282 1886 plures,
306 1805 479 1881 componat
499 1820 557 1880 pro
580 1821 646 1860 uno
671 1800 767 1862 dente
792 1799 912 1860 solidos
934 1799 1027 1863 VIII.
1088 1803 1116 1862 Ι.
1142 1825 1171 1883 7.
1193 1803 1222 1864 6.
1318 1868 1320 1877 ,

215 1879 304 1943 LIII.
348 1879 382 1940 Si
404 1880 477 1962 quis
510 1880 566 1940 alii
594 1903 703 1944 aurem
732 1882 922 1960 absciderit,
957 1891 1110 1963 quartam
1140 1894 1257 1968 partem
1318 1904 1320 1953 ι

131 1965 228 2053 pretii
252 1964 262 2024 i
287 1962 350 2025 sius
374 1974 546 2060 componat
568 1964 609 2026 ei.
676 1965 702 2028 I.
725 1991 754 2049 7.
777 1989 805 2047 7.
1180 2035 1181 2040 1
1318 1964 1320 1993 ⁴

219 2045 262 2110 LI
298 2053 315 2108 .'
348 2046 382 2108 Si
403 2067 475 2130 quis
498 2046 554 2108 alii
573 2048 700 2132 plagam
722 2049 756 2110 in
777 2046 860 2110 facie
883 2045 1013 2124 fecerit,
1037 2058 1216 2132 componat
1231 2048 1256 2111 ei
1319 2092 1320 2119 7

133 2132 257 2196 solidos
285 2129 373 2192 XVI.
1292 2139 1293 2146 ’

215 2211 284 2277 LV.
332 2213 367 2275 si
390 2233 487 2295 quam
509 2211 542 2271 in
566 2233 643 2273 naso
665 2213 781 2274 fecerit
802 2213 948 2297 plagam,
981 2224 1163 2296 componat
1185 2217 1255 2277 soli·

133 2301 191 2362 dos
214 2297 305 2362 XVI.
334 2295 359 2358 si
390 2295 612 2357 resolidaverit
641 2304 787 2375 tantum,
818 2307 854 2358 ut
876 2296 1009 2378 cicatrix
1033 2293 1192 2380 appareat
1211 2303 1254 2375 m).
1318 2290 1320 2377 l

133 2383 262 2444 Sinon
290 2377 529 2457 resolidaverit,
564 2389 710 2460 quartam
738 2388 862 2464 partem
881 2379 979 2462 pretii
1002 2379 1108 2462 ipsius
1133 2403 1254 2465 compo·

134 2472 190 2524 nat
211 2471 247 2522 ut
268 2484 372 2545 snpra.
435 2461 462 2522 I.
486 2485 513 2542 7.
533 2462 562 2523 8.

72 2549 81 2555 “
215 2545 300 2608 LVI.
342 2544 375 2604 Si
398 2543 470 2624 quis
493 2543 527 2601 in
548 2564 657 2603 aurem
676 2543 803 2628 plagam
824 2543 953 2624 fecerit,
979 2558 1162 2631 componat
1182 2545 1255 2609 soII·
1314 2575 1315 2592 .

135 2627 193 2701 dos
215 2618 310 2688 XVI.
333 2625 359 2688 si
381 2625 612 2686 resolidaverit.
675 2629 701 2686 1.
725 2651 753 2707 7.
777 2653 804 2712 7.

216 2704 318 2790 LVII.
361 2709 395 2767 si
418 2707 491 2789 quis
513 2707 611 2766 alium
634 2706 666 2767 in
680 2711 811 2771 brachio
826 2711 991 2794 punxerit,
1014 2723 1048 2775 et
1065 2735 1138 2774 non
1156 2723 1255 2774 trans·

134 2792 304 2870 foraverit,
338 2801 510 2874 componat
541 2789 661 2851 solidos
683 2795 776 2854 Vlll.
798 2799 839 2871 n).

217 2873 337 2936 LVIII.
373 2873 408 2932 Si
430 2873 502 2955 quis
524 2873 587 2932 alio
611 2873 644 2932 in
666 2875 832 2936 brachium
853 2878 1025 2960 punxerit,
1049 2889 1083 2940 et
1107 2881 1141 2941 ei
1162 2889 1257 2940 trans·

134 2957 307 3034 furaverit,
338 2965 511 3038 componat
538 2955 657 3017 solidos
678 2959 770 3021 XVI.
835 2962 859 3021 l.
884 2985 911 3044 7.
937 2983 984 3020 11.

218 3039 305 3104 LIX.
346 3039 388 3100 si*
403 3039 475 3122 quis
497 3039 597 3098 alium
617 3040 699 3101 intra
720 3064 852 3125 capsum
872 3042 1060 3127 plagaverit,
1084 3051 1259 3128 componat

137 3124 169 3186 ei
190 3125 311 3190 solidos
333 3121 410 3184 XX.
472 3121 500 3184 I.
524 3145 552 3204 7.
575 3143 605 3204 9.

219 3211 281 3270 LX.
324 3205 358 3266 Si
380 3205 451 3288 quis
482 3206 582 3266 alium
611 3203 645 3263 in
674 3225 754 3266 coxa
779 3207 948 3291 punxerit,
980 3213 1036 3265 aut
1069 3203 1259 3294 plagaverit,

133 3293 163 3356 s'i
185 3289 445 3367 transforavcrit,
478 3296 651 3369 componat
671 3289 791 3352 solidos
811 3292 903 3356 XVI.
947 3291 988 3350 Et
1010 3288 1037 3348 si
1061 3313 1133 3353 non
1157 3303 1259 3354 trans-

22 3436 24 3441 .
137 3375 289 3437 furaverit
311 3383 482 3455 componat
504 3372 625 3433 solidos
646 3372 740 3433 VIII.

218 3459 299 3518 LXI.
338 3456 371 3516 si
388 3457 498 3538 plures
516 3454 638 3515 suerint
651 3454 774 3537 plagae,
788 3476 892 3538 usque
910 3455 950 3516 ad
972 3465 1035 3516 tres
1057 3467 1259 3520 tantummo-

138 3541 180 3603 do
209 3545 430 3615 numerentur,
457 3549 488 3599 et
515 3560 573 3621 pro
608 3559 805 3620 unaquaque
835 3540 928 3621 plaga
958 3554 1196 3623 componatur,
1230 3551 1261 3602 ut

121 3647 240 3708 supra.
291 3623 371 3682 Nam
393 3621 528 3703 amplius
550 3620 735 3699 siluerint,
767 3643 837 3681 non
860 3632 1041 3704 componat.
1111 3627 1138 3688 l.
1163 3651 1193 3708 7.
1220 3649 1259 3687 ro.

220 3706 321 3767 LXII.
363 3706 397 3764 Si
420 3705 493 3786 quis
512 3704 566 3763 alii
588 3725 718 3762 manum
739 3705 927 3780 absciderit,
954 3704 1167 3769 medietatem
1189 3731 1261 3792 pre·

121 3791 174 3851 'tii
197 3791 314 3874 ipsius,
336 3810 402 3871 quo
424 3787 617 3870 appretiatus
638 3786 757 3865 fuerit,
786 3799 950 3870 tamquam
972 3788 998 3848 si
1019 3809 1095 3850 eum
1121 3794 1261 3854 occidis·

136 3885 202 3952 set,
238 3882 418 3956 componat.
462 3873 503 3932 Et
532 3870 559 3930 si
581 3870 718 3930 siderata
748 3871 864 3948 fuerit,
897 3881 929 3930 et
952 3893 1017 3931 non
1040 3879 1263 3939 excussen'ta

137 3977 285 4040 corpore,
308 3962 454 4038 quartam
467 3952 563 4036 pretii
583 3963 706 4036 partem
724 3954 828 4037 'ipsius
851 3954 881 4015 ei
903 3967 1083 4038 componat.
1131 3962 1158 4022 I.
1173 3984 1204 4043 7.
1220 3981 1262 4020 ia.

76 4173 78 4178 ,
207 4118 295 4180 naal.
321 4113 382 4168 mss.
407 4115 481 4167 dane
506 4113 715 4186 gargathungi3
754 4115 1010 4188 arigargnthungi;
1048 4117 1263 4188 angargcclieir·

74 4183 80 4196 ’
115 4187 186 4246 'ml
214 4189 266 4238 Un.
293 4185 361 4238 cod.
389 4184 481 4236 addit:
526 4186 557 4236 Si
590 4204 648 4237 non
673 4187 897 4259 transssraverit
924 4198 1072 4256 componat
1099 4189 1155 4240 col.
1185 4187 1264 4242 XIII·

136 4261 173 4328 κ.)
185 4257 300 4336 lietold.
319 4258 368 4310 sol.
390 4255 433 4316 VI.
453 4262 481 4309 et
497 4271 579 4320 mox,
598 4257 648 4310 sol.
666 4256 730 4310 XII.
1101 4266 1103 4277 ¹
