2648 4874
111 1087 366 1174 uncas
410 1079 1124 1210 wrsruorn'oaun

210 1291 291 1357 ma
311 1277 337 1359 t.
357 1278 414 1354 bu
435 1265 757 1356 rusranunu'rts
786 1287 1031 1360 asenneus,

378 1475 467 1546 Tru.
492 1475 523 1546 Ι.
573 1475 632 1545 De
652 1415 872 1568 legislatoreO

203 1597 230 1657 1.
275 1593 372 1678 Quod
398 1595 440 1654 sit
465 1591 638 1677 orificium
660 1591 897 1654 condendarum
927 1594 1037 1676 legant.

4 1749 5 1752 Ἴ
148 1677 297 1739 Salutare
321 1678 426 1738 daturi
451 1677 485 1738 iu
524 1681 632 1758 legum
660 1677 923 1738 constitutionem
951 1679 1177 1762 praeconium,

67 1763 108 1826 'ad
125 1781 230 1826 novae
256 1759 450 1842 operationis
466 1761 601 1820 formam
620 1760 827 1841 antiquorum
844 1759 957 1822 studiis
973 1783 1072 1825 novos
1091 1772 1178 1823 artus

68 1856 228 1929 aptamus3
261 1852 438 1904 reserantes
466 1851 529 1922 tam
559 1843 710 1902 virtutem
739 1841 925 1902 formandae
948 1843 1046 1924 legis,
1081 1865 1180 1926 quam

66 1926 216 2012 peritiam
239 1925 405 1986 formantis
428 1923 569 1986 artificis.
611 1923 711 1985 Cuius
732 1924 808 1984 artis
829 1923 955 2005 insigne
977 1947 1017 1985 ex
1041 1928 1102 1986 hoc
1121 1928 1180 1985 de*

69 2009 195 2088 ceptius
223 2007 412 2090 probabitur
439 2006 582 2084 enitere,
622 2006 649 2067 si
680 2015 745 2066 non
781 2027 822 2066 ex
859 2006 1045 2066 coniectura
1076 2007 1180 2068 trabat

69 2094 204 2152 formam
220 2089 460 2167 similitudinis,
486 2089 543 2150 sed
563 2110 604 2150 ex
624 2087 897 2150 veritatosformet
920 2088 1060 2170 speciem
1086 2108 1182 2152 sanc*

70 2173 187 2234 tionis:
221 2194 328 2254 neque
348 2172 605 2256 syllogismorum
630 2171 778 2246 acumine
800 2169 916 2252 figuras
941 2171 1102 2251 imprimat
1114 2172 1181 2232 dis-

38 2291 41 2296 Δ
69 2254 266 2340 putationis,
290 2255 347 2316 sed
366 2258 456 2339 puris
480 2254 687 2338 honestisque
701 2252 878 2335 praeceptis
899 2253 1041 2332 modeste
1066 2251 1182 2315 statuat

71 2339 225 2398 articulos
249 2337 339 2419 legis.
380 2336 510 2400 Etenim
537 2341 573 2398 ut
594 2358 642 2396 ars
667 2335 772 2418 operis
794 2333 890 2396 buius
911 2351 945 2396 se
969 2336 1003 2395 in
1034 2335 1094 2399 hae
1116 2337 1183 2397 dis-

71 2419 260 2502 pensatione
284 2431 473 2504 componat,
506 2419 585 2482 or'do
606 2429 739 2501 maguae
766 2417 1017 2479 ratiocinationis
1042 2429 1183 2502 exoptat.

69 2503 217 2583 Namque
245 2525 319 2562 cum
340 2503 559 2584 experimenta
581 2521 689 2563 rerum
708 2507 820 2561 mahu's
843 2505 933 2578 tenet
956 2500 1105 2580 artificis,
1142 2488 1183 2562 ad

71 2583 316 2668 dispositionem
343 2587 464 2646 formae
481 2585 599 2645 frtistra
622 2583 790 2662 quaeritur
813 2582 1016 2664 investigatio
1038 2585 1182 2650 rationis.

70 2667 113 2730 ln
145 2665 324 2748 improvisis
350 2677 436 2728 certe
461 2671 553 2727 acuta
574 2689 608 2728 se
629 2665 752 2747 expetit
771 2665 853 2725 'ratio
873 2666 1078 2748 indagatione
1106 2685 1185 2748 cogi

72 2748 183 2810 nosci:
213 2749 246 2806 in
271 2769 336 2808 uon
363 2749 480 2832 ignotis
502 2757 626 2826 autem,
649 2747 870 2831 experimento
894 2750 1034 2810 faciendi
1056 2772 1089 2811 se
1111 2773 1185 2833 pro·

4 2893 5 2898 ,
70 2840 163 2915 perat
186 2831 333 2892 reserari.
384 2833 528 2894 Latentis
557 2847 635 2912 ergo
668 2831 717 2890 rei
744 2831 821 2911 quia
846 2833 968 2912 species
996 2832 1183 2914 lgnoratur,

74 2924 140 2976 bon
169 2911 328 2974 immerito
345 2913 622 2988 ,considerationis
651 2913 730 2973 ordo
759 2914 947 2994 requiritur.
998 2917 1080 2974 Cum
1106 2928 1183 2976 vero·

73 3005 223 3078 expertos
241 3017 316 3057 usus
330 2995 362 3056 in
383 2997 515 3078 speculo
534 2995 668 3058 visionis
686 2995 763 3056 fides
788 2995 931 3056 veritatis
946 2996 1097 3073 adducit,
1116 3019 1182 3056 non

73 3079 137 3138 iam
170 3079 301 3138 materia
330 3081 451 3142 formae
488 3078 767 3139 ratiocinationem
798 3078 894 3154 dicti,
936 3079 994 3140 sed
1024 3081 1183 3162 operatio³
1268 3127 1273 3135 .

73 3181 149 3220 nem
170 3160 246 3220 facti
271 3161 423 3244 deposcit.
455 3162 549 3223 Unde
571 3182 628 3223 nos
654 3160 769 3221 melius
789 3181 910 3237 mores,
933 3181 1030 3243 quam
1052 3161 1182 3242 eloquia

73 3243 280 3320 ordinantes,
316 3265 380 3304 non
400 3265 569 3327 personam
584 3243 730 3306 -oratoris
751 3243 955 3321 inducimus,
992 3244 1049 3306 sed
1074 3253 1183 3305 rectu·

71 3325 117 3387 ris
137 3325 208 3385 iura
226 3325 436 3408 disponimus

270 3440 316 3502 ll.
340 3439 505 3524 Quomodo
527 3443 573 3502 ati
599 3436 712 3503 debeat
733 3437 979 3521 ortisawlegum.

154 3524 408 3586 Formabdarum
446 3541 521 3607 ergo
560 3525 676 3585 artilex
707 3525 815 3605 legum.
848 3543 914 3582 non
949 3523 1181 3605 disceptatiob'e'

71 3607 169 3681 debet
203 3607 269 3685 uti,
305 3606 362 3669 sed
397 3607 483 3667 iure:
518 3629 579 3668 nec
614 3607 720 3668 videri
745 3625 925 3685 congruum
954 3607 1015 3666 sibi
1043 3617 1181 3667 contena

69 3693 159 3752 tione
176 3689 284 3771 legem·
303 3687 502 3766 condidisse,-
535 3690 593 3751 sed
613 3689 737 3753 ordine.
786 3688 835 3748 ab
861 3688 917 3746 illo
938 3692 1025 3749 enim
1052 3691 1180 3771 negotia

66 3793 178 3834 rerum
201 3792 268 3833 non
291 3781 447 3852 expetunt
476 3770 510 3831 in
531 3771 679 3834 theatrali
705 3773 816 3830 farore
843 3769 1032 3848 clamorem,
1061 3775 1117 3834 sed
1143 3773 1179 3832 in

64 3863 221 3940 exoptata
250 3854 427 3916 salvatione
456 3855 569 3938 populi
591 3856 696 3938 legem
719 3853 929 3918 manifestam,

75 3974 77 3980 ’
178 3979 180 3985 “
216 3969 276 4029 ΙΙΙ.
299 3959 388 4054 Quid
410 3967 632 4052 'requirendum
658 3967 704 4028 e'st
724 3969 758 4028 in
779 3965 902 4050 artifice
924 3967 1034 4048 legum.

145 4055 248 4115 Tunc
268 4055 408 4134 primum
433 4052 666 4132 requirendum
690 4060 755 4128 est,
786 4059 822 4110 ut
843 4049 875 4108 id
896 4054 983 4132 quod
1003 4047 1180 4121 indicitur,-

56 4136 223 4224 possiblle
255 4133 413 4200 credatur·
465 4133 645 4198 Novissime
670 4132 924 4210 ostendendum,
966 4135 993 4196 si
1023 4141 1088 4192 iton
1119 4139 1180 4214 pro

835 4238 883 4317 a?
