2684 4868
316 285 422 360 euers
440 284 731 354 wrsroomosou
748 282 817 340 mo.
835 281 883 338 rs.
903 280 976 341 err.
1000 285 1033 341 v.
1137 265 1213 342 ott

398 427 455 494 IX.
497 447 560 498 rus.
598 447 663 492 uss.
698 444 789 491 scus.
822 445 897 488 nux.

212 545 251 608 Si
270 547 420 627 ingennus
440 561 566 604 seruam
589 539 719 625 casibus,
732 539 938 624 praescriptis
967 535 1103 602 occidat.

185 630 220 692 si
247 629 409 709 ingenuus
430 645 559 687 servum
580 644 646 685 nou
677 622 866 700 voluntate,
906 619 964 684 sed
993 619 1218 708 suprascriptio

98 711 228 776 casibus
249 709 382 773 diversis
404 707 580 786 occiderit,
603 705 756 769 medietas
778 703 1038 787 compositionis,
1062 725 1146 788 quae
1170 715 1219 769 est

98 797 144 858 de
165 792 318 878 ingenuis
339 790 512 857 constituta
523 835 533 871 ,
564 789 628 853 erit
647 811 666 850 a
686 808 875 876 percussore
896 785 1028 851 domiuo
1046 787 1132 853 servi
1146 787 1219 852 rad·

98 878 219 942 denda.

415 985 459 1056 X.
500 1007 564 1055 rus.
605 1007 669 1053 eus.
709 1005 795 1051 acus.
835 1005 905 1048 sex.

224 1103 263 1168 Si
280 1125 386 1168 servus
407 1105 574 1185 ingenuum
591 1102 714 1164 casibus
756 1101 938 1187 raescriptis
959 1098 1095 1168 occidat.

187 1189 221 1252 Si
251 1210 369 1252 servus.
391 1188 568 1270 ingenuum
596 1206 662 1246 nou
688 1123 874 1262 vestutate,
908 1182 967 1245 sed
993 1183 1219 1267 suprascriptis

95 1272 232 1336 casibus
269 1269 402 1334 diversis
438 1267 612 1346 occiderit,
653 1288 724 1329 eam
756 1265 1021 1349 compositionem
1056 1268 1218 1348 exsolvat,

100 1377 203 1438 quam
223 1353 264 1416 de
293 1351 443 1449 ingenuis
463 1373 539 1414 casu
561 1348 782 1412 occidentibus
803 1347 950 1432 superior
969 1350 1131 1410 sententia
1151 1357 1221 1412 tax-

101 1449 147 1504 at.
195 1437 293 1516 Quod
315 1458 343 1498 ss
365 1434 514 1497 domiuus
533 1455 593 1515 pro
613 1453 707 1496 serso
728 1451 922 1517 componere
944 1431 1108 1512 uoluerit,
1141 1451 1218 1495 mox

101 1541 240 1587 servum
264 1518 389 1582 tradere
414 1516 583 1603 oportebit.

532 1631 586 1694 XI.
613 1651 762 1707 arascos.

373 1748 420 1808 'Si
440 1747 532 1809 homo
568 1746 744 1808 voluntario
771 1744 958 1814 occidatur„

188 1828 305 1893 Omnis
325 1831 422 1893 bomo
453 1829 479 1894 si
511 1827 696 1908 voluntate,
727 1850 793 1891 nou
824 1849 900 1892 casu
926 1823 1084 1894 occiderit
1111 1827 1220 1893 homi·
1252 1833 1259 1844 '

105 1935 202 1994 nem,
233 1934 293 1999 pro
317 1913 494 1978 homicidio
514 1911 680 1997 puniatur.

453 2060 532 2129 XII.
571 2083 632 2125 rus.
675 2081 760 2122 cuns.
801 2081 872 2122 arx.

167 2181 217 2244 Ne
239 2177 361 2244 domini
381 2192 475 2244 extra
496 2177 622 2263 culpam
642 2169 752 2238 seruos
779 2198 853 2238 suos
879 2175 1044 2240 occident.-
1072 2188 1103 2240 et
1133 2180 1162 2238 si

422 2265 572 2340 ingennus
593 2260 717 2322 occidat
736 2261 911 2340 ingenuum.

195 2345 231 2406 Si
252 2343 394 2407 criminis
415 2343 552 2428 quisque
573 2365 664 2422 reus,
686 2343 740 2404 sel
762 2342 896 2403 nefandi
915 2341 1043 2405 consilii
1064 2342 1223 2428 conscius,

112 2450 318 2512 nequaquam
341 2428 436 2490 debet
457 2425 617 2490 indemnis
638 2424 802 2507 relinqui,
833 2435 955 2506 quanto
983 2425 1083 2508 magis
1103 2426 1159 2507 qui
1182 2447 1224 2489 ex

101 2506 219 2574 'studio
241 2511 380 2578 malitiae
402 2519 596 2574 temeranter
614 2505 826 2570 homicidium
845 2507 1027 2568 dinoscitur
1047 2518 1226 2592 perpetras·

108 2596 166 2656 sel
205 2594 368 2676 ideoque,
401 2593 479 2675 quia
507 2613 600 2674 saepe
628 2590 885 2674 praesumptione
916 2589 1098 2652 crudelium
1119 2590 1226 2652 domi-

108 2681 227 2738 norum
247 2687 339 2738 extra
366 2675 596 2738 discussionem
617 2673 779 2757 publicam
799 2693 967 2735 servorum
988 2673 1113 2735 animae
1134 2674 1225 2757 peri·

106 2766 258 2836 uruntur,
293 2757 448 2840 extirpari
470 2759 566 2820 decet
594 2759 679 2819 banc
700 2753 832 2816 omniuo
854 2755 1038 2833 licentiam,
1074 2766 1107 2818 et
1126 2757 1224 2818 huius

104 2841 188 2923 legis
224 2841 263 2902 ab
285 2840 433 2902 omuibus
454 2840 643 2924 perenniter
672 2836 841 2921 adimpleri
860 2859 1056 2900 censuram:
1097 2841 1225 2901 scilicet

106 2933 142 2984 ut
166 2924 277 2986 nullus
311 2923 515 2985 dominorum
546 2923 600 2987 sel
630 2918 851 2999 dominarum,
892 2942 1061 2985 servorum
1089 2944 1224 2986 suorum

104 3007 159 3069 vel
196 3005 406 3084 ancillarum,
448 3027 505 3069 seu
548 3024 815 3089 quarumcunque
854 3023 1082 3086 personarum,
1132 3015 1224 3068 extra

105 3087 275 3171 publicum
296 3088 454 3150 iudicium
482 3087 747 3172 quandoquidem
773 3085 898 3148 occisor
919 3087 1044 3153 existat.
1109 3088 1174 3150 Sed
1195 3089 1222 3150 si

104 3171 167 3232 tale
195 3193 306 3234 servus
336 3171 390 3233 vel
407 3173 545 3250 ancilla,
568 3192 626 3233 seu
646 3170 855 3252 quicunque,
887 3169 1010 3230 crimen
1033 3170 1219 3250 admiserit,

104 3273 146 3315 ex
166 3274 233 3334 quo
253 3254 354 3338 possit
373 3255 484 3317 mortis
504 3255 644 3317 debitam
667 3253 904 3315 damnationem
926 3252 1096 3335 excipere,
1131 3275 1221 3314 eum·

104 3357 168 3417 que
191 3336 341 3398 dominus
368 3337 421 3401 vel
450 3337 580 3400 domina
609 3345 743 3422 propter
772 3335 906 3415 aliquod
934 3337 1106 3419 pessimum
1137 3337 1220 3399 faci-

103 3439 165 3492 nus
195 3419 373 3497 occiderit,
413 3421 467 3482 vel
494 3419 710 3483 occidendum
739 3417 956 3502 praeceperit,
992 3419 1069 3480 dum
1090 3418 1153 3480 hoc
1181 3419 1222 3481 ad

103 3500 328 3584 cuiuscunque
361 3502 477 3566 iudicis
499 3502 718 3588 coguitionem
743 3500 946 3585 pervenerit,
984 3502 1154 3564 confestim
1174 3501 1221 3586 ip·

102 3605 137 3644 se
160 3583 310 3646 dominus
331 3585 503 3651 dominare
524 3587 565 3648 ad
586 3585 743 3646 iudicium
769 3583 816 3644 ire
839 3583 975 3664 cogendi
998 3594 1093 3658 sunt3
1137 3606 1220 3668 qua-

101 3665 180 3726 liter
201 3688 260 3748 per
280 3668 504 3749 probationem
524 3689 691 3730 servorum
713 3665 766 3729 vel
787 3665 980 3726 ancillarum
1003 3667 1069 3730 sive
1092 3689 1149 3730 suo
1171 3690 1223 3729 sa-

102 3758 267 3812 cramento
288 3751 500 3830 confirment,
530 3751 618 3833 quod
645 3751 710 3811 tale
731 3748 857 3810 facinus
884 3747 1091 3828 admiserint,
1130 3751 1220 3812 uude

101 3829 193 3914 digni
215 3842 323 3893 essent
342 3833 453 3895 mortis
476 3834 600 3897 ultione
622 3833 768 3916 percelli.
829 3832 910 3892 Nam
938 3832 965 3893 si
993 3853 1033 3895 ex
1064 3831 1220 3916 disposito

101 3911 266 3991 malitiae,
302 3935 430 3976 servum
452 3939 546 3978 suum
564 3916 617 3978 vel
640 3915 814 3992 ancillam,
847 3935 905 3976 seu
927 3935 986 3996 per
1007 3935 1040 3977 se
1051 3959 1064 3988 ‚
1087 3937 1144 3978 seu
1162 3938 1223 3998 per

101 3996 203 4056 alium
232 3997 412 4080 quemlibet
433 4009 522 4061 extra
548 3998 715 4075 publicum
737 4017 871 4059 examen
894 3995 1044 4059 occidere
1077 3998 1222 4082 quicun-

124 4099 166 4139 ue
197 4081 464 4165 praesumpserit,
493 4103 552 4165 pro
583 4079 660 4141 facti
685 4079 781 4143 huius
811 4079 991 4142 temeritate
1012 4077 1128 4142 libram
1150 4081 1222 4142 auri

99 4100 381 4248 inoperantem,
414 4171 510 4249 atque
533 4164 669 4248 iusuper
698 4164 837 4249 perenni
868 4162 1001 4226 iufamia
1031 4162 1220 4243 denotatus,
