2632 4822
354 292 572 348 arurmanm
590 251 718 347 arcun
756 291 812 346 am
830 293 880 348 rr.
919 341 922 344 .
1117 253 1192 346 800

86 457 195 500 caussa
235 433 366 519 probata
401 455 467 495 nou
508 431 628 510 fuerit,
670 432 733 495 nisi
772 426 996 494 tantummodo
1031 430 1191 516 quispiam

84 523 125 582 de
155 529 302 602 suspecto
338 518 438 578 alium
472 518 512 577 de
549 537 651 577 uxore
681 538 738 577 sua
772 515 962 598 cornpellat‚
997 511 1114 579 habeat
1148 519 1189 578 li-

83 601 223 665 centiam
257 601 341 681 ipse,
376 599 434 680 qui
471 598 662 679 compellat,
706 598 827 660 autad
862 617 1020 680 pugnam,
1062 609 1117 660 ant
1150 601 1197 664 ad·

82 682 317 746 sacramentum
344 681 448 764 ipsum
479 680 643 742 hominem
677 701 854 763 quaerere,
900 678 1042 760 qualiter
1074 680 1191 744 volue-

82 767 136 829 rit.
177 766 212 826 si
234 785 312 826 vero
334 763 402 846 ipsa
422 764 540 825 mulier
564 763 598 822 in
628 762 688 824 lsac
710 761 827 824 illicita
846 783 956 836 caussa
984 764 1191 826 consentiens

67 847 202 926 luerit,
234 846 351 909 habeat
379 855 567 928 potestatem
589 845 657 907 eius
682 845 814 906 maritus
836 843 870 904 iu
907 865 976 906 eam
1013 845 1191 908 vindictam

83 931 181 1007 dare,
211 928 278 991 sive
304 928 338 989 in
362 929 549 1012 disciplina,
576 927 645 992 sive
671 926 705 988 in
730 926 920 990 venditione
949 925 1005 1013 nbi
1028 927 1189 994 voluerit:

81 1021 293 1074 veruntamen
327 1033 392 1078 non
426 1010 612 1088 occidatur,
645 1032 705 1072 nec
737 1009 767 1071 ei
796 1007 946 1072 scematio
972 1011 1015 1090 l)
1045 1011 1191 1094 corporis
1302 1021 1304 1026 '

81 1095 145 1156 fiat.
185 1095 219 1154 Si
249 1094 381 1177 quidem
408 1093 539 1155 forsitan
571 1093 643 1154 talis
677 1093 778 1156 fuerit
804 1092 872 1176 ipse
896 1091 980 1171 liber
1005 1093 1123 1163 homo,
1154 1103 1191 1160 ut

81 1180 154 1238 non'
170 1175 283 1237 habeat
302 1177 391 1239 unde
412 1176 676 1260 compositionem
688 1177 795 1238 facere
810 1173 920 1258 possit,
941 1184 1021 1240 tunc
1033 1178 1062 1255 ἰ)
1079 1175 1191 1239 Publi·

81 1281 138 1321 cus
167 1259 282 1320 debeat
306 1280 381 1320 eum
414 1260 489 1320 dare
520 1258 554 1320 in
587 1279 700 1320 manus
733 1258 840 1320 mariti
877 1256 965 1336 eius,
995 1260 1121 1343 etipse
1155 1259 1191 1320 in

79 1362 155 1404 eum
177 1342 272 1402 faciat
302 1339 479 1404 vindictam
504 1341 538 1402 in
571 1339 761 1422 disciplina,
789 1341 843 1404 vel
868 1340 1076 1414 venditioue3
1113 1362 1189 1402 uam

80 1445 146 1486 non
164 1423 198 1484 in
225 1421 408 1504 occisione,
437 1423 545 1486 autin
565 1423 759 1487 scematione
782 1421 935 1506 corporis.
954 1423 986 1504 le)
1025 1425 1061 1486 Si
1080 1432 1190 1486 autem
1300 1454 1304 1462 ·

79 1505 202 1584 aldius,
231 1507 284 1568 vel
305 1527 417 1570 servus
438 1507 563 1569 alienus
588 1505 651 1568 hoe
670 1508 790 1584 malum
812 1504 970 1567 in'libera
990 1506 1128 1569 muliere
1141 1509 1192 1568 fa-

78 1609 153 1652 cere
180 1593 424 1669 praesumserit,
459 1600 538 1651 tunc
557 1599 710 1671 patronus
738 1590 808 1651 eius
830 1598 1001 1671 componat
1027 1589 1069 1652 ad
1096 1590 1192 1664 mari-

77 1679 147 1732 tum
175 1671 275 1753 ipsius
301 1671 445 1734 mulieris
470 1671 590 1733 solidos
610 1669 679 1734 LX.
701 1680 734 1732 et
760 1671 860 1754 ipsam
880 1692 1051 1754 personam
1082 1671 1138 1734 det
1160 1674 1192 1734 ei

78 1753 112 1814 in
150 1775 263 1815 manus
312 1754 419 1816 mariti
446 1754 525 1816 eius.
611 1753 646 1814 Si
690 1775 768 1817 vero
806 1775 946 1833 servus,
993 1763 1050 1816 aut
1084 1755 1192 1818 aldius
1268 1813 1272 1824 ,

76 1854 138 1919 per
160 1837 361 1898 voluntatem
386 1836 509 1900 domini
529 1833 581 1899 sui
610 1834 673 1898 hoc
704 1837 824 1899 malum
851 1833 985 1917 fecerit,
1019 1838 1108 1921 quod
1134 1859 1192 1900 su-

77 1918 291 2001 prascriptum
318 1927 365 1980 est
402 1928 434 1982 et
461 1918 627 2002 probatum
657 1919 778 1998 fuerit,
810 1919 898 2001 quod
932 1918 1000 2003 ipse
1039 1919 1189 1983 dominus

78 1998 148 2060 eius
169 1998 397 2080 consensisset,
429 2012 614 2084 componat,
648 2003 732 2063 sicut
751 2022 846 2086 supra
864 2001 1001 2084 legitur,
1026 2003 1193 2085 widrigild

78 2103 188 2146 suum:
208 2083 255 2145 sic
276 2092 382 2146 tamen
399 2095 436 2145 ut
453 2085 521 2168 ipse
534 2105 645 2146 servus
659 2085 692 2146 in
707 2085 775 2166 ipsa
794 2085 1024 2164 compositione
1038 2086 1192 2150 tradatur.

78 2164 121 2226 Et
145 2166 172 2226 si
201 2165 331 2250 probata
355 2189 465 2230 caussa
492 2188 557 2228 non
584 2167 685 2228 fuerit
710 2166 750 2229 de
785 2166 909 2230 domini
939 2167 1009 2229 eius
1037 2169 1192 2232 volunta-

81 2255 131 2326 te,
158 2257 239 2310 tunc
271 2247 338 2328 ipse
368 2250 516 2310 dominus
536 2249 621 2314 servi
648 2251 700 2312 vel
731 2249 869 2310 aldionis
900 2250 1052 2334 purilicet
1077 2270 1192 2333 seper

80 2339 314 2402 sacramentum
335 2353 410 2392 cum
432 2330 583 2414 legitimis
607 2330 889 2393 sacramentalibus
912 2331 997 2413 suis,
1018 2342 1056 2394 ut
1071 2332 1191 2416 inipso

79 2412 164 2474 malo
183 2413 389 2476 consentiens
423 2436 486 2474 non
506 2415 642 2492 fuisset,
682 2425 715 2476 et
737 2415 777 2476 sit
808 2413 994 2490 absolutus;
1030 2425 1190 2478 ettamen

79 2492 154 2571 fiat,
181 2495 266 2556 sicut
283 2518 377 2577 supra
402 2495 570 2559 statuimus
586 2496 734 2559 deservo
750 2497 803 2559 vel
818 2496 959 2576 aldione.
1000 2495 1046 2564 ll.
1068 2498 1119 2565 55.
1145 2497 1193 2560 16.

148 2595 227 2630 roan.
265 2579 342 2632 Petra
364 2587 392 2632 te
412 2579 532 2649 appellet
548 2578 697 2643 Martinus,
724 2579 798 2652 quod
816 2579 875 2648 ipse
901 2587 931 2633 te
950 2580 1057 2635 invenit
1075 2579 1195 2652 turpiter

79 2661 239 2722 conversare
262 2664 324 2700 cum
342 2649 412 2702 Alda
429 2667 479 2701 sua
504 2666 596 2710 uxore.
639 2651 717 2702 Petne
742 2658 771 2703 te
796 2650 918 2719 appellat
935 2651 1087 2714 Martinus,
1114 2651 1191 2721 quod

77 2716 163 2769 habet
180 2719 397 2789 suspectionem,
418 2719 492 2788 qnod
509 2728 540 2772 tu
560 2718 723 2772 conversasti
739 2721 855 2789 turpiter
866 2737 929 2774 cum
944 2721 1016 2774 atta
1026 2724 1081 2776 'sua
1095 2737 1189 2775 uxore.

76 2789 119 2840 De
142 2795 223 2839 torto.
250 2789 296 2842 Vis
315 2789 341 2842 ei
357 2789 488 2842 adardire.
522 2789 602 2842 Volo.
637 2789 753 2842 Vadiate
771 2806 896 2860 pugnam.

146 2858 225 2910 Petre
242 2866 272 2912 te
289 2861 411 2929 appellat
427 2858 579 2922 Martinus,
607 2860 681 2929 quod
698 2862 822 2913 Donatus
851 2869 915 2916 tuus
934 2877 1026 2916 servus
1048 2875 1098 2930 per
1113 2867 1191 2912 tuam

77 2925 249 2980 voluntatem
275 2929 444 2983 conversavit
460 2930 577 2998 turpiter
594 2945 656 2980 cum
674 2930 743 2982 Alda
760 2947 809 2983 sua
827 2947 921 2986 uxore.
955 2930 1013 2985 tut
1030 2948 1086 2985 nou
1105 2929 1189 2996 fecit3

77 2995 123 3050 vel
141 2996 222 3057 secit,
244 3000 289 3050 sed
307 3018 362 3052 non
382 3017 444 3052 cum
462 3015 521 3051 mea
538 2999 688 3053 voluntate.

160 3065 297 3147 CXXII.
339 3079 350 3145 (
362 3071 493 3150 thx.)
535 3069 569 3132 si
582 3069 652 3150 quis
666 3069 761 3132 miser
776 3077 808 3130 et
821 3067 977 3152 iusipiens
989 3067 1086 3130 homo
1099 3087 1192 3152 prae·

79 3148 229 3208 sumserit
258 3171 407 3231 sponsare
436 3153 621 3230 mulierem,
653 3152 826 3214 habentem
845 3153 951 3212 virum
983 3171 1095 3226 suum,
1123 3147 1190 3210 sive

78 3228 129 3291 vir
145 3228 302 3313 eius-ipse
325 3242 472 3314 aegrotus
493 3233 593 3296 fuerit
610 3232 678 3297 sive
696 3255 792 3296 sanus
802 3278 812 3311 ‚
835 3233 919 3296 sicut
940 3242 974 3295 et
986 3232 1083 3294 modo
1098 3229 1191 3292 nobis

77 3309 152 3372 talis
177 3333 286 3373 caussa
324 3314 519 3376 annunciata
547 3324 611 3392 est,
651 3326 683 3378 et
712 3315 979 3400 probatumest,
1019 3322 1191 3398 componat

77 3390 167 3474 ipse,
201 3396 259 3477 qui
289 3394 350 3456 hoc
380 3397 510 3475 fecerit,
543 3397 634 3458 widri
659 3398 704 3458 ild
734 3419 828 3458 suum
852 3396 892 3458 ad
922 3395 1074 3458 maritum
1102 3395 1189 3468 eius;

78 3483 113 3535 et
137 3475 204 3560 ipsa
231 3476 382 3560 suscipiat
407 3477 441 3538 in
462 3501 496 3541 se
516 3479 613 3541 talem
636 3421 839 3562 disciplinam
868 3488 924 3540 aut
945 3477 1191 3541 condemnatio-'-

78 3577 173 3636 uem,
204 3560 332 3642 qualem
353 3582 448 3643 supra
471 3560 609 3623 diximus
629 3562 669 3624 de
696 3563 752 3622 illa
775 3559 932 3640 muliere,
962 3582 1046 3644 quae
1072 3581 1107 3623 se
1125 3571 1193 3621 tur·

76 3639 164 3723 piter
192 3643 371 3703 adtrectare
402 3644 566 3723 permittit.
608 3648 653 3712 ΙΙ.
675 3645 704 3711 8.
726 3665 755 3726 7.

147 3739 226 3775 roan.
263 3726 341 3778 Petro
358 3733 387 3776 te
406 3727 526 3796 appellat
539 3727 690 3790 Martinus,
709 3725 785 3797 quod
802 3724 970 3796 spopondisti
984 3723 1097 3780 Mariam
1115 3741 1191 3776 suam

76 3790 227 3845 mulierem.
264 3795 417 3865 Approlset‚
445 3796 466 3848 si
489 3798 618 3866 potnerit.
665 3797 692 3848 Si
715 3815 792 3861 non,
828 3796 981 3866 appellatus
1006 3795 1119 3852 exdicar
1143 3812 1189 3860 se;

78 3870 127 3914 aut
148 3873 294 3934 componat
312 3865 443 3932 widrigild
461 3885 538 3919 saum
557 3865 592 3919 ad
608 3867 733 3920 maritum
751 3865 880 3921 mulieris.

80 3966 515 3990 *uun-Q..-

145 4035 174 4106 lr)
193 4038 243 4090 Un.
263 4039 330 4092 Cod.
349 4043 471 4094 semotio.
544 4041 637 4112 alliu,
656 4041 724 4096 Cod.
741 4041 846 4111 puerit,
872 4039 1080 4093 remanentibus
1097 4037 1191 4092 saltim

76 4105 140 4160 XX.
159 4109 210 4161 sol.
229 4122 280 4160 out
294 4113 375 4179 plus,
401 4123 467 4164 tunc
494 4123 545 4165 etc.
616 4113 702 4180 t)1d.
723 4112 791 4164 Cod.
819 4110 912 4162 addit:
948 4111 979 4163 Si
997 4127 1061 4165 vero
1076 4111 1189 4178 fhcerit,

78 4189 110 4227 ut
125 4190 278 4230 contemtor
294 4182 375 4250 Legis
401 4179 486 4234 codar
510 4183 541 4232 in
566 4185 726 4252 praesentio
751 4183 840 4252 Regis.
875 4180 945 4232 Num
971 4182 999 4232 ri
1015 4180 1110 4231 saltus
1126 4180 1190 4234 XX.

81 4247 130 4299 sol.
150 4252 350 4316 remanserint,
369 4269 427 4304 non
444 4251 568 4306 absolute
587 4249 719 4323 dabitur,
737 4251 788 4306 sed
804 4252 910 4308 serviat
927 4247 969 4306 ad
983 4251 1139 4306 terminum.
