2632 4822
52 239 129 316 828
485 259 597 320 ausas
632 263 763 320 aucun

1235 354 1250 421 t'

119 419 203 460 aona.
239 404 319 458 Petro
341 409 371 458 te
391 401 514 476 appellat
532 403 683 466 Martinus,
702 404 779 476 quod
795 403 859 476 ipsa
875 405 1020 464 vendidit
1045 407 1105 462 tibi
1122 413 1196 468 untia
1234 424 1241 447 ¹

50 492 127 530 suam
146 491 254 538 cusan,
274 482 304 528 et
321 474 491 530 conventasti
512 473 564 527 sibi
581 475 647 532 dare
673 475 703 527 C.
722 476 845 542 solidos,
866 485 900 530 ct
926 495 990 532 nou
1016 479 1129 534 dedisti
1150 484 1194 536 uisi
1233 472 1251 545 ;·'

72 545 258 617 auinquaginta.
312 545 373 596 Non
391 543 443 598 tibi
461 543 631 614 respondeo,
661 545 727 616 quia
750 563 818 600 ecce
847 546 974 612 charta,
1006 567 1089 618 quae
1116 554 1195 606 nrani-
1235 552 1240 561 '

50 564 133 670 ἵκηαι
151 615 186 668 de
203 615 353 686 adimpleto
371 614 466 684 pretio.
504 614 532 665 Si
550 614 645 668 charta
668 633 723 668 non
741 615 926 680 manifestat,
958 619 1044 688 quod
1072 623 1195 677 venditor
1242 628 1256 690 ¹,

50 684 271 756 subscripsisset,
299 693 347 736 aut
370 693 465 738 testess
491 683 565 737 iuret
585 686 730 754 venditor,
758 687 808 759 qui
829 685 947 753 habet,
976 690 1074 760 pretii
1093 702 1194 763 purten
1242 705 1255 730 ⁴

52 755 218 826 completam
235 772 292 807 uon
311 771 377 808 esse.
417 791 424 803 «
1251 765 1253 768 ’

135 825 175 888 V.
218 825 254 887 Si
275 815 488 908 quis'iudex,
511 833 567 886 aut
591 823 788 906 quicumque
810 823 937 904 homo,
970 828 1122 891 missum
1148 853 1193 893 su·
1249 848 1252 851 ’

49 931 106 971 um
125 907 356 992 praesumserit
376 907 515 990 dirigere
537 907 688 986 Romam,
741 909 957 988 Ravennam,
996 912 1190 996 Spoletnm,
1250 975 1252 994 ‚

49 993 275 1054 Beneventum
310 990 427 1058 velud
454 989 645 1068 Franciam,
688 988 891 1070 Baioariam,
933 993 994 1055 vel
1033 997 1205 1058 Alaman-¹

54 1075 141 1135 niam
158 1071 206 1156 g)
226 1074 297 1136 sine
317 1072 415 1156 Regis
447 1071 607 1150 iussione,
631 1072 755 1134 animae
776 1095 853 1137 suae
876 1075 1042 1138 incurrat
1064 1080 1190 1163 pericu·

49 1156 137 1236 lum,
159 1166 191 1217 et
211 1177 263 1222 res
285 1154 355 1216 eius
377 1155 575 1221 infiscentur.
627 1157 689 1220 111.
710 1176 759 1238 ²0·
786 1179 811 1224 1.

135 1237 192 1306 VI.
236 1235 455 1320 Cognoaimus
483 1237 591 1316 euim,
625 1236 715 1320 quod
749 1235 807 1322 per
840 1240 998 1324 singulas
1030 1241 1186 1306 Civitates

50 1320 128 1384 mali
149 1319 297 1382 homines
319 1343 414 1383 uanas
444 1317 481 1408 t)
504 1320 607 1382 idest
636 1321 848 1384 adunationes
873 1333 999 1385 contra
1037 1325 1186 1390 ludicen

49 1425 144 1469 snum
165 1411 294 1486 agentes
316 1403 450 1470 iaciunt.
491 1399 557 1466 sed
575 1403 619 1464 ita
641 1403 826 1483 statuimus,
850 1415 885 1466 at
907 1407 938 1466 si
960 1409 1091 1470 amodo
1113 1410 1185 1491 qui·
1247 1462 1249 1468 ,

52 1508 192 1572 cumque
212 1484 310 1546 homo
338 1485 375 1570 i)
396 1485 626 1547 adunationem
647 1506 721 1548 cum
738 1488 792 1550 lV.
811 1489 864 1549 vel
888 1487 932 1556 V.
956 1501 1022 1552 ant
1046 1493 1183 1575 amplius
1251 1525 1252 1532 κ

47 1567 234 1632 horninibus
256 1568 390 1648 iecerit,
428 1568 587 1646 dicendo,
621 1568 711 1650 qnod
738 1569 943 1632 voluntatem
974 1574 1105 1635 iudicis
1136 1575 1182 1636 sui

49 1674 117 1714 non
138 1651 253 1729 faciat,
274 1658 307 1711 et
328 1650 417 1734 quod
438 1651 494 1712 ilie
516 1660 604 1713 reete
622 1651 758 1730 dixerit,
780 1662 833 1712 aut
854 1654 895 1714 ad
919 1655 995 1718 eius
1020 1649 1182 1719 iudiciaria
1251 1702 1252 1705 ,

50 1755 118 1797 non
150 1735 244 1798 vadat
281 1734 340 1813 ir),
384 1734 551 1796 confidens
580 1733 614 1793 in
656 1735 793 1796 alicuius
830 1738 1041 1818 patrocinio:
1086 1749 1120 1800 et
1154 1738 1179 1801 si

49 1818 130 1882 alios
151 1817 237 1880 circa
257 1836 291 1877 ae
319 1837 490 1902 aggregare
512 1817 671 1896 volucrit,
702 1825 738 1877 nt
759 1818 819 1900 ipsi
849 1817 1010 1881 similiter
1039 1822 1176 1899 faciant,

50 1909 223 1986 componat
243 1897 327 1961 sicut
355 1900 499 1961 anterius
520 1899 672 1962 Edictum
693 1900 733 1961 de
761 1899 921 1962 seditione
945 1913 1071 1964 contra
1092 1905 1175 1965 iudi·

49 2004 120 2046 cena
142 1983 246 2044 levata
267 1979 442 2043 continere
455 1981 596 2050 videtur,
642 1983 676 2045 Si
698 2002 775 2046 vero
795 1982 835 2044 de
858 2003 970 2045 caussa
994 1986 1098 2068 Regis
1120 1986 1175 2046 aii-

48 2067 129 2164 quid
150 2067 185 2140 i)
207 2065 315 2127 dicere
343 2065 504 2140 voluerit,
538 2065 580 2128 sit
608 2066 638 2127 ei
669 2065 799 2126 licentia
827 2065 989 2128 veniendi
1013 2070 1058 2129 ad
1079 2068 1174 2130 Pala·

51 2157 153 2226 trum3
196 2157 229 2210 et
267 2148 293 2210 si
320 2169 416 2231 supra
443 2168 539 2230 quam
572 2148 691 2210 dixerit
720 2148 886 2210 veritatem
916 2151 1172 2231 approbaverit,
1198 2171 1200 2175 ·

48 2232 91 2294 sit
117 2231 367 2309 condemnatus,
398 2240 431 2293 et
455 2231 608 2314 suscipiat
637 2229 829 2291 sententiam
852 2233 1042 2293 secundnm
1057 2226 1172 2316 'quaii-

49 2323 148 2376 tatem
169 2334 319 2388 caussae,
349 2315 431 2376 sicut
460 2315 601 2376 anterius
618 2313 770 2374 Edictum
791 2313 946 2374 eontinet.
1001 2316 1096 2377 Etsi
1118 2317 1171 2377 vess

49 2395 177 2458 ritatem
203 2397 379 2480 approbare
407 2417 473 2456 uon
503 2397 661 2478 potuerit,
692 2395 747 2455 fiat
768 2395 798 2456 ei
828 2396 920 2457 datus
952 2396 988 2456 in
1021 2398 1172 2459 manibus

48 2500 123 2541 cnm
143 2479 241 2541 rebus
262 2482 349 2556 suia,
371 2489 403 2540 et
425 2478 520 2540 faciat
542 2479 582 2540 de
605 2500 643 2539 eo
665 2477 753 2560 quod
772 2479 921 2539 voluerit.
964 2479 1172 2542 Violentiam
1259 2480 1260 2485 ’

49 2561 183 2643 quidem
204 2561 238 2623 si,
251 2562 440 2623 sustinuerit
460 2562 577 2644 aliquis
598 2584 616 2621 a
638 2561 750 2622 iudice
773 2582 848 2638 suo,
883 2569 938 2620 aut
959 2561 1001 2622 ab
1025 2563 1092 2623 alio
1114 2563 1171 2623 ho·

50 2643 158 2722 mine,
180 2654 212 2704 et
230 2645 332 2706 Iudex
356 2645 538 2727 neglexerit
558 2644 717 2722 indicare,
745 2653 799 2703 aut
820 2642 954 2703 forsitan
988 2645 1172 2707 attenderit

50 2726 93 2789 ad
114 2727 325 2805 Gasindium,
349 2727 463 2788 autad
487 2737 650 2809 parentes,
672 2726 787 2786 autad
808 2725 947 2786 amicum
969 2747 1087 2806 suum,
1118 2727 1172 2788 aci

49 2809 91 2870 ad
120 2809 314 2892 praemium,
350 2817 383 2869 et
409 2810 514 2890 lagena
545 2831 610 2869 uon
645 2808 851 2870 indicaverit:
880 2817 960 2870 tnnc
987 2809 1104 2870 veniat
1132 2808 1171 2869 ad

49 2893 232 2969 Palatium,
255 2901 287 2952 et
307 2892 461 2952 reclamet
477 2912 566 2951 suam
583 2891 785 2968 violentiam,
806 2899 838 2950 et
857 2890 885 2951 si
906 2891 1081 2972 probatum
1099 2893 1170 2952 fne-

48 2975 113 3053 rit,
142 2997 208 3037 non
232 2981 436 3056 computetur
457 2972 491 3032 in
515 2974 710 3035 adunatione
732 2972 780 3049 ei,
818 2972 875 3055 qui
896 2974 1168 3055 proclamaverit,

4 3055 8 3061 ¹
49 3059 108 3122 sed
127 3057 194 3141 ipse
216 3058 317 3119 iudex
337 3062 507 3137 componat
527 3055 692 3138 widrigild
713 3046 827 3132 inum,
865 3054 1011 3116 medium
1032 3057 1115 3151 Regi
1138 3064 1169 3117 et

49 3141 195 3204 medinm
221 3141 275 3202 cai
302 3139 455 3201 iustitiam
475 3138 666 3221 denegarit,
689 3148 720 3198 et
739 3137 895 3198 honorem
914 3160 1012 3200 anum
1033 3147 1169 3199 amittat.

49 3223 246 3287 Arimannus
267 3223 324 3284 ilie
346 3222 479 3304 quidem
506 3221 534 3283 si
561 3222 714 3282 mentitus
746 3220 865 3297 fuerit,
894 3228 927 3281 et
960 3220 1075 3283 dolose
1103 3221 1169 3282 hoc

50 3311 171 3390 egerit,
193 3307 219 3369 si
245 3304 467 3366 antevenerit
499 3304 539 3365 ad
560 3303 737 3374 Palatium,
772 3323 869 3383 quam
889 3303 929 3362 ud
957 3303 1084 3364 Iudicia
1116 3304 1170 3368 sui

49 3390 145 3449 vadat
164 3389 336 3467 iudicium,
368 3387 395 3450 si
416 3385 582 3464 habuerit,
608 3387 693 3447 unde
716 3405 909 3466 componere
930 3385 1053 3465 possit,
1077 3401 1170 3447 com-

49 3479 151 3556 ponat
170 3471 288 3534 solidos
309 3473 345 3532 L.
366 3470 508 3534 medinm
526 3469 627 3553 Regi,
657 3477 690 3530 et
712 3469 854 3530 medium
879 3468 986 3530 Indici
1010 3489 1083 3532 suo.
1125 3470 1170 3531 Et

57 3589 427 3611 ‚un-n--a-——n--u

121 3663 158 3736 ς)
175 3664 227 3716 Un.
246 3663 312 3716 Cod.
338 3661 430 3715 addit:
450 3661 573 3715 Gratiam
594 3671 643 3710 aut
663 3657 824 3712 Novariam.
870 3658 913 3711 Al.
936 3659 1035 3711 Rarius
1059 3673 1110 3713 orat
1138 3660 1182 3712 in,

49 3736 193 3790 Avariam.
230 3733 272 3785 Al.
291 3735 397 3786 Iiiciam
418 3745 468 3784 aut
491 3732 683 3783 Macaritv'am.
748 3727 796 3800 Ji)
820 3728 862 3780 nt.
890 3729 979 3783 Codd.
1007 3747 1098 3796 aaas;
1119 3749 1172 3784 za-

51 3824 118 3872 aas,·
142 3821 244 3857 sawas.
282 3804 391 3856 Hcrold.
411 3815 438 3854 st
458 3815 549 3853 canas.
595 3798 637 3850 Al.
662 3797 852 3865 Editronaa,
875 3798 980 3850 banna.
1015 3799 1107 3852 Gloss.
1126 3800 1173 3851 iu·
1261 3808 1264 3813 ’

50 3876 111 3932 teri.
136 3893 250 3934 sawas,
289 3875 308 3924 i.
334 3890 356 3925 e.
384 3870 588 3944 firmamentum
612 3865 652 3918 ad
672 3869 782 3925 bellam.
860 3871 894 3931 i)
914 3869 966 3919 Un.
996 3867 1067 3920 Cod.
1087 3869 1172 3923 bomo

47 3949 177 4018 privatas
201 3963 218 3995 a
239 3939 388 4007 dignitate.
458 3941 493 4010 a)
516 3940 567 3992 Un.
593 3937 659 3989 Cod.
676 3937 767 3990 iudici
785 3955 834 3988 sao
852 3956 910 3988 non
927 3938 1064 4009 saciant,
1095 3957 1173 4010 qaas

50 4017 100 4068 ille
118 4026 192 4068 recte
219 4014 259 4065 eis
279 4009 402 4070 dixerit,
430 4023 481 4064 aut
502 4006 542 4059 ad
564 4011 624 4061 eins
644 4006 701 4059 iud.
720 4026 778 4060 non
793 4004 910 4058 vadant.
977 4008 1171 4078 „t)t1n.c0d.

49 4082 181 4144 videtur,
204 4084 229 4133 ai
250 4080 302 4132 bac
319 4099 377 4132 non
390 4095 441 4150 par
456 4079 655 4146 obligationem
665 4077 781 4148 facim,
804 4095 861 4128 non
877 4095 928 4146 per
946 4091 1171 4142 sacramentam,

49 4171 139 4225 nsque
158 4169 210 4223 par
232 4149 383 4203 dexteram.
443 4151 474 4202 Si
499 4167 563 4201 aero
587 4146 621 4199 dc
645 4166 711 4202 casa
738 4148 829 4217 regis,
858 4160 992 4217 quaeest
1013 4149 1112 4216 posita
1141 4151 1173 4203 in

51 4225 136 4276 initio
161 4223 252 4276 nostri
272 4221 475 4283 antecessoris,
502 4215 627 4289 aliquod.
