2648 4874
151 247 229 343 lat
344 281 448 348 nacta
467 281 757 347 wrsroornoauu
775 285 841 344 na.
859 287 906 342 ru.
923 285 996 345 r1r.
1007 285 1036 341 1.

150 392 236 488 filiii
254 415 390 510 patruus
408 431 442 488 et
461 425 575 504 amita,
598 423 714 504 idest,
735 423 833 506 patris
853 425 952 488 frater
969 434 1002 488 et
1020 445 1137 504 sorore¹
1159 445 1262 488 avun-

151 511 245 574 culus
266 517 299 572 ct
315 516 503 587 matertera,
525 509 640 587 idest,
661 510 770 568 matris
785 508 885 570 frater
904 517 937 570 ct
956 529 1056 570 soror.

356 622 412 685 lv.
454 623 503 684 De
525 623 631 706 quarti
649 621 768 702 gradus
789 624 1066 702 consanguinitate.
1130 656 1135 664 ·

233 707 357 786 Quarto
388 703 490 788 ffladu
518 705 657 770 veniunt
686 726 797 786 supra,
828 704 964 783 abavus,
998 703 1125 765 abavia:
1158 704 1260 783 inira,

151 790 312 873 abnepos,
344 787 510 870 abneptis:
552 808 593 849 ex
622 787 774 869 obliquo,
804 786 911 848 fratris
942 797 976 850 ει
999 787 1118 849 sororis
1148 806 1260 869 nepos,

153 873 281 956 neptis:
325 870 426 934 frater
447 869 626 953 patruelis,
661 891 751 931 soror
778 868 949 951 patruelia,
986 869 1112 948 idest,
1152 869 1260 952 patrui

150 955 237 1018 lilius
259 953 388 1041 filiave:
431 951 643 1014 consobrinus
665 962 697 1013 ει
718 951 927 1030 consobrina,
957 951 990 1014 id
1011 960 1077 1029 est,
1106 951 1260 1015 avunculi

151 1049 185 1100 et
206 1045 394 1098 materterae
410 1035 516 1113 lilius,
539 1034 621 1096 lilia:
644 1036 811 1112 amitinus,
834 1033 981 1112 amitina,
1004 1035 1123 1112 idest,
1145 1034 1259 1095 amitae

149 1120 257 1198 filius,
285 1118 361 1183 lilia.
403 1118 547 1200 Itemque
571 1118 777 1194 consobrini,
811 1115 929 1200 quiex
951 1117 1075 1178 duabus
1097 1116 1260 1178 sororibus

149 1211 340 1265 nuscuntur.
380 1199 507 1278 Quibus
521 1200 678 1262 adcrescit
693 1210 823 1284 patruus
835 1219 966 1282 magnus
983 1209 1014 1261 et
1026 1197 1121 1260 amita
1135 1219 1259 1284 magna,

150 1284 186 1364 id
208 1293 272 1362 est,
300 1281 352 1343 avi
377 1282 504 1366 paterni
530 1284 630 1345 frater
648 1293 680 1344 et
705 1302 816 1344 soror:
858 1283 1035 1345 avunculus
1064 1303 1199 1366 maguus
1227 1290 1260 1344 et

149 1375 321 1428 matertera
338 1386 469 1447 magna,
492 1364 609 1442 idest,
631 1366 719 1426 aviae
739 1373 891 1449 paternae
917 1374 950 1426 at
970 1375 1133 1427 maternae
1159 1365 1259 1426 frater

71 1469 73 1473 ·
150 1458 183 1594 qt
207 1469 308 1592 sloror.
353 1449 421 1512 Hoc
445 1447 520 1532 plus
537 1449 658 1532 exponi
671 1468 751 1533 opus
770 1467 836 1507 non
861 1457 927 1533 est,
959 1469 1056 1532 quam
1072 1447 1170 1511 lectio
1197 1446 1259 1508 ista

176 1537 306 1593 ecerat.
451 1551 454 1558 ·

431 1640 474 1708 V.
512 1643 562 1704 De
583 1643 684 1727 quinti
702 1643 820 1726 gradus
840 1645 971 1728 origine.

233 1725 359 1808 Quinto
383 1725 484 1809 gradu
501 1724 661 1809 veniunt,
686 1749 784 1807 supra
802 1729 952 1809 quidem,
985 1735 1111 1805 atarm,
1138 1725 1257 1789 atavia:

150 1805 254 1886 infra,
276 1810 438 1891 adnepos,
460 1808 623 1891 adneptis:
646 1811 687 1871 ex
707 1809 856 1892 obliquo,
878 1809 985 1873 fratris
1004 1820 1037 1872 et
1051 1807 1170 1872 sororis
1184 1830 1258 1891 pro·

150 1913 270 1975 nepos,
297 1890 482 1988 proneptis:
523 1891 629 1952 fratria
650 1893 820 1975 patruelis,
842 1892 960 1954 sororis
980 1891 1153 1975 patruelis,
1175 1889 1258 1950 ami-

148 1975 231 2053 tini,
253 1973 423 2051 amitinae,
453 1972 660 2052 consobrini,
690 1973 897 2037 consobrinae
924 1975 1028 2052 lilius,
1055 1973 1134 2035 lilia:
1176 1994 1256 2055 pro·

147 2059 239 2142 prins
270 2055 441 2133 sobrinus,
479 2055 626 2134 sobrina,
661 2056 695 2118 id
722 2066 787 2138 est,
828 2057 934 2139 patrui
968 2057 1092 2140 magni,
1139 2055 1254 2116 amitae

148 2160 302 2222 magnae,
331 2137 486 2200 avunculi
506 2139 631 2222 magni,
660 2147 848 2200 materterae
881 2160 1013 2223 magnae
1045 2138 1149 2216 lilius,
1179 2137 1256 2198 iilia.

147 2222 206 2290 His
225 2222 435 2298 adcrescunt,
457 2232 666 2304 propatruus,
695 2221 863 2304 proamitae
894 2221 930 2282 bi
960 2229 1035 2284 sunt
1060 2219 1170 2303 proavi
1201 2241 1255 2302 pa-

147 2301 235 2365 terni
267 2301 369 2364 frater
403 2313 434 2364 et
457 2324 573 2365 soror:
627 2305 891 2387 proavunculus,
931 2311 1177 2388 promatertera:
1219 2299 1256 2360 hi

147 2396 224 2446 sunt
244 2385 393 2468 proaviae
414 2394 565 2467 paternae
586 2396 812 2470 maternaeque
841 2387 942 2446 frater
962 2396 993 2448 ει
1013 2407 1125 2463 soror,
1157 2404 1254 2468 proa-

146 2467 247 2550 vique
268 2465 415 2532 materni.
449 2467 534 2528 Haec
549 2468 670 2550 species
684 2489 744 2529 uec
759 2467 830 2530 aliis
844 2469 1005 2550 gradibus,
1027 2490 1124 2552 quam
1136 2468 1254 2552 scripta

148 2558 215 2630 est,
238 2570 299 2612 nec
320 2546 391 2610 aliis
411 2548 575 2613 vocabulis
595 2550 752 2612 declarari
773 2559 887 2635 potest.
914 2621 920 2636 ι

387 2683 447 2752 Vl.
488 2685 538 2746 De
559 2686 645 2747 serti
662 2685 780 2766 gratius
802 2688 1012 2749 extremitate.

230 2771 329 2833 Sexto
355 2768 457 2852 gradu
486 2769 626 2832 veniunt
653 2790 768 2851 supra,
798 2770 948 2848 tritavus,
977 2769 1122 2832 tritavia:
1152 2767 1254 2850 infra,

146 2853 310 2936 trinepos,
331 2849 498 2932 trineptis:
529 2872 570 2913 ex
587 2851 738 2934 obliquo,
769 2851 875 2913 fratris
904 2862 937 2914 et
960 2852 1078 2914 sororis
1101 2851 1254 2933 abnepos,

147 2936 316 3020 abneptis:
358 2933 466 2994 fratris
486 2933 642 3016 patruelis
653 2978 662 3011 ,
685 2935 801 2995 sororis
819 2934 991 3018 patruelis,
1014 2935 1154 3011 amitini,
1178 2935 1254 2993 ami-

146 3019 234 3080 tinae
245 3063 255 3098 ,
277 3015 481 3092 consobrini,
504 3015 734 3093 consobrinae,
755 3017 862 3099 patrui
879 3018 1003 3099 magui,
1033 3019 1148 3078 amitae
1165 3037 1254 3099 mag-

147 3121 226 3178 nae,
257 3100 411 3162 avunculi
441 3099 566 3181 magui,
598 3108 787 3160 materterae
817 3121 949 3182 magnae
976 3120 1093 3182 nepos,
1127 3100 1253 3181 neptis:

146 3181 269 3268 proprii
297 3181 419 3244 sobrini
444 3182 551 3259 filins,
586 3181 710 3260 filiave,
739 3182 798 3262 qui
826 3181 1008 3244 consobrini
1040 3181 1254 3264 appellantur.

147 3267 274 3346 Quibus
294 3286 334 3326 ex
358 3266 458 3326 latare
477 3265 686 3342 adcrescunt,
719 3264 904 3347 propatrui,
936 3263 1128 3344 proamitae,
1158 3285 1254 3344 proa-

146 3347 300 3425 vunculi,
330 3357 593 3430 promarterterae
618 3345 721 3425 filius,
749 3347 832 3407 lilia:
881 3345 1068 3426 abpatruus,
1099 3345 1253 3406 abamita:

145 3431 181 3492 bi
197 3440 272 3492 sunt
291 3430 384 3490 abavi
404 3429 531 3512 paterni
553 3430 653 3489 frater
673 3438 706 3489 et
723 3449 834 3490 soror:
877 3428 1116 3504 abavunculus,
1147 3427 1255 3486 abma-

145 3524 284 3590 tertera,
307 3513 342 3572 bi
360 3522 436 3574 sunt
458 3511 548 3573 abavi
570 3519 721 3592 pateruae
739 3503 965 3591 maternaeque
981 3511 1080 3571 frater
1098 3519 1130 3569 et
1152 3532 1254 3587 soror,

147 3598 304 3677 abavique
334 3594 480 3658 materni.
547 3596 633 3655 Haec
664 3614 794 3675 quoque
824 3592 989 3677 explanari
1020 3592 1156 3675 amplius
1186 3612 1254 3652 uon

147 3688 298 3762 possunt,
321 3699 417 3759 quarn
437 3684 550 3740 auctor
570 3677 638 3760 ipse
659 3676 818 3742 disseruit.

147 3793 225 3859 Vll.
247 3791 444 3874 Deperr'onis
454 3793 578 3876 septimi
585 3790 726 3871 generis,
744 3810 823 3872 quae
841 3790 960 3869 legibus
973 3809 1036 3852 nou
1049 3791 1256 3852 continentur.

229 3875 372 3957 Septimo
393 3876 493 3956 gradu
516 3875 667 3955 quisunt
688 3872 834 3955 cognati,
868 3882 956 3932 recta
978 3872 1065 3934 linea
1086 3893 1182 3952 supra
1203 3871 1256 3930 iu-

146 3959 281 4040 fraque,
311 3957 448 4039 propriis
476 3956 662 4017 nominibus
682 3976 748 4014 non
769 3955 990 4037 appellantur,
1019 3956 1075 4017 sed
1093 3977 1133 4015 ex
1151 3963 1256 4013 trans·

148 4060 239 4102 uersa
252 4040 339 4100 linea
356 4040 586 4116 continentur,
607 4038 715 4098 fratris
736 4036 917 4119 sororisque
939 4039 1080 4120 adnepos
1096 4035 1255 4117 adneptis,

148 4121 353 4198 consobrini,
385 4121 596 4182 consobrinae
631 4120 710 4194 filii,
754 4119 850 4184 filiae.
901 4119 1120 4182 successionis
1149 4127 1256 4178 autem

147 4208 270 4270 idcirco
290 4201 406 4288 gradus
425 4214 545 4289 septem
568 4201 734 4266 constituti
752 4209 847 4263 sunt:
875 4203 951 4286 quia
970 4203 1106 4266 ulterius
1125 4222 1185 4286 per
1202 4222 1257 4263 re·
