2684 4868
291 276 394 332 iscis
413 273 705 331 w1s1ocrnonun
725 275 789 328 tis.
808 274 839 327 x.
860 273 929 330 sir.
951 277 988 329 u.
1120 259 1198 332 '693

79 415 283 482 tionnhiliter
302 437 492 499 responsum
520 435 632 498 parare
655 412 903 509 contempserit,
934 424 1199 510 autquamcun-

80 524 146 587 que
180 499 370 561 dilationem
396 500 557 561 videatur
576 496 705 558 afferre:
749 518 815 558 sire
849 497 946 559 etiam
977 501 1121 562 eiusdem
1149 502 1199 564 rei
1250 496 1251 500 ¹
1315 533 1318 540 ·

80 605 165 669 quae
196 582 319 665 petitur
340 581 503 642 absentem
532 599 765 663 possessorem,
800 577 862 641 hoc
893 589 942 640 est
966 580 1000 640 in
1032 583 1094 642 alia
1123 585 1201 666 pro-

79 667 208 743 vincia,
232 673 288 724 aut
315 663 347 724 in
378 664 585 746 expeditione
611 662 742 744 publica
769 662 908 745 positum
945 685 1012 726 esse
1043 668 1201 730 constite-

79 751 142 812 rit:
178 758 258 809 tunc
287 745 388 807 index
417 747 451 807 id
476 746 566 831 quod
586 745 788 828 reposcitur,
827 744 860 806 id
883 755 932 808 est
953 745 1022 808 sive
1042 749 1201 832 possessio

79 834 147 896 sive
170 829 392 914 quodcunque
421 830 538 907 fuerit,
583 849 642 909 pro
674 828 913 909 interruptione
948 831 1102 914 temporis
1124 854 1201 893 -co-

79 937 148 978 ram
171 911 296 976 duobus
324 910 459 974 testibus
480 924 534 974 ant
555 910 656 972 tribus
680 910 830 993 ingenuis
856 911 981 994 petenti
1009 913 1199 998 consignare

79 1006 251 1082 procuret:
280 997 325 1056 ita
354 1003 391 1053 ut
411 995 438 1056 si
460 995 559 1057 iudex
579 1014 646 1054 rem
669 993 767 1077 ipsam
789 994 912 1076 petenti
936 994 1054 1058 saionis
1076 999 1202 1059 instan-

79 1081 127 1141 tia
149 1078 351 1162 praeceperit
379 1077 585 1160 consignari,
614 1097 674 1158 per
702 1076 869 1159 epistolam
903 1099 1002 1138 manu
1029 1101 1086 1141 sua
1125 1081 1199 1142 sub-

23 1163 25 1168 ’
80 1162 233 1244 scriptam
256 1163 396 1222 eundem
417 1161 560 1222 saionem
589 1159 680 1218 iuxta
710 1159 841 1218 modum
868 1160 1030 1222 subterius
1053 1184 1201 1246 compre-

80 1245 221 1306 hensum
242 1243 405 1309 informet.
446 1244 489 1304 Et
514 1243 540 1304 si
571 1244 654 1304 forte
681 1242 838 1322 possessio
868 1251 933 1322 est,
970 1243 1023 1303 ubi
1046 1247 1201 1330 repositio

81 1327 221 1390 alicuius
256 1324 451 1388 substantiae
485 1325 546 1402 sit,
576 1347 617 1385 ne
647 1345 706 1406 per
731 1324 904 1386 rationales
934 1327 1096 1389 excusatio
1128 1329 1201 1407 fiat,

83 1412 206 1472 annulo
228 1409 345 1471 iudicis
367 1418 422 1469 aut
438 1407 554 1470 saionis
575 1408 631 1488 qui
647 1407 761 1468 'locum
775 1408 953 1490 consignat,
976 1411 1087 1470 ecdem
1110 1412 1201 1491 ostia,

81 1494 141 1554 ubi
162 1514 213 1553 res
240 1499 288 1552 est
311 1492 462 1574 reposita,
484 1490 639 1573 perillus
661 1498 734 1549 octo
759 1489 827 1552 dies
849 1500 1000 1551 maneant
1021 1493 1197 1577 obsignata.
1254 1515 1281 1570 '.

81 1578 125 1640 Et
145 1576 201 1636 ille
224 1574 282 1656 qui
303 1573 447 1656 accepit,
481 1582 553 1634 octo
576 1581 702 1633 tantum
725 1571 838 1634 diebus
859 1573 1039 1656 possideat,
1062 1587 1094 1637 et
1116 1575 1200 1637 nihil

83 1658 203 1722 exinde
226 1658 422 1738 expendere,
444 1665 676 1732 antevertere,
699 1654 753 1715 vel
775 1657 917 1717 alienare
933 1668 1125 1738 praesumat,
1144 1659 1203 1720 sed

83 1744 118 1803 in
148 1761 186 1802 eo
216 1749 340 1799 tautum
367 1741 442 1800 loco
472 1738 635 1821 quidquid
660 1736 799 1798 voluerit
825 1748 880 1800 aut
908 1740 1051 1820 potuerit
1083 1742 1200 1804 laboris

66 1831 243 1888 *exerceat
285 1823 363 1884 Post
387 1832 460 1884 octo
483 1830 589 1881 autem
611 1820 679 1882 dies
706 1837 776 1879 rem¹
798 1821 1019 1882 intemeratam
1050 1825 1201 1904 dimittat,

82 1908 123 1968 ab
146 1925 304 1987 ecquem
333 1906 550 1990 possidentem
579 1903 750 1966 invenerat
777 1902 1000 1965 indubitanter
1024 1907 1204 1991 apprehen·

84 1989 235 2067 deudam,
257 1996 291 2048 et
317 1988 441 2048 nullam
469 2009 509 2048 ex
535 1985 600 2048 hoc
621 1986 678 2047 ille
702 1984 760 2066 qui
788 1997 860 2048 octo
893 1987 1007 2049 diebus
1042 1990 1201 2074 possedit,

83 2070 301 2154 calumpniam
322 2071 543 2155 pertimescat:
568 2070 610 2129 ita
631 2077 736 2130 tamen
764 2078 800 2127 ut
822 2070 849 2132 si
876 2070 928 2131 vel
951 2070 1031 2153 ipse,
1054 2073 1105 2133 vel
1128 2095 1200 2154 pars

83 2155 153 2218 eius
175 2164 230 2214 aut
244 2153 413 2237 posteritas
435 2153 521 2213 infra
540 2149 648 2214 XXX.
668 2172 768 2212 annos
785 2173 801 2212 a
819 2151 871 2214 die
892 2151 1066 2236 interrupti
1081 2165 1204 2240 tempo·

82 2238 140 2315 ris,
161 2258 230 2298 rem
245 2257 341 2317 quam
356 2235 417 2298 sibi
438 2235 620 2318 consignari
641 2245 840 2317 poposcerat,
862 2235 911 2296 sui
933 2234 1011 2296 iuris
1039 2259 1106 2299 esse
1128 2261 1204 2303 con·
1235 2299 1237 2312 ,

82 2320 203 2386 vincat.
245 2319 324 2380 Nam
346 2319 371 2380 si
398 2317 550 2381 convinci
578 2318 690 2379 eadem
716 2316 800 2378 actio
831 2318 939 2380 taliter
960 2339 1025 2378 non
1048 2321 1202 2402 potuerit,

83 2403 142 2464 ille
164 2401 300 2484 quidem
321 2399 378 2483 qui
400 2410 563 2484 superstes
578 2409 636 2476 est,
659 2399 767 2481 utqui
791 2399 972 2461 dominium
996 2401 1140 2464 alienum
1156 2403 1211 2462 in-

84 2484 264 2568 quietavit,
287 2485 337 2545 rei
359 2485 490 2546 domino
512 2482 603 2546 velut
624 2481 761 2543 iniustus
782 2484 954 2546 satisfaciat
978 2485 1118 2568 petitori
1149 2496 1205 2548 aut

84 2569 111 2630 si
134 2567 267 2649 aliquod
292 2566 483 2649 expenderit
500 2575 554 2626 ant
575 2565 741 2640 everterit,
766 2565 799 2625 in
823 2569 1041 2650 quadruplum
1063 2569 1202 2630 reddere

87 2649 312 2730 compellatur.
356 2649 443 2712 Parti
472 2669 551 2711 vero
580 2649 649 2710 eius
671 2657 726 2707 aut
752 2649 933 2730 posteritati
957 2651 1048 2711 nulla
1071 2673 1112 2712 cx
1141 2650 1204 2713 hoc

87 2729 225 2792 ulterius
247 2731 431 2812 calumpnia
452 2739 639 2795 moveatur:
670 2730 727 2790 illa
748 2731 990 2794 evidentissime
1012 2733 1203 2795 conditione

87 2822 203 2892 taxata,
224 2823 259 2872 ut
280 2814 308 2874 si
333 2834 392 2897 per
411 2813 553 2878 diversas
574 2834 643 2890 res,
673 2819 729 2874 aut
750 2813 783 2873 in
805 2815 939 2878 diversis
961 2816 1040 2877 locis
1063 2815 1143 2886 haec
1161 2817 1201 2878 de

86 2917 151 2978 qua
173 2895 278 2978 agitur
298 2895 399 2958 fuerit
416 2897 558 2980 dispersa
578 2897 724 2971 facultas,
748 2904 840 2959 etex
862 2899 1011 2959 omnibus
1034 2897 1096 2978 his,
1118 2909 1202 2980 quae

86 2979 127 3039 ad
151 2979 286 3038 eandem
315 2979 482 3061 pertinent
514 2977 772 3061 repetitionem,
805 3001 1071 3063 unumquemque
1102 2983 1205 3042 fuerit

86 3061 265 3124 secundum
286 3060 368 3144 legis
391 3062 569 3144 praesentis
591 3062 756 3123 decretum
779 3085 796 3122 a
817 3063 960 3125 iussione
982 3063 1100 3126 iudicis
1123 3083 1204 3126 con-

86 3143 268 3227 signatum,
300 3165 360 3228 pro
384 3143 558 3207 traditione
580 3151 729 3208 tencatur
754 3147 899 3208 omnium
920 3157 1039 3208 rerum

316 3312 496 3400 Exemplar
519 3313 684 3400 Epistolac
712 3313 967 3398 Insormationis.

168 3455 233 3520 lllc
254 3455 354 3518 iudex
369 3453 472 3514 saioni
493 3451 564 3519 illo.
602 3453 817 3515 Informamus
833 3463 866 3516 te
875 3498 887 3527 ,
910 3465 947 3518 ut
967 3455 1076 3517 locum
1096 3453 1202 3531 illum,

86 3559 183 3620 quem
204 3537 261 3601 ille
289 3537 425 3626 repetit,
448 3544 481 3598 et
508 3535 650 3597 nuncin
679 3537 823 3598 dominio
845 3537 934 3598 illius
961 3559 1027 3600 esse
1053 3537 1202 3613 videtur,

86 3620 176 3683 iuxta
201 3622 279 3704 legis
300 3619 465 3697 ordinem,
494 3640 600 3682 coram
624 3618 748 3680 duobus
777 3629 833 3680 aut
853 3621 955 3682 tribus
978 3621 1129 3704 ingenuis
1154 3621 1204 3681 illi

87 3704 276 3788 consignes,
307 3711 380 3764 octo
409 3710 533 3762 tantum
563 3701 676 3764 diebus
696 3701 942 3784 possidendum:
968 3703 1011 3764 ita
1041 3711 1078 3762 ut
1095 3704 1121 3765 si
1144 3704 1205 3763 ali-

85 3787 167 3869 quid
202 3787 245 3846 ihi
267 3783 474 3869 repositionis
494 3783 667 3863 habeatur,
695 3793 728 3846 et
760 3787 883 3846 annulo
911 3785 1035 3847 domini
1056 3788 1106 3848 sui
1136 3809 1203 3847 nou

87 3880 136 3930 est
161 3869 340 3952 signatum,
384 3877 516 3951 propter
547 3868 1028 3930 auferendam'excusationem
1062 3871 1206 3931 rationa-

87 3950 187 4030 lium,
209 3973 269 4035 per
290 3951 364 4012 illos
384 3959 462 4025 octo
480 3950 549 4011 dies
570 3951 697 4028 annulo
713 3961 769 4012 tuo
791 3963 917 4014 maneat
933 3951 1145 4037 obsignatum.
1174 3953 1203 4014 A

87 4041 219 4100 levero
250 4034 335 4096 nihil
361 4034 480 4097 exinde
506 4032 710 4117 aliquatenus
736 4035 910 4105 auferatur.
