2632 4822
336 251 557 348 narramur
593 285 719 340 trouu
754 287 888 346 nram.
1108 266 1183 342 793

71 434 153 512 sibi,
186 440 219 496 et
244 430 324 496 duas
345 438 452 515 partes
474 425 569 489 tollat
591 424 660 509 ipse
689 423 848 490 Sculdais.
889 425 931 486 Et
948 425 1081 512 insuper
1101 449 1181 514 pro-

71 516 249 602 speximus,
281 523 318 575 ut
343 511 579 595 unusquisque
592 508 691 570 iudex
713 519 745 570 et
769 509 917 570 Sculdais
939 510 1064 572 mittere
1085 513 1182 573 faciat

69 621 262 684 preconem,
297 605 334 657 ut
364 597 562 679 quicumque
588 591 656 674 ipsa
683 611 744 652 nec
767 593 905 652 dicenda
924 613 1021 674 opera
1047 595 1181 676 egerint,

58 683 136 745 -sire
151 680 312 743 masculus
329 680 394 746 sire
410 678 563 753 foemina,
581 675 697 736 amodo
715 697 782 735 non
799 675 931 754 faciant,
953 685 1008 735 aut
1024 676 1050 736 si
1067 676 1181 738 amodo

69 765 224 843 fecerint,
247 784 313 823 uon
333 763 450 825 vadant
465 759 606 821 venales.
648 759 728 818 Nam
747 769 820 842 post
836 757 942 840 ipsum
961 779 1138 841 preconem
1155 758 1182 820 si

58 849 104 908 'in
122 847 240 909 talibus
262 846 413 929 operibus
429 843 522 903 malis
540 840 663 902 inventi
683 842 822 916 suerint,
844 863 968 924 poenae
987 841 1182 904 subiaceant.

67 933 111 992 Et
127 922 170 990 ita
188 929 358 1004 volumus,
379 935 415 988 ut
435 925 657 1008 uuusquisque
676 924 840 1000 Sculdais,
863 934 917 984 aut
938 925 1121 1002 Saltarius,
1134 933 1183 984 at-

69 1035 132 1096 que
150 1013 299 1073 Decanus
321 1011 425 1071 iurare
442 1009 556 1072 debeat
573 1006 674 1067 iudici
692 1028 751 1068 suo
770 1007 811 1068 ad
828 1017 937 1068 sancta
958 1008 1020 1068 Dei
1034 1010 1184 1090 Evange-

68 1097 131 1173 lia,
159 1095 250 1177 quod
275 1095 309 1154 iu
336 1094 395 1155 ista
419 1113 528 1154 caussa
553 1090 681 1152 nullum
709 1090 898 1173 'neglectum
921 1099 1055 1174 ponant.
1098 1090 1184 1170 Quia

67 1179 190 1240 iustum
210 1187 274 1254 est,
294 1185 330 1236 ut
352 1177 438 1256 dum
451 1175 484 1235 in
507 1183 614 1234 nostra
636 1193 746 1233 caussa
768 1174 952 1257 neglectum
972 1194 1093 1256 ponere
1116 1195 1183 1234 non

68 1267 287 1346 praesumant,
310 1280 372 1320 nec
395 1259 487 1319 nohis
509 1257 613 1318 celare
632 1277 697 1332 eos,
720 1256 777 1337 qui
800 1264 991 1401 oontrqtos
1012 1266 1112 1340 agunt
1129 1265 1184 1316 aut

72 1345 303 1421 consiliantur,
326 1352 446 1424 quanto
474 1340 575 1424 magis
591 1360 657 1399 uon
679 1339 797 1401 debent
813 1341 927 1418 neglec
943 1362 998 1400 um
1012 1339 1047 1399 in
1073 1362 1185 1402 caussa

69 1426 132 1488 Dei
156 1447 296 1508 ponere,
318 1447 401 1507 quae
425 1424 563 1506 amplius
584 1421 686 1484 estad
703 1422 942 1504 inquirendum.
1006 1421 1052 1486 ll.
1069 1425 1118 1486 38.
1133 1445 1162 1484 2.

138 1506 321 1570 LXXXV.
362 1509 517 1587 (XXXII.)
559 1505 593 1565 Si
612 1505 685 1586 quis
707 1506 865 1567 caballum
880 1507 1023 1568 alienum
1038 1505 1073 1566 in
1090 1527 1185 1567 suum

70 1591 224 1655 damnum
249 1590 426 1665 invenerit,
449 1597 481 1650 et
500 1589 590 1649 iuxta
606 1589 748 1659 anterius
768 1589 920 1651 Edictum
938 1590 979 1650 ad
1004 1590 1184 1651 clausuram

68 1674 255 1750 minaverit,
280 1674 417 1734 atillam
436 1671 595 1733 rationem
606 1672 737 1750 fecerit,
760 1695 856 1755 quam
873 1672 1016 1734 anterius
1032 1673 1185 1734 Edictum

68 1759 233 1833 continet,
255 1756 302 1817 sic
321 1756 440 1818 exinde
463 1755 617 1836 procedat
639 1753 813 1833 iudicium,
835 1756 919 1817 sicut
938 1756 1184 1839 gloriosissimus

67 1841 138 1901 Rex
154 1838 303 1900 Rot'haris
317 1837 475 1900 instituit.
516 1840 597 1899 Nam
616 1836 642 1898 si
664 1837 787 1922 inipso
813 1839 937 1900 caballo
963 1839 1101 1922 amplius
1122 1837 1185 1898 ali-

69 1921 148 2003 quid
165 1923 272 1982 facere
289 1919 534 2004 praesumserit,
567 1942 664 2003 quam
687 1921 891 1983 in'anteriori
909 1922 1026 1983 Edicto
1054 1921 1184 2004 legitur,

68 2005 95 2067 si
113 2003 180 2088 ipse
204 2004 347 2066 caballus
368 2004 450 2064 nihil
472 2004 548 2064 mali
569 2025 680 2086 passus
696 2004 811 2079 fuerit,
848 2014 1019 2088 componat
1035 2026 1093 2087 pro
1115 2003 1185 2064 illi-

69 2086 131 2148 cita
145 2089 402 2169 praesumtione,
425 2087 513 2147 iuxta
532 2086 637 2169 qualis
651 2086 719 2169 ipse
743 2088 886 2149 caballus
905 2087 1018 2163 fuerit,
1042 2087 1185 2162 medium

71 2169 186 2254 pretii,
216 2171 463 2252 quantum'ipse
493 2171 636 2231 caballus
658 2171 851 2254 appretiatus
874 2171 991 2246 fuerit,
1022 2181 1053 2231 et
1078 2171 1185 2252 ipsum

72 2252 233 2312 caballum
253 2253 397 2314 restituat
418 2275 531 2314 sanum
551 2252 692 2313 Domino
718 2255 796 2330 eius.
837 2255 918 2315 Nam
936 2253 966 2313 vsi
988 2255 1054 2336 ipse
1077 2252 1186 2313 cabal—
1288 2328 1292 2334 ι

73 2337 124 2396 lus
146 2345 290 2396 mortuus
311 2335 426 2412 fuerit,
448 2345 502 2395 aut
523 2336 711 2415 laesussit,
742 2346 913 2418 componat
934 2336 1017 2398 sicut
1038 2337 1071 2396 in
1092 2345 1185 2396 ante-

71 2418 156 2478 riore
178 2418 295 2479 Edicto
327 2417 464 2500 legitur,
495 2427 527 2480 et
556 2419 690 2501 insuper
716 2442 775 2503 pro
801 2420 918 2482 illicita
946 2419 1195 2504 praesumtione

45 2510 247 2581 -componat
268 2505 428 2583 utsupra.
490 2501 516 2562 l.
539 2503 590 2566 23.
609 2501 639 2562 6.
715 2506 720 2522 ‘

140 2599 220 2636 ronst.
255 2585 334 2636 Petne
347 2591 376 2636 te
393 2583 514 2654 appellat
530 2585 680 2646 Martinus,
706 2583 780 2654 quod
806 2591 838 2637 tu
855 2584 986 2639 invenisti
1003 2603 1086 2638 ιιιιιιιιι
1105 2587 1185 2638 su'um

71 2652 211 2707 caballum
228 2652 258 2704 in
275 2661 326 2707 tuo
344 2653 462 2718 damno,
483 2662 510 2706 et
528 2655 637 2707 minasti
655 2655 690 2706 ad
707 2656 876 2718 clausuram,
908 2665 936 2708 et
952 2655 1074 2708 habuisti
1091 2656 1186 2722 negle-

69 2723 190 2792 gentiam
208 2741 272 2776 eum
290 2725 391 2776 ducere
409 2724 444 2777 ad
462 2724 606 2788 iudicem,
633 2725 679 2778 vel
705 2726 740 2776 ad
758 2733 931 2778 conventum.
969 2727 1011 2778 De
1038 2735 1119 2779 torto.
1156 2724 1184 2776 Si

70 2793 201 2846 dixeritz·
221 2810 288 2846 ecce
312 2795 454 2847 caballus:
486 2795 548 2847 dic:
578 2796 658 2846 Petre
677 2804 706 2847 tc
732 2797 852 2866 appellat
869 2795 1022 2854 Martinus,
1053 2796 1128 2869 qnod
1152 2805 1185 2848 tu

70 2863 159 2916 fecisti
193 2863 270 2916 uin«
301 2865 391 2935 ipsum
420 2864 558 2918 caballum
582 2867 732 2938 plusquam
763 2865 793 2918 in
822 2873 902 2919 tuum
929 2866 1075 2939 proprium.
1113 2867 1184 2919 Non.

69 2934 219 3004 approbet.
254 2937 325 2998 Aut,
351 2951 380 2988 se
397 2934 518 2988 idoneet.

151 3037 329 3100 LXXXVI.
372 3037 549 3117 (XXXlll.)
590 3037 625 3100 si
647 3037 721 3120 quis
744 3057 817 3098 cum
839 3061 942 3117 servo,
965 3047 1020 3120 aut
1041 3037 1183 3116 aldione,

69 3116 122 3198 vel
145 3139 219 3178 eum
240 3119 424 3214 pertinente
446 3120 572 3197 alieno,
607 3121 646 3182 dc
674 3121 902 3204 qualicumque
924 3143 959 3182 re
984 3120 1184 3197 convenerit,

18 3199 24 3212 “
70 3200 140 3262 sin'e
164 3198 277 3260 notitra
300 3203 423 3263 domini
446 3203 514 3282 sui,
546 3203 635 3286 quod
657 3204 690 3262 in
712 3204 873 3264 anteriore
894 3203 1011 3264 Edicto
1034 3202 1185 3264 contine·
1242 3226 1245 3231 ·

68 3294 140 3360 tur,
164 3291 196 3343 ct
215 3284 384 3365 probatum
403 3285 520 3362 fuerit,
543 3287 630 3368 quod
649 3308 701 3346 res
726 3287 848 3347 domini
872 3287 921 3347 sui
949 3285 1183 3368 naufra'gasset5

13 3433 14 3440 χ
68 3377 149 3427 tune
169 3365 283 3426 reddat
303 3367 404 3450 ipsam
424 3389 509 3444 rem,
548 3370 609 3451 qui'
636 3390 705 3429 eam
737 3369 892 3452 suscepit,
925 3368 1044 3452 absque
1080 3367 1184 3450 pretio
1273 3369 1276 3376 '

70 3449 202 3509 domino
225 3448 311 3509 eius:
334 3449 377 3510 ita
398 3459 434 3510 ut
455 3451 625 3512 satisfaciat
645 3472 704 3533 per
724 3460 975 3529 sacramentum,
1006 3452 1094 3532 quod
1115 3473 1184 3510 am-

69 3531 154 3613 plius
176 3531 296 3592 exinde
319 3554 385 3592 non
407 3531 551 3597 tulisset:
580 3542 612 3592 et
631 3542 739 3614 postea
763 3534 911 3594 dominus
934 3535 1003 3595 eius
1024 3534 1122 3595 faciat
1143 3534 1183 3596 de

69 3634 160 3674 servo
182 3623 237 3674 aut
258 3614 389 3675 aldione
412 3637 470 3676 suo
493 3616 579 3698 quod
600 3614 650 3674 illi
671 3616 839 3696 placuerit,
884 3616 926 3678 ll.
949 3619 999 3678 52.
1022 3619 1050 3682 5.

137 3713 217 3749 roan.
254 3699 333 3750 Petre
357 3705 387 3750 te
413 3699 535 3770 appellat
561 3699 714 3759 Martinus,
745 3700 820 3768 quod
844 3707 875 3752 tu
900 3701 1061 3770 comparasti
1088 3700 1184 3753 decem

15 3779 18 3784 ·
67 3764 173 3820 modios
193 3767 227 3818 de
246 3765 381 3820 frumento
400 3768 434 3821 de
453 3769 612 3823 Marcoardo
630 3786 679 3820 suo
706 3786 789 3822 servo.
825 3771 867 3822 De
886 3777 974 3842 torto.
1012 3771 1041 3824 Si
1067 3771 1183 3824 dixerit:

66 3837 98 3888 V.
119 3837 211 3896 modia
229 3838 411 3908 comparavit:
444 3839 520 3910 quod
545 3840 607 3908 plus
632 3857 688 3891 non
714 3841 898 3909 comparavit,
924 3841 1012 3905 iuret,
1041 3851 1069 3894 et
1087 3842 1186 3894 reddat

66 3904 173 4026 ipsqui,
217 3908 294 3978 quod
320 3908 413 3962 habet.
463 3911 492 3962 si
519 3910 635 3963 dixerit:
670 3926 720 3976 ego
746 3910 801 3964 feci
832 3927 882 3982 per
908 3919 985 3966 tuam
1017 3912 1184 3966 iussionem:
1274 3935 1278 3946 =

86 3992 114 4027 ro
138 3986 173 4028 et.
775 3993 778 3998 ’

66 3993 84 4046 p
136 4049 216 4099 Petre
241 4054 271 4099 te
296 4048 418 4117 appellat
443 4048 595 4110 Martinus,
632 4047 707 4120 quod
737 4053 769 4101 tu
797 4056 875 4101 tenes
905 4051 956 4103 sibi
983 4052 1057 4104 malo
1088 4052 1184 4104 ordine

66 4133 152 4168 unum
170 4133 249 4169 ιιιιιιιι
266 4116 372 4172 bovem.
408 4121 532 4171 Donatus
556 4126 621 4171 tuus
640 4136 731 4172 servus
758 4117 942 4173 ministerialis
965 4121 1089 4175 vendidit
1115 4122 1182 4174 mihi

64 4185 153 4256 ipsum
182 4186 299 4248 bovem,
325 4205 374 4258 per
399 4188 547 4242 utilitatem
572 4198 638 4242 tuae
663 4205 748 4240 casae.
804 4184 963 4259 Approbet,
996 4203 1045 4250 ant
1069 4193 1181 4268 perdat,
1248 4225 1250 4230 ·

65 4257 217 4314 seeundum
236 4257 376 4330 quosdam.
413 4259 468 4315 Sed
484 4259 556 4314 iuret
575 4260 726 4336 secundum
743 4260 875 4324 ¹valentes.
1145 4283 1147 4288 ·
