2648 4874
271 307 375 364 aucis
393 309 684 366 urrsioornoaun
702 311 768 370 aru.
788 313 826 368 n.
846 313 921 373 rrr.
939 313 991 371 111»
1110 299 1189 378 449

82 449 271 532 ingenuam,
303 449 446 531 ingenuo
467 449 615 510 assertori
635 449 832 532 quaestionis
855 452 939 514 actio
961 457 1187 532 committatur.

78 534 213 593 Servum
233 554 312 594 vero
337 554 397 612 per
419 531 602 592 mandatum
626 534 763 596 subdere
785 537 986 617 quaestioni,
1013 548 1076 600 tam
1099 543 1189 628 inge·
1253 589 1257 602 .

79 637 141 674 nuo
159 637 260 696 quarn
277 635 370 675 servo
387 615 456 674 iure
474 615 683 692 conceditur,
705 615 766 677 hac
785 618 939 680 videlicet
955 623 1186 690 constitutione

77 706 218 758 servata:
254 706 290 756 nt
305 695 332 756 si
351 705 506 757 tormenta
527 697 577 756 vel
600 699 735 780 dampna
752 699 979 764 innocentibus
1000 705 1123 768 fuerint
1145 709 1188 770 ir·

76 788 206 862 rogata,
229 779 271 840 ad
293 798 419 838 omnem
434 779 684 842 satisfactionem
702 782 869 843 mandator
882 783 1000 846 iudicis
1017 789 1189 864 compella·

76 861 300 927 turinstantia.
340 861 407 922 Nec
420 858 628 924 dimittendus
647 872 812 926 esttamen
832 866 856 926 is
872 866 1125 948 quimandatum
1138 895 1189 936 ac·

76 944 181 1026 cepit,
219 943 326 1004 donec
347 952 402 1003 aut
422 945 588 1006 mandator
608 945 648 1008 sit
672 967 778 1008 coram
802 948 907 1013 iudice
930 960 1093 1030 praestus,
1131 965 1188 1016 aut

75 1025 328 1089 satisfactionem
351 1023 524 1108 adimpleat
545 1025 663 1110 legum.
680 1029 746 1090 -Et
766 1038 870 1093 tamen
891 1031 946 1114 qui
966 1035 1188 1114 quaestionem

74 1131 114 1170 ex
136 1110 291 1170 mandato
312 1108 487 1203 agitpturus
508 1119 576 1186 est,
619 1119 693 1174 ante
715 1132 748 1173 se
767 1112 859 1174 velut
879 1115 1002 1196 proprii
1025 1116 1105 1178 iuris
1127 1118 1187 1181 do-

73 1194 200 1272 minus,
222 1212 283 1277 per
301 1191 415 1275 placiti
438 1189 607 1256 vinculum
626 1214 646 1253 a
667 1191 775 1268 iudice
797 1196 924 1258 noverit
945 1196 1165 1282 obligandum.

516 1343 557 1407 V.
598 1362 745 1417 narseus.

112 1455 156 1522 Ut
177 1459 207 1520 si
227 1455 412 1521 dilationem
433 1458 467 1520 in
487 1478 599 1520 caussa
616 1461 756 1542 patitur,
778 1458 834 1541 qui
852 1460 1033 1528 mandatum
1050 1466 1148 1550 feeit,

355 1542 451 1602 liceat
472 1541 503 1604 ei
522 1541 687 1602 immutare
708 1541 900 1604 mandatum.

157 1623 227 1702 Qui
247 1643 387 1684 caussam
406 1621 541 1684 alicuius
560 1643 610 1685 -ex
633 1624 781 1685 mandato
802 1627 998 1710 susceperit,
1028 1641 1065 1695 ut
1086 1655 1184 1719 nego·

70 1702 157 1766 tium
176 1714 349 1789 peragatur
362 1705 495 1772 insistat.
537 1705 634 1782 Quod
650 1706 676 1767 si
694 1704 851 1788 protrahit
863 1716 1006 1793 tempus,
1029 1725 1060 1776 et
1074 1738 1184 1782 caum

72 1810 157 1870 quae
185 1789 319 1849 forsitan
358 1787 495 1850 celerius
522 1788 641 1872 poterit
670 1787 837 1872 expediri,
861 1800 930 1850 ,ant
962 1797 1184 1863 occasionihu,

70 1869 270 1952 superfluis,
294 1881 348 1930 aut
367 1871 571 1932 fraudulenta
592 1869 746 1931 dilatione
769 1872 995 1953 suspenditur,
1017 1881 1186 1944 mandator

71 1963 223 2013 recurrat
241 1955 280 2014 ad
303 1952 459 2014 iudicem:
494 1962 527 2013 et
547 1949 604 2036 qui
624 1953 807 2012 mandatnm
834 1967 1017 2035 acceperat,
1039 1960 1066 2021 si
1089 1965 1184 2025 mali.
1273 2028 1280 2040 ·

69 2036 142 2096 ciae
162 2036 322 2108 alicuius,
345 2043 399 2095 aut
420 2034 602 2116 cupiditatis
620 2036 671 2096 vel
693 2033 910 2116 negligentiae
936 2036 1036 2119 vitio,
1068 2044 1185 2106 adver.

71 2117 157 2178 sario
188 2126 356 2197 praesente
385 2118 436 2180 vel
465 2117 594 2194 indice,
626 2126 807 2199 susceptum
837 2121 1001 2198 negotium
1032 2125 1118 2184 ultra
1144 2128 1184 2188 X.
1281 2121 1284 2127 ¹

70 2201 143 2260 dies
164 2199 284 2282 absque
306 2208 477 2281 praecepto
499 2199 615 2262 iudicis
644 2199 847 2276 dilataverit,
882 2200 907 2261 is
929 2204 985 2286 qui
1010 2206 1184 2280 mandare-

75 2291 144 2358 rat,
182 2292 238 2342 aut
258 2303 318 2363 per
340 2304 373 2344 se
394 2303 593 2366 proponere,
627 2292 682 2345 aut
702 2280 800 2344 alicui
821 2303 918 2365 quem
939 2286 1074 2370 elegerit
1093 2311 1184 2354 suam

75 2362 173 2426 liceat
195 2365 395 2427 committere
416 2365 586 2428 actionem.
1087 2393 1098 2404 ·

506 2513 565 2577 Vl.
606 2532 754 2590 arrium.

69 2629 123 2694 Ne
142 2647 284 2692 caussam
304 2626 455 2710 suscipiat
468 2625 616 2708 foemina
633 2625 917 2710 permundatum
938 2628 1032 2694 liceat
1053 2654 1132 2698 uero
1154 2636 1185 2698 εἰ

248 2785 251 2790 ³
351 2722 384 2768 ut
401 2710 535 2793 propria
557 2721 747 2792 exsequatur
766 2713 899 2792 negotia.

154 2793 291 2856 Femina
303 2813 362 2875 per
379 2793 561 2853 mandatnm
580 2812 720 2852 caussam
735 2809 800 2851 non
821 2793 991 2876 suscipiat,
1012 2796 1067 2857 sed
1088 2817 1184 2860 suum

68 2877 240 2960 proprium
262 2873 427 2957 negotium
454 2875 486 2933 in
510 2872 631 2934 iudicio
650 2894 831 2954 proponere
847 2897 911 2935 non
938 2887 1075 2946 vetetur.
1118 2883 1183 2941 Ma·

70 2961 151 3019 ritus
170 2981 247 3020 sane
270 2979 334 3018 non
353 2959 423 3017 sine
440 2955 588 3016 inundato
604 2977 743 3016 caussam
761 2955 847 3018 dicat
868 2960 995 3035 uxoris,
1018 2972 1073 3022 ant
1093 2975 1181 3025 certe

71 3052 145 3101 ante
169 3040 329 3117 iudicem,
351 3061 410 3101 seu
428 3039 508 3099 alios
531 3059 612 3119 quos
629 3037 727 3098 iudex
744 3038 893 3122 elegerit,
924 3061 957 3102 se
982 3042 1036 3102 tali
1059 3045 1181 3128 obliget

69 3123 205 3184 vinculo
219 3121 394 3199 cautionis,
416 3121 505 3203 quod
519 3141 601 3183 uxor
619 3120 784 3201 negotium
801 3122 868 3182 cius
886 3143 948 3181 non
965 3127 1126 3191 revolvat:
1149 3137 1182 3190 et

69 3205 96 3265 si
112 3205 308 3282 revolverit,
332 3205 505 3286 dampnum
522 3203 609 3284 quod
627 3202 733 3264 cautio
753 3202 958 3284 demonstrat,
982 3209 1111 3271 maritus
1126 3232 1181 3272 cx·

67 3287 187 3369 cipiet,
210 3289 267 3369 qui
288 3284 358 3348 sine
374 3286 523 3347 mandato
541 3305 681 3346 caussam
698 3283 806 3345 dicere
825 3290 1036 3369 praesumpsit
1058 3294 1178 3355 uxoris.

57 3371 168 3448 'Quod
187 3371 214 3432 si
244 3369 375 3430 maritus
393 3389 533 3429 caussam
550 3389 646 3448 quam
666 3365 735 3427 sine
760 3368 909 3428 mandato
931 3372 1076 3454 coniugis
1101 3396 1176 3436 suae

65 3452 339 3534 prosequebatur,
372 3450 531 3527 amiserit,
563 3469 644 3511 uxor
669 3450 798 3509 nullum
823 3452 1058 3532 praeiudicium
1080 3456 1178 3539 perti.

66 3543 205 3598 inescat:
235 3535 292 3596 sed
316 3542 371 3593 ant
393 3555 453 3614 per
473 3553 506 3593 se
529 3531 693 3614 negotium
713 3542 943 3614 prosequatur,
977 3548 1032 3597 aut
1048 3539 1100 3599 eui
1122 3562 1177 3600 vo-

65 3617 186 3694 luerit,
221 3637 259 3676 ea
289 3635 372 3712 guae
402 3614 463 3696 ipsi
493 3622 682 3696 competunt
708 3616 931 3696 prosequenda
963 3622 1175 3688 commendet.

65 3699 116 3760 lta
134 3708 171 3758 ut
191 3699 217 3758 si
238 3709 352 3759 marito
366 3717 424 3779 per
438 3696 593 3758 iudicium
616 3697 696 3758 iuste
719 3707 885 3778 superato,
909 3699 1016 3760 denno
1034 3702 1075 3763 ad
1088 3725 1177 3782 caus·

64 3804 131 3843 sam
151 3781 322 3843 dicendam
345 3779 559 3841 adversarium
578 3779 688 3857 illum,
711 3779 767 3862 qui
789 3779 892 3839 victor
913 3781 1078 3863 extiterat,
1102 3808 1174 3867 pars

65 3863 214 3926 mulieris
232 3863 407 3924 crediderit
429 3860 694 3939 conversandum,
717 3869 811 3942 atque
834 3861 867 3920 in
891 3861 1011 3924 iudicio
1029 3869 1174 3928 secundo

63 3946 218 4030 patuerit,
244 3947 382 4006 eundem
403 3944 472 4005 eius
493 3942 641 4003 maritum
663 3964 727 4003 non
751 3942 895 4004 indebite
913 3942 1036 4007 vietum
1057 3947 1171 4010 fuisse:

65 4028 193 4090 nouerit
225 4027 337 4088 eadem
362 4027 482 4088 mulier
503 4045 568 4087 non
601 4025 703 4087 solum
734 4047 768 4087 se
789 4025 908 4102 iudici,
948 4030 1004 4108 qui
1030 4051 1174 4091 caussam

63 4112 152 4192 prius
174 4110 385 4186 examinavit,
417 4109 472 4170 scd
498 4117 529 4170 et
555 4108 606 4168 illi
630 4107 825 4186 caussidico,
856 4131 953 4189 quern
971 4111 1109 4170 iteratim
1132 4112 1173 4172 ad

64 4193 225 4256 iudicium
238 4193 411 4278 compulit,
433 4191 521 4252 iuxta
541 4191 621 4273 legis
632 4191 829 4280 septentiam
847 4211 914 4252 esse
931 4193 1172 4253 satisfacturam.
1249 4272 1252 4278 Ι

924 4304 972 4378 29
