2648 4874
269 285 373 342 men
392 283 684 344 wrsrcurnonen
711 284 782 345 aas.
798 283 841 344 rt
853 283 933 344 mn
950 284 987 345 v.
1106 264 1183 345 ⁴57

77 426 182 490 decim
216 424 303 511 vitae
333 447 409 492 snae
441 433 544 489 anuos
580 426 808 510 impleverint,
848 427 891 491 sit
916 427 985 496 iilis
1012 427 1048 494 in
1078 426 1184 496 causis

75 507 223 572 omnibus
243 509 434 574 testificandi
455 509 633 572 indubitate
657 512 800 574 licentia.

193 692 196 711 ,
300 649 378 716 Xil.
399 669 538 726 sarrana
560 670 788 726 russurrsons
808 671 958 716 novasse·
1038 725 1042 736 ι

77 765 122 830 Ut
144 779 259 830 cantra
281 779 452 829 extraneos
474 767 640 853 parentela
674 779 705 828 et
724 769 947 856 propinquitas
973 767 1188 846 testimouium¹

443 874 447 888 ¹
497 851 621 912 minime
643 850 760 917 dicant.

155 929 305 1009 Fratres,
333 950 478 1011 sorores,
506 931 646 1011 uterini,
674 932 801 1015 patrui,
834 931 967 1012 amitae,
1007 931 1183 1009 avuncuii,

73 1022 282 1090 materterae,
318 1013 387 1074 sive
416 1035 529 1076 eorum
557 1013 633 1074 filii:
671 1017 748 1078 item
769 1033 887 1101 nepos,
924 1016 1049 1100 neptis,
1071 1035 1183 1076 conso·

72 1095 183 1174 baini,
217 1096 271 1158 vel
300 1095 440 1174 amitini,
470 1095 503 1156 in
535 1097 692 1160 iudicium
719 1099 871 1161 adversus
899 1106 1070 1160 extraneos
1094 1096 1183 1159 testi·

73 1179 222 1240 monium
256 1177 365 1240 dicere
400 1201 465 1240 non
503 1179 728 1241 admittunturs
770 1180 833 1243 nisi
872 1180 1003 1243 forsitan
1035 1188 1184 1262 parentes

75 1261 222 1322 eiusdem
245 1261 445 1344 cognationis
476 1262 564 1325 iuter
581 1283 614 1324 se
637 1264 727 1325 litem
746 1263 939 1339 habuerint,
967 1272 1023 1324 eut
1041 1263 1074 1322 iu
1092 1283 1185 1323 caus-

74 1343 266 1488 ”rdetqm
291 1346 398 1428 agitur
424 1345 521 1407 aliam
550 1347 682 1410 omnino
710 1346 943 1436 ingenuitatem
973 1346 1084 1410 deesse
1107 1364 1184 1406 con·

73 1437 116 1488 atr
133 1447 206 1488 err.

76 1576 169 1650 Tlr.
194 1576 242 1650 V.
278 1577 337 1650 De
368 1579 557 1672 scripturis
589 1581 753 1655 valituris
787 1592 824 1652 et
863 1579 1109 1672 infirmandis,
1144 1603 1187 1652 ec

213 1673 469 1750 defunctorum
501 1680 747 1754 voluntatibus
760 1680 1055 1774 conscribendis,

368 1840 618 1912 I.rov1r.rnn.
640 1865 701 1912 rus.
723 1865 810 1906 cans.
831 1863 900 1906 aar.

326 1957 442 2044 Quales
462 1959 596 2022 debeant
625 1961 799 2044 scripturae
820 1958 943 2024 valere.

87 2047 93 2058 '
160 2041 346 2126 Scripturas
377 2064 461 2126 quae
494 2043 580 2104 diem
609 2054 641 2104 et
668 2063 789 2103 annum
817 2039 992 2103 habuerint
1018 2036 1189 2102 evidenter

78 2146 285 2208 expressum,
306 2134 403 2208 etque
426 2125 605 2187 secundnm
628 2125 708 2207 legis
729 2124 877 2186 ordinem
900 2121 1102 2204 conscriptae
1117 2143 1191 2184 noas

79 2217 217 2286 cuntur,
250 2229 309 2270 seu
329 2207 506 2269 conditoris
534 2208 587 2270 vel
616 2207 747 2270 testium
768 2207 867 2289 signis
886 2205 1011 2266 fuerint
1038 2212 1094 2262 eut
1113 2203 1190 2265 snb·

79 2289 309 2372 scriptionibus
331 2290 518 2369 roboratae,
550 2292 638 2360 omni
671 2289 852 2353 habeantur
881 2287 1009 2351 stabiles
1032 2286 1190 2347 firmitate.
1283 2287 1285 2294 '

79 2371 187 2434 Simili
209 2393 340 2456 quoque
366 2383 398 2434 et
427 2373 502 2434 iliae
531 2374 707 2458 scripturae
730 2372 840 2436 valore
869 2370 1083 2447 constabunt,
1111 2389 1190 2452 quas

79 2454 141 2516 etsi
171 2466 284 2516 auctor
310 2454 510 2530 subscribere
550 2455 752 2538 aegritudine
781 2453 955 2516 obsistente
984 2473 1049 2514 nou
1071 2451 1192 2528 vetuit,

79 2538 187 2600 ineis
212 2547 317 2600 tamen
340 2539 398 2621 qni
428 2535 659 2622 subscriptores
689 2536 881 2600 accederent
906 2534 1098 2619 postularite
1127 2533 1191 2596 sic-

79 2642 147 2700 que
178 2619 448 2704 subscriptionem
480 2622 530 2681 vel
564 2621 693 2703 signum
723 2620 767 2682 ed.
786 2620 890 2682 ricem
917 2617 1008 2680 illins
1033 2617 1190 2693 auctoris,

80 2703 140 2763 ilie
164 2702 223 2784 qni
244 2714 292 2764 est
312 2712 440 2786 rogatus
466 2702 670 2785 impresserit.
711 2705 780 2764 Hoc
801 2711 926 2765 tantum
947 2710 996 2764 est
1012 2700 1195 2764 'observan-

81 2785 182 2862 dum,
215 2794 252 2845 ut
276 2786 303 2847 si
331 2786 481 2849 conditor
500 2783 614 2848 talium
642 2785 872 2870 scripturarum
905 2784 945 2846 de
964 2781 1026 2844 hac
1048 2781 1115 2863 ipse
1137 2803 1195 2842 ue·

83 2866 251 2949 gritudine
273 2889 337 2950 qua
363 2868 568 2930 detinebatur
587 2868 782 2947 revaluerit,
819 2868 846 2929 si
878 2867 940 2928 hoc
970 2865 1075 2948 ipsum
1104 2863 1195 2948 qnod

84 2951 119 3012 in
145 2949 333 3012 huiusmodi
357 2950 523 3034 scripturis
555 2959 687 3013 testatus
713 2960 761 3014 est
790 2947 916 3010 firmum
937 2968 1004 3009 csse
1035 2945 1195 3023 voluerit,

85 3053 184 3094 mann
216 3054 273 3096 suu
298 3034 381 3095 iliud
404 3033 498 3093 sulita
520 3031 754 3116 subscriptione
785 3033 989 3109 corroboret,
1011 3037 1044 3090 et
1063 3027 1109 3092 sic
1127 3029 1197 3111 ple·

86 3136 178 3192 nem,
200 3117 289 3198 qnod
313 3116 423 3178 testari
444 3115 529 3176 risus
553 3126 620 3196 cst,
641 3117 784 3178 obtineat
805 3111 1005 3196 firmitatem!
1033 3111 1068 3172 Si
1089 3121 1197 3171 autem

88 3199 230 3258 eundem
249 3208 434 3260 testatorem
454 3197 494 3259 de
516 3197 576 3260 hue
598 3200 664 3283 ipsa
684 3199 886 3282 aegritudine
909 3193 991 3256 mori
1011 3191 1196 3275 contigerit,

87 3284 175 3342 testis
204 3283 273 3364 ipse
295 3282 353 3364 qui
383 3280 422 3341 ab
450 3302 488 3342 eo
516 3291 644 3366 rogatus
666 3282 818 3350 accessit,
847 3279 936 3340 iuxta
969 3276 1064 3336 eiiam
1092 3278 1198 3357 legem

87 3361 173 3507 {glire
198 3386 257 3428 sex
286 3385 411 3428 menses
436 3364 628 3450 subscriptas
656 3387 675 3428 e
700 3385 735 3429 se
757 3364 931 3449 scripturas
953 3358 1107 3424 roborare
1138 3379 1197 3422 cu-

146 3446 181 3511 iu
735 3465 743 3494 ·
996 3445 999 3454 “

539 3569 584 3630 11.
605 3584 753 3640 arraona·

97 3665 99 3674 ’
140 3668 191 3730 De
216 3671 321 3753 pactis
352 3683 383 3732 et
407 3671 535 3753 placitis
563 3669 793 3734 conservandis
820 3669 876 3730 ael
899 3664 1146 3732 conscribendis.

171 3753 270 3814 Pacta
290 3754 341 3816 vel
360 3755 476 3836 piacita
497 3774 581 3837 quae
598 3774 658 3838 per
675 3754 864 3837 scripturam
881 3751 1024 3836 legitime
1044 3772 1080 3810 ac
1094 3747 1199 3812 iustis·

89 3833 168 3896 sime
195 3835 279 3897 fectu
309 3846 404 3915 sunt,
435 3834 607 3898 dummodo
634 3837 668 3898 in
696 3836 747 3899 his
774 3836 842 3898 dies
870 3844 901 3896 et
933 3854 1037 3894 annus
1063 3831 1107 3893 sit
1128 3832 1200 3896 evi·

89 3917 206 3979 denter
227 3940 395 4002 expressus
417 3920 605 3982 nullatenus
632 3919 800 3983 immutare
822 3917 1047 4003 permittimus.

91 4064 152 4124 111.
181 4064 231 4129 Ne
255 4066 445 4148 incognitam
467 4067 530 4129 sibi
548 4068 735 4150 scripturam
764 4067 927 4150 quisquam
953 4064 1041 4126 testis
1067 4060 1203 4124 subscri·
1229 4079 1232 4086 ⁴

415 4151 487 4212 bere
508 4149 623 4213 audeat
650 4160 704 4210 aut
719 4147 870 4234 firmare.
1193 4223 1200 4236 .

174 4231 403 4312 Quarumlibet
422 4232 652 4319 scripturarum·
677 4231 794 4296 seriem
822 4230 994 4294 advocatus
1024 4233 1130 4305 testas,
1175 4245 1202 4286 ss
