2648 4874
141 283 217 364 436
371 302 477 362 euers
490 297 868 361 wrsrcornouunrn.
887 303 924 367 n.
943 301 1016 361 rrr.
1034 302 1059 363 r.

142 457 212 514 tutu
240 453 334 526 sunt,
353 443 440 510 'sciat
468 443 529 506 sibi
561 444 647 528 apud
672 441 870 505 audientium
898 441 1060 524 Principis
1089 442 1254 526 appellare

144 529 285 594 iudicem
316 550 384 591 esse
411 527 610 611 permissum.
653 527 702 588 lta
721 537 757 587 ut
777 526 803 588 si
826 527 925 588 iudex
948 527 1001 587 vel
1025 529 1176 588 sacerdos
1200 550 1255 589 re-

141 613 228 700 perti
254 611 378 674 fuerint
402 609 553 693 nequiter
582 609 762 687 iudicasse,
792 617 824 670 et
848 631 900 671 res
938 608 1041 669 ablata
1069 607 1254 692 querelanti

143 696 332 759 restituatur
352 693 393 756 ud
411 693 596 776 integrum,
633 702 666 754 et
689 714 707 752 u
729 691 846 775 quibus
866 692 980 769 aliter,
1011 713 1109 773 quum
1136 695 1255 755 veritas

141 778 273 856 babuit,
300 776 478 839 iudicatum
503 785 568 852 est,
605 775 697 837 aliud
722 782 848 836 tuntum
872 773 1034 836 derebus
1063 775 1204 857 propriis
1225 776 1255 838 ei

142 863 185 925 rit
207 861 413 923 satisfactum.
454 858 488 920 si
510 867 597 920 certe
613 857 765 919 iniustam
790 866 903 918 contra
925 855 1067 917 iudicem
1086 858 1255 938 querelam

142 944 309 1021 intulerit,
343 948 375 1005 et
395 960 536 1003 caussam
563 939 603 1001 dc
628 962 693 1022 qua
719 940 824 1020 agitur
844 939 925 1001 iuste
951 936 1124 999 iudicatam
1155 941 1253 1002 fuisse

142 1025 343 1105 constiterit,
387 1023 561 1107 dampnum
583 1023 671 1104 quod
696 1022 795 1082 iudex
819 1021 926 1083 sortiri
964 1021 1097 1099 debuit,
1133 1024 1255 1104 petitor

141 1109 310 1171 sortiatur:
339 1115 372 1168 ct
393 1107 419 1168 si
440 1127 505 1166 non
528 1102 678 1167 babuerit
697 1104 785 1165 unde
811 1103 1075 1186 compositionem
1098 1105 1253 1184 exsolvat,

142 1193 179 1253 C.
201 1189 337 1272 flagellis
368 1198 520 1251 extensus
547 1187 675 1269 publice
703 1187 737 1245 iu
759 1185 903 1248 eiusdem
931 1185 1048 1248 iudicis
1071 1190 1254 1269 praesentia

141 1273 343 1339 verberetur.
371 1271 462 1332 ,Nam
486 1269 512 1332 si
539 1273 622 1331 sorte
645 1269 813 1352 quisquam
836 1291 895 1351 pro
917 1268 1056 1330 utilitate
1084 1270 1175 1352 regia
1198 1270 1254 1330 ali·

142 1355 225 1438 quid
249 1354 332 1417 scire
353 1376 386 1416 se
407 1353 543 1430 dixerit,
572 1352 676 1416 aditus
699 1353 731 1414 ei
751 1352 791 1414 ad
811 1349 1019 1437 conspectum
1038 1362 1164 1415 nostrae
1182 1353 1252 1436 glo-

140 1440 208 1501 riae
236 1434 347 1521 negari
370 1455 437 1497 nou
465 1432 595 1520 poterit.

443 1611 573 1706 XXIV.
614 1635 677 1684 rus.
700 1636 870 1701 ere.,cnns.
891 1637 961 1686 uer.

387 1763 496 1828 Iudex
525 1763 663 1848 qualiter
688 1762 794 1848 saciat
825 1762 1007 1830 iudicatum.

241 1847 277 1912 si
303 1846 343 1910 de
364 1847 589 1925 facultatibus,
616 1847 668 1909 vel
696 1849 737 1909 de
763 1847 859 1909 rebus
881 1847 1057 1928 maximis,
1075 1858 1131 1911 aut
1159 1849 1253 1912 etiam

139 1933 264 2018 dignis,
311 1931 477 2016 negotium
523 1931 646 2014 agitur,
686 1930 786 1992 iudex
839 1931 1061 2013 praesentibus
1108 1931 1253 2014 utrisque

138 2018 303 2102 partibus,
347 2016 411 2075 duo
445 2013 565 2074 iudicia
603 2012 642 2073 de
674 2035 711 2074 re
746 2012 886 2074 discussa
924 2015 1123 2092 conscribat,
1169 2037 1252 2096 quae

140 2095 239 2162 simili
259 2107 348 2161 textu
370 2106 403 2158 et
424 2094 657 2178 subscriptione
677 2095 825 2156 roborata
847 2095 1043 2180 litigantium
1076 2107 1183 2181 partes
1199 2121 1253 2159 ac·

140 2182 272 2266 cipiunt.
316 2181 412 2242 Certe
442 2180 468 2242 si
492 2180 531 2240 de
550 2178 646 2238 rebus
672 2178 803 2240 modicis
825 2186 909 2239 mota
941 2181 1042 2241 fuerit
1065 2181 1166 2258 actio,
1201 2173 1254 2242 so·¹

139 2265 191 2326 lae
218 2262 442 2342 conditiones,
477 2262 516 2323 ad
548 2281 628 2357 quus
661 2260 806 2339 iuratur,
836 2261 922 2344 apud
958 2283 1031 2325 cum
1057 2264 1114 2344 qui
1147 2263 1252 2325 victor

143 2343 305 2423 extiterit,
342 2365 401 2426 pro
425 2343 539 2406 ordine
560 2342 674 2403 mdicii
700 2342 888 2409 habeantur.
931 2349 979 2407 De
1001 2346 1120 2427 quibus
1145 2355 1249 2405 tamen

139 2424 400 2504 conditionibus,
430 2435 464 2486 et
483 2425 541 2486 ille
560 2425 734 2506 quivictus
755 2435 817 2504 est,
846 2427 884 2486 ab
907 2427 1028 2490 eisdem
1049 2427 1261 2506 testibusroffx
1308 2491 1309 2496 χ

137 2511 286 2572 boratum
301 2509 465 2590 exemplar
477 2506 618 2569 hebebit.
660 2507 800 2584 Quodsi
820 2532 910 2592 pars,
935 2531 1017 2592 quac
1043 2531 1102 2593 pro
1121 2510 1250 2592 negotio

138 2612 337 2676 quocunque
358 2587 584 2671 compellitur,
607 2591 748 2672 professa
770 2590 869 2652 fuerit
886 2593 971 2674 apud
993 2591 1152 2669 iudicem,
1184 2613 1249 2652 non

138 2695 207 2738 esse
238 2672 454 2734 necessarium
485 2693 504 2732 u
532 2671 669 2754 petitore
703 2672 772 2734 dari
798 2674 1040 2756 probationem,
1071 2675 1250 2756 quamlibet

137 2777 256 2841 parvae
271 2755 319 2815 rei
338 2755 381 2817 eit
394 2754 496 2832 actio,
518 2753 788 2816 conscribendum
802 2765 849 2817 est
864 2780 879 2816 a
896 2757 1023 2834 iudice,
1045 2779 1167 2839 suaque
1185 2779 1253 2816 ma-

142 2861 189 2901 nu
215 2837 338 2900 iudicio
363 2837 600 2914 roborandum,
631 2859 672 2897 ne
694 2838 827 2900 fortusse
854 2840 1018 2921 quaelibet
1042 2841 1081 2901 ad
1105 2843 1252 2900 futurum

139 2945 181 2985 ex
211 2920 274 2982 hoc
302 2920 442 2982 intentio
475 2930 649 2984 moveatur.
692 2919 726 2979 Si
752 2941 829 2982 vero
851 2923 1020 2983 ordinante
1051 2923 1158 2984 iudice
1187 2941 1251 2982 una

137 3027 211 3089 pars
241 3009 338 3065 testes
362 3003 551 3082 adduxerit,
585 3012 618 3064 et
634 3003 724 3064 dum
752 3005 932 3085 oportuerit
963 3026 1076 3067 eorum
1111 3005 1251 3066 testimo·

138 3087 231 3148 nium
260 3086 379 3148 debere
407 3083 527 3168 recipi,
557 3107 629 3167 pars
652 3084 753 3146 altera
781 3085 820 3148 dc
854 3085 976 3149 iudicio
1002 3109 1036 3149 se
1059 3088 1179 3169 absquo
1202 3087 1251 3146 iu-

138 3169 221 3232 dicis
250 3169 402 3231 consultu
424 3168 634 3245 subtraxerit,
663 3169 758 3229 liceat
780 3167 880 3231 iudici
897 3170 1043 3251 prolatos
1071 3178 1169 3230 testes
1202 3191 1250 3229 ac·

138 3253 263 3337 cipere;
293 3259 326 3312 et
345 3251 432 3334 quod
460 3249 519 3333 ipsi
544 3250 728 3312 testimonio
752 3272 810 3312 suo
842 3251 1060 3330 firmaverint,
1094 3251 1163 3328 illi,
1192 3251 1249 3332 qui

139 3358 194 3398 eos
219 3333 370 3418 protulit,
400 3354 457 3394 sua
485 3333 634 3394 instantia
658 3332 860 3416 consignare.
901 3334 981 3396 Nam
1008 3335 1059 3413 ei,
1087 3334 1250 3414 quifrau·
1299 3348 1303 3354 ’

138 3418 293 3479 dulenter
322 3437 356 3476 sc
388 3415 580 3477 de‘iudicio
613 3416 762 3492 sustulit,
796 3414 975 3499 producere
1004 3424 1119 3478 testem
1152 3417 1250 3477 alium

139 3501 273 3560 omnino
305 3498 368 3559 erit
393 3497 560 3560 illicitum:
590 3499 648 3580 qui
673 3499 798 3560 scilicet
818 3498 880 3559 hoc
905 3499 1116 3560 sibitantum
1147 3519 1250 3559 nove·

138 3583 181 3643 rit
206 3602 274 3644 esse
296 3598 505 3657 concessum,
528 3589 564 3641 ut
594 3589 767 3664 antequem
788 3588 886 3642 testes
912 3581 978 3658 illi,
1018 3583 1076 3662 qui
1108 3581 1250 3641 testimo·

138 3665 231 3724 nium
252 3663 426 3742 dederant,
454 3662 648 3741 moriantur,
685 3663 712 3724 si
735 3662 886 3724 babuerit
906 3664 995 3744 quod
1016 3663 1252 3724 rationabiliter

20 3803 24 3814 ,
138 3746 173 3806 in
201 3746 246 3808 eis
267 3755 410 3824 accuset,
439 3745 600 3828 patienter
621 3745 770 3807 audiatur
794 3767 812 3806 u
837 3745 955 3807 iudice.
997 3747 1040 3806 Et
1070 3747 1096 3807 si
1119 3769 1251 3807 accusa*

136 3837 190 3889 tus
214 3827 302 3889 testis
327 3827 427 3888 fuerit
451 3826 620 3890 evidenter
640 3830 825 3906 convictus,
854 3828 923 3890 eius
952 3829 1171 3891 testimouium
1192 3849 1250 3911 pro

137 3909 244 3970 nihilo
267 3909 432 3976 habeatur.
475 3908 573 3972 Unde
605 3919 636 3971 et
665 3910 692 3972 si
721 3912 786 3973 duo
805 3919 901 3973 testes
927 3933 992 3971 non
1016 3913 1249 3988 remanserint,

138 3993 195 4075 qui
221 3991 311 4074 digni
337 3992 371 4052 iu
397 3993 511 4054 eodem
527 3994 712 4054 testimonio
734 4004 904 4072 maneant,
934 3994 992 4055 ille
1013 3995 1070 4076 qui
1091 3995 1252 4075 priuatus·

139 4086 205 4136 tem
238 4075 419 4154 obtulerat,
459 4076 544 4136 infra
569 4077 666 4136 trium
687 4077 846 4138 mensium
873 4077 1010 4158 spatium
1032 4087 1129 4149 testes
1153 4077 1249 4152 alios,

138 4158 195 4239 qui
226 4167 376 4240 coeptum
407 4158 573 4243 negotium
610 4159 758 4236 firment,
806 4159 973 4240 inquirere
1009 4181 1075 4220 non
1109 4159 1251 4222 desistet.

137 4240 236 4321 Quod
256 4239 283 4304 si
302 4241 454 4306 inuenire
478 4240 686 4327 nequiverit,
711 4251 782 4305 rem
809 4241 995 4308 universam
1017 4242 1075 4306 ille
1094 4241 1250 4328 recipiat,
