2640 4838
445 273 612 366 rnrcrun
631 264 827 344 nornine
1131 264 1203 350 717

86 417 246 496 ¹muv'erit,
269 425 301 482 et
320 415 466 502 pulsatus
485 415 657 498 poenitens
678 413 945 493 manifestaverit,
960 489 963 493 Δ
979 423 1012 480 s‘c
1033 441 1092 502 per
1112 421 1204 485 furo.

90 524 159 567 rem
182 502 314 572 dixisse;
335 511 415 561 tunc
435 501 588 582 praebeat
610 507 842 560 sacramentum
864 519 938 558 cum
960 499 1133 565 duodecim
1154 529 1206 568 su-

92 569 339 648 eramentalibus
361 582 442 660 suis,
465 583 554 664 qnod
575 603 634 665 per
653 584 795 642 furorem
817 580 921 663 ipsum
944 585 1120 646 nefandum
1141 590 1205 648 eri-

90 691 166 730 men
198 667 349 743 dixisset,
380 671 412 724 et
442 685 509 725 non
542 665 581 726 de
605 675 691 726 certa
713 685 822 725 caussa
844 664 1055 746 cognovisset.
1110 669 1205 732 Tunc

112 773 149 813 ro
171 751 240 834 ipso
261 769 344 810 vano
376 745 480 828 impro
504 745 563 808 erii
592 768 759 823 sermone,
795 747 883 827 quod
912 768 977 806 non
1011 761 1206 815 convenerat

74 775 202 918 loqui,
245 837 417 913 componat
444 771 566 892 solidos
586 831 650 890 XX.
680 829 870 912 etamplius
893 851 958 890 non
980 833 1205 898 calumnietur.

89 918 171 980 Nam
201 915 227 976 si
259 913 526 996 perseveraverit,
562 921 595 972 et
627 912 745 973 dixerit
766 933 798 972 se
821 913 955 994 probare
977 935 1088 996 posse,
1123 929 1204 980 tunc

42 1064 46 1071 ,
90 1021 151 1085 per
172 998 381 1080 Campionem
405 1017 532 1073 caussa,
569 995 603 1055 id
631 1004 678 1056 est
698 1016 758 1077 per
777 1015 936 1078 pugnam,
967 997 1008 1058 ad
1035 999 1097 1060 Dei
1118 1001 1205 1062 iudi-

92 1083 178 1145 cium
202 1081 401 1142 decernatur.
442 1079 484 1139 Et
505 1077 532 1138 si
552 1077 719 1160 probatum
741 1078 854 1155 luerit,
883 1079 973 1158 quod
994 1081 1052 1141 illa
1072 1083 1112 1144 de
1136 1084 1204 1167 ipso

93 1163 228 1226 crimine
250 1162 291 1225 sit
317 1160 508 1243 culpabilis,
539 1169 710 1242 componat
740 1161 825 1222 sicut
845 1160 879 1220 in
901 1161 964 1222 hoc
984 1163 1100 1234 Edicto
1123 1166 1204 1252 legi-

89 1255 154 1318 tur.
188 1245 277 1306 Etsi
301 1244 378 1321 ille,
401 1243 458 1325 qui
479 1243 542 1304 hoc
565 1243 687 1303 crimen
710 1243 826 1320 mittit,
847 1244 981 1326 probare
1004 1269 1070 1308 non
1093 1258 1226 1331 potue-,

90 1329 151 1408 rit,
187 1327 349 1410 widrigild
378 1325 477 1408 ipsius
509 1324 653 1387 mulieris
669 1399 670 1404 ἵ
689 1326 1095 1392 secundum³nativitatem
1115 1353 1205 1395 suam

92 1431 285 1494 componere
309 1408 529 1491 compellatur.
591 1411 618 1468 I.
644 1409 688 1468 16.
712 1432 740 1470 2.
993 1433 994 1440 ¹
1150 1407 1152 1418 '
1238 1427 1240 1438 ’

121 1557 123 1565 .
162 1511 245 1546 roan.
291 1495 370 1546 Petre
394 1499 422 1542 te
446 1493 567 1562 appellat
587 1488 738 1556 Martinus,
767 1492 842 1562 quod
865 1489 987 1546 clamasti
1010 1494 1107 1547 Aldarn
1127 1513 1204 1551 suam

88 1564 286 1618 mundoaldam
320 1561 498 1614 fornicariam.
544 1561 586 1613 De
615 1570 694 1612 torto.
719 1612 720 1615 ,
743 1561 770 1613 si
793 1563 909 1626 dixerit,
942 1564 1017 1634 quod
1040 1565 1140 1619 dixerit
1153 1573 1207 1638 ‘per

6 1685 7 1688 ,
89 1635 224 1698 furorem,
250 1634 338 1696 iuret,
373 1631 446 1684 sient
466 1633 512 1684 lex
537 1632 718 1689 commendat.
763 1632 794 1686 Si
823 1632 936 1684 dixerit:
965 1635 1121 1688 Fornicaria
1145 1647 1203 1690 est:

89 1705 174 1758 faciut
199 1719 317 1774 pugnam
1178 1734 1182 1748 .

159 1776 238 1827 Petre
264 1782 294 1825 tc
320 1770 442 1840 apellat
462 1769 619 1835 Martinus,
664 1769 738 1839 qnod
763 1778 794 1822 tu
809 1771 950 1824 ¹clamasti
971 1772 1079 1840 strigam
1104 1775 1203 1829 Aldam

86 1844 289 1898 mundoaldam.
328 1791 356 1894 ξι
385 1840 502 1904 dixerit,
529 1840 603 1912 quod
624 1839 723 1893 dixerit
739 1857 788 1909 per
812 1840 948 1903 furorem,
977 1851 1009 1895 ut
1030 1845 1077 1896 lex
1098 1847 1204 1914 praeci-

85 1917 128 1988 pit
145 1916 225 1967 iuret.
264 1913 294 1965 Si
313 1903 427 1964 dixerit:
455 1911 544 1976 striga
567 1917 621 1962 est:
645 1910 693 1961 fiat
711 1927 815 1982 pugna3
839 1911 990 1964 secundum
1006 1915 1138 1968 valentes.

169 2009 250 2074 cle.
301 2007 334 2068 Si
356 2016 447 2090 pater
469 2005 570 2066 liliam
598 2027 704 2084 snam,
740 2014 795 2065 aut
816 2007 915 2067 frater
942 2030 1083 2070 sororem
1112 2033 1210 2074 suam.

87 2091 143 2153 alii
165 2092 205 2152 ad
227 2090 375 2150 maritum
398 2089 580 2165 tradiderit,
610 2096 642 2148 et
666 2087 834 2170 contigerit
857 2111 965 2167 casus,
995 2101 1031 2151 ut
1054 2093 1111 2154 ille
1132 2117 1204 2170 ma-

86 2177 167 2238 ritus
189 2175 359 2251 moriatur,
382 2183 414 2233 et
432 2182 523 2255 pater
543 2181 598 2231 aut
616 2171 716 2232 frater
732 2170 901 2231 mundium
917 2172 985 2234 eius
1007 2174 1200 2254 liberaverit,

87 2262 171 2321 sicut
189 2277 282 2340 supra
302 2255 510 2317 constitutum
532 2265 597 2332 est,
620 2263 651 2313 et
669 2253 725 2313 illa
743 2254 838 2313 vidua
856 2254 888 2313 in
908 2256 1002 2316 domo
1023 2259 1121 2340 patris
1145 2269 1202 2320 aut

85 2340 191 2405 fratris
212 2359 353 2421 regressa
378 2339 494 2415 fuerit,
535 2348 567 2398 et
594 2335 671 2397 alias
697 2357 820 2397 sorores
845 2337 879 2396 in
905 2359 975 2398 casa
997 2340 1112 2422 patris,
1145 2351 1201 2403 aut

86 2424 193 2487 fratris
214 2419 390 2493 invenerit,
422 2430 454 2482 et
472 2431 581 2502 postea
604 2429 695 2503 pater
718 2427 773 2478 aut
795 2420 894 2480 frater
916 2432 1060 2484 mortuus
1080 2426 1199 2502 fuerit,

86 2516 120 2570 et
135 2505 192 2566 illa
210 2503 397 2564 remanserit
418 2503 452 2563 in
473 2503 567 2564 donno
580 2524 652 2562 curn
667 2501 737 2562 aliis
754 2503 931 2578 sororibus,
954 2526 1036 2582 una,
1059 2516 1113 2567 aut
1128 2508 1201 2589 plu·

84 2580 194 2665 ribus,¹
212 2595 244 2648 et
260 2586 300 2647 ad
316 2587 503 2647 facultatem
516 2585 615 2668 patris
630 2595 688 2667 xaut
700 2584 806 2644 fratris
823 2585 972 2646 venerint
992 2587 1200 2652 dividendam

86 2695 160 2735 enm
176 2668 247 2731 aliis
266 2669 472 2752 parentibus,
495 2679 549 2728 aut
573 2690 646 2728 cum
663 2668 760 2728 Curte
780 2668 887 2750 Regis5
912 2677 990 2729 tunc
1013 2671 1069 2736 illa
1089 2673 1199 2751 vidua,

85 2753 215 2838 quaein
230 2752 323 2813 domo
338 2752 436 2834 patris
454 2761 508 2812 ant
521 2749 626 2812 fratris
640 2771 781 2832 regressa
798 2761 856 2828 est,
878 2749 993 2814 habeat
1010 2754 1068 2814 sibi
1084 2756 1196 2816 inante

84 2838 297 2919 morgengab,
321 2843 354 2896 et
370 2833 526 2895 methium
545 2837 591 2916 q);
615 2833 653 2893 de
670 2833 804 2893 faderfio
817 2841 933 2913 autem,
956 2835 990 2896 id
1011 2846 1058 2898 est
1073 2839 1112 2899 de
1132 2835 1197 2899 alio

86 2921 195 2997 dono,
218 2927 374 3000 quantum
388 2925 498 3000 pater,
526 2925 580 2976 aut
598 2917 696 2976 frater
716 2916 841 2978 dederit
859 2919 906 2995 ei,
923 2921 1053 2999 quando
1073 2921 1114 2982 ad
1128 2913 1198 2981 ma-

85 3003 183 3063 ritum
202 3000 430 3077 ambulaverit,
464 2999 566 3060 mittat
588 2997 626 3076 in¹
649 3001 818 3060 confusum
835 3021 913 3058 cum
928 3001 999 3062 aliis
1024 3003 1196 3082 sororibus,

87 3094 120 3145 et
137 3083 194 3142 illa
211 3083 274 3142 alia
291 3103 398 3160 soror,
421 3103 500 3159 nna,
523 3089 577 3141 aut
596 3081 721 3163 plures,
745 3081 837 3142 tollat
855 3104 1067 3165 unaquaeque
1081 3083 1114 3144 in
1137 3108 1198 3146 an-

85 3175 138 3226 tea
156 3174 311 3246 quantum
333 3186 391 3245 pro
416 3164 549 3224 mundio
567 3173 658 3246 pater
681 3173 735 3222 aut
753 3165 851 3224 frater
871 3165 1040 3226 liberando
1065 3189 1134 3227 eam
1155 3169 1198 3228 acl

85 3255 235 3330 parentes
249 3247 354 3307 mariti
372 3245 516 3309 defuncti
538 3245 679 3318 dederit;
707 3245 866 3327 reliquam
890 3247 987 3329 patris
1010 3259 1064 3310 aut
1089 3249 1196 3311 fratris

76 3329 291 3392 substantiam
308 3328 484 3410 aequaliter
500 3328 659 3404 dividunt,
690 3328 773 3388 sicut
796 3327 828 3386 in
849 3328 911 3388 hoc
933 3330 1049 3390 Edicto
1069 3333 1196 3416 legitur.

27 3471 31 3476 i
84 3414 126 3475 Et
139 3413 166 3472 si
184 3413 252 3473 sola
273 3411 306 3470 in
326 3432 396 3471 casa
411 3413 618 3488 remanserit,
641 3409 676 3468 in
694 3420 850 3491 quantum
866 3411 895 3470 ei
910 3431 968 3495 per
987 3414 1093 3496 legem
1110 3436 1197 3477 com.

83 3495 302 3578 petit‚'heres
319 3495 480 3554 succedat.
543 3495 585 3556 ll.
612 3495 656 3568 14.
683 3494 728 3556 15.
954 3561 955 3564 Ἴ

153 3594 236 3629 ronu.
272 3579 350 3630 Petre
376 3585 404 3630 te
426 3576 547 3646 appellat
562 3575 695 3628 Martinus
718 3591 798 3641 agens
816 3591 925 3627 causam
946 3595 1021 3628 snam
1038 3587 1066 3631 et
1091 3581 1195 3636 Mariae

85 3664 151 3700 suae
167 3646 300 3710 mulieris,
326 3647 401 3718 qnod
424 3645 534 3716 quando
557 3645 681 3697 Donatus
704 3652 767 3696 tuus
790 3662 866 3697 socer
880 3653 907 3698 et
925 3664 989 3699 suns
1006 3649 1082 3702 dedit
1097 3653 1195 3706 Aldam

83 3725 159 3770 tuam
181 3718 325 3784 coniugem
340 3717 375 3768 ad
391 3717 506 3786 priorem
520 3717 662 3778 meritum,
692 3715 769 3767 dedit
791 3715 815 3766 ei
839 3717 868 3766 C.
893 3716 941 3768 sol.
960 3718 988 3768 in
1006 3719 1193 3791 faderpli'inm3

86 3795 114 3838 et
131 3786 184 3840 fuit
201 3797 324 3839 mortuus
340 3788 398 3856 ipse
415 3787 544 3854 maritus3
577 3795 605 3838 et
624 3785 699 3837 dedit
719 3784 743 3835 ei
767 3785 796 3836 C.
816 3786 865 3836 sol.
884 3787 1025 3841 liberando
1041 3792 1193 3855 mundium,

86 3865 115 3910 et
136 3855 195 3926 ipsa
211 3875 328 3924 regressa
351 3857 403 3909 fuit
424 3856 452 3908 in
473 3872 534 3909 casa
555 3855 646 3925 patris.
682 3855 765 3906 Modo
786 3864 907 3908 mortuus
930 3866 977 3916 est
994 3869 1078 3928 pater.
1115 3863 1193 3926 Vult,

86 3927 163 3995 quod
178 3946 227 3979 sua
247 3927 345 3980 mulier
360 3927 442 3980 tollat
456 3926 485 3978 in
507 3933 588 3978 antea
607 3933 713 3976 tantum
734 3923 768 3976 de
784 3926 972 3978 communibus
991 3927 1086 3992 rebus,
1107 3942 1195 4000 qutu-

85 4002 145 4048 tum
158 4014 207 4067 pro
221 3997 333 4050 mundio
352 3998 448 4050 datum
464 3995 532 4064 fuit,
559 4003 587 4050 et
601 3993 772 4066 faderphium
787 3994 879 4049 mittat
893 3997 922 4051 in
945 4013 1089 4052 commune
1102 4002 1194 4056 sorori.

84 4153 444 4168 m

156 4239 556 4320 q)A1.Codd.menpt7um;
588 4209 742 4310 iaeptiam;
767 4215 864 4314 mts'fio.
923 4219 925 4228 '
1009 4256 1010 4259 κ
