2640 4838
466 263 633 330 n'nrernu
657 265 835 334 nonnanis
1137 263 1219 364 ,ret

85 434 137 488 tra
167 421 253 506 ipsos
288 402 412 477 norem⁸
432 415 531 498 pedes
547 416 637 498 quod
669 427 754 478 esta
774 418 944 497 foculare,
973 418 1139 488 damnum'
1148 423 1215 496 silai

84 509 193 570 faeere
223 509 281 563 aut
303 497 399 558 elteri
429 499 620 581 eontigerit,
655 521 722 561 non
744 502 941 581 requiratur.
984 505 1011 564 Ι.
1039 526 1136 587 ι9.»α,
1197 529 1215 566 ’,;

133 591 237 642 'rnen
274 584 355 636 Petre
373 588 402 633 te
429 584 551 652 appellat
569 583 724 648 Martinus,
754 587 1008 656 quodtuportasti
1027 587 1121 643 tntum
1139 591 1216 649 ultra
1276 629 1279 636 .

85 677 185 727 novem
203 656 289 728 pedes
308 651 344 704 de
363 653 495 714 foculari,
516 663 545 705 et
562 653 595 704 de
615 655 673 724 ipso
692 655 755 708 foco
773 653 827 708 fnit
853 655 968 709 incensa
987 677 1043 710 una
1061 677 1110 711 sna
1129 673 1215 724 tuter,

85 749 159 802 qnae
177 727 290 782 valebat
307 722 355 776 sol.
376 724 410 776 Χ.
465 723 493 774 Si
510 723 627 775 dixerit:
653 743 711 796 non
730 725 854 796 portavi,
889 745 945 779 non
970 728 1057 780 faeiat
1075 744 1214 800 pugnam,

85 803 137 855 sed
160 801 241 851 iuret.
301 792 329 844 Si
364 792 480 866 dixerit:
505 794 628 863 portavi,
666 797 715 848 sed
751 797 886 850 nonfuit
917 799 1031 851 incensa
1056 809 1106 853 tua
1132 795 1237 866 ensal*
1310 806 1314 811 “

84 871 171 926 faciat
196 881 332 948 pugnarn,
352 862 373 914 si
400 863 461 926 vult
488 865 536 932 qni
560 864 689 935 appellat.
783 924 789 930 N
1033 865 1037 882 ¹
1206 886 1215 907 τ

154 942 236 993 Petre
254 946 285 989 te
303 934 425 1003 appellat
442 933 595 998 Martinus,
616 936 691 1004 quod
708 935 767 1004 ipse
785 935 913 1006 deposuit
931 937 984 990 tibi
1000 947 1079 992 tenta
1098 936 1216 992 'suamet

85 1011 172 1072 bilia,
193 1025 265 1079 quae
285 1004 416 1076 palebant
434 1004 482 1057 sol.
504 1006 560 1056 XX.
623 1005 651 1056 Si
675 1007 833 1070 negaverit,
859 1008 908 1060 fiat
929 1027 1033 1078 pugna.
1086 1011 1113 1062 Si
1130 1012 1216 1068 disee

85 1083 137 1144 rit,
164 1081 278 1132 incensa
307 1083 364 1140 est3
396 1085 464 1126 tune
487 1075 546 1144 ipse
573 1075 621 1144 qni
649 1077 787 1146 appellat,
826 1078 917 1130 dieat:
952 1079 1008 1146 Ego
1030 1089 1060 1132 te
1086 1084 1213 1154 appello,

86 1151 164 1224 quod
184 1161 215 1203 tn
242 1146 357 1219 portasti
384 1145 475 1198 focum
502 1147 575 1196 ultra
603 1163 701 1198 novem
728 1147 812 1216 pedes
835 1149 869 1200 de
887 1151 1004 1202 foculari
1030 1159 1099 1215 tuo,
1129 1162 1156 1204 et
1179 1170 1215 1204 ex

85 1221 222 1294 ipsofnco
244 1218 298 1270 suit
321 1216 445 1268 incensa.
482 1215 639 1268 Secundum
667 1219 799 1286 quosdam
823 1217 863 1271 ita
892 1221 930 1273 sit
957 1221 1027 1274 haec
1048 1223 1214 1296 appellatio.

14 1308 18 1315 ’
87 1293 143 1347 Sed
165 1289 317 1345 seeundum
341 1288 467 1340 valentes
487 1294 527 1338 est
548 1287 684 1356 exceptio.
705 1299 733 1340 et
750 1306 787 1340 re.
1084 1296 1086 1300 '
1212 1292 1215 1323 ³

170 1357 352 1424 CXLVIIl,
396 1357 429 1417 Si
458 1358 530 1438 quis
558 1358 667 1417 focum
688 1359 766 1422 foris
788 1357 821 1417 in
846 1357 964 1420 itinere
986 1360 1119 1435 feeerit,
1151 1356 1213 1422 en'l

84 1456 216 1528 tequam
238 1441 440 1525 egrediatur,
469 1440 636 1521 extinguat
658 1463 753 1518 eum,
785 1451 817 1501 et
841 1463 905 1502 non
930 1441 1213 1525 negligenter‘tlli

84 1529 200 1594 mittat.
243 1529 323 1588 Nam
343 1523 368 1584 si
391 1521 565 1605 contigerit
583 1533 654 1604 post
676 1545 839 1604 egressum
861 1525 962 1607 ipsius
982 1526 1092 1588 alieni·
1104 1547 1145 1588 ex
1166 1527 1214 1610 ipa

84 1633 127 1675 so'
141 1611 216 1672 foco
240 1609 394 1669 damnum
416 1617 471 1666 ant
493 1605 670 1681 laesionem
692 1607 778 1685 lieri,
809 1608 877 1688 ipse
905 1607 964 1689 qni
988 1611 1098 1670 focum
1120 1601 1216 1688 fene-'¹2

55 1761 58 1768 .
84 1696 145 1770 rit,
178 1703 210 1754 et
231 1690 437 1772 negligenter
459 1709 533 1749 enm
555 1689 694 1769 dimisit,
716 1690 872 1750 damnum·
890 1693 974 1752 sient
996 1692 1213 1775 appretiatum

83 1777 201 1854 fuerit,
232 1783 404 1856 componat
432 1781 574 1834 tantum:
616 1773 661 1834 sie
684 1784 790 1834 tamen
826 1783 862 1832 ut
885 1785 958 1857 post
984 1777 1136 1836 relictum
1159 1778 1213 1838 le*

10 1920 13 1928 ,
85 1881 162 1922 eum
194 1881 212 1918 a
239 1877 304 1939 qna
344 1855 425 1916 hora
459 1855 650 1937 reliquerit,
695 1879 798 1938 usque
826 1857 874 1918 ad
905 1857 1001 1918 aliam
1029 1855 1127 1920 talem
1155 1859 1213 1920 ho-

85 1965 153 2008 ram
178 1941 244 2002 diei
268 1947 324 2000 aut
354 1937 458 2000 noetis
490 1949 717 2020 computetur,
751 1961 834 2022 quae
861 1951 937 2001 sunt
961 1940 1061 2003 horae
1085 1941 1214 2008 XXth

85 2029 166 2090 Nam
203 2024 230 2086 si
264 2021 438 2104 eontigerit
474 2022 610 2082 transire
642 2022 746 2104 ipsum
778 2025 887 2084 focum
919 2045 1017 2108 super
1045 2025 1212 2106 publicum

83 2099 272 2186 riamstlut
299 2105 423 2183 rivum,
459 2103 486 2166 si
515 2104 666 2165 damnum
692 2106 823 2192 feeerit,
856 2121 927 2168 non'
950 2107 1138 2189 requiratur
1158 2108 1211 2187 ti,

47 2204 49 2209 '
83 2193 143 2276 qui
166 2194 276 2252 focum
300 2187 430 2254 dimisit.
500 2189 526 2252 I.
554 2189 652 2268 19.3.

156 2291 237 2330 roan.
275 2275 355 2326 Petre
379 2280 407 2324 te
433 2270 555 2340 appellat
578 2270 732 2333 Martinus„
760 2271 835 2341 quod
863 2279 895 2323 tu
919 2271 1009 2324 feelati
1031 2271 1124 2325 focum
1147 2271 1213 2326 feris

85 2345 115 2398 in
137 2343 255 2405 itinere,
292 2351 320 2394 et
339 2341 439 2394 ldxasti
457 2358 505 2410 per
527 2341 745 2406 neglegentiam,
772 2351 802 2394 et
818 2359 866 2412 per
885 2341 973 2411 ipsum
994 2343 1086 2396 seeum
1105 2343 1218 2404 luitin-⁴

86 2430 171 2468 censa
197 2423 275 2466 tanta
301 2429 350 2464 sua
372 2412 517 2474 mobilia,
536 2426 607 2481 qnae
630 2411 762 2465 valebant
782 2414 832 2465 sol.
857 2412 888 2468 C·
920 2411 948 2463 Si
973 2412 1090 2469 dixerit:
1115 2413 1215 2482 soepm,

84 2486 226 2550 saciego,
255 2484 302 2536 sed
325 2500 381 2534 non
406 2483 495 2534 dimisi
525 2499 577 2551 per
603 2482 815 2549 negligentiam,
850 2483 922 2534 iuret
945 2497 1007 2534 cnm
1036 2485 1091 2536 suis
1121 2501 1212 2543 sacra·
1275 2543 1278 2546 ¹

82 2555 271 2617 mentalibus,
308 2553 460 2604 seeundum
490 2551 638 2621 quosdam3
677 2553 725 2605 sed
754 2555 843 2616 solus,
886 2553 1038 2620 secundum
1063 2549 1208 2623 ualentes.

45 2658 50 2665 ·
85 2627 114 2678 si
133 2625 249 2678 dixerit:
276 2622 367 2676 iocum
390 2621 459 2684 feei,
486 2631 513 2674 et
536 2639 584 2691 per
606 2620 799 2688 negligentiam
823 2622 929 2684 dimisi,
964 2625 1013 2676 sed
1033 2620 1090 2675 nori
1107 2625 1212 2677 suerint

82 2697 195 2748 incensa
217 2703 267 2746 tua
289 2692 410 2746 mobilia.
459 2692 486 2742 Si
513 2692 628 2744 dixerit:
664 2693 754 2745 focum
779 2693 850 2756 feci,
882 2701 910 2744 et
937 2711 986 2762 per
1005 2695 1214 2760 -negtigeneiam

82 2767 194 2830 laxavi.
221 2765 270 2816 secl
294 2782 350 2816 non
377 2760 479 2814 luerint
507 2762 621 2815 incensa
652 2770 700 2814 tua
724 2763 853 2825 mobilia,
879 2773 1027 2834 antequam
1052 2766 1212 2820 transierint

82 2838 182 2892 XXIV.
204 2839 302 2898 horae,
332 2842 380 2886 ant
401 2843 549 2902 antequam
571 2833 698 2885 transiret
724 2835 801 2886 focus
833 2853 914 2904 super
939 2835 1081 2905 publicam
1114 2836 1209 2902 viam,

84 2907 252 2972 autunum,
278 2907 351 2958 iuret
373 2921 435 2956 cum
459 2903 514 2955 suis
539 2903 724 2968 iuratoribus,
751 2907 1073 2979 secundumquosdam5
1100 2906 1151 2960 sed
1166 2925 1210 2962 so·

56 3015 60 3020 -
81 2979 125 3030 lns
151 2976 303 3030 secundnm
324 2974 456 3029 valentes.
609 3017 611 3023 .

168 3045 317 3112 CXLIX,
360 3045 393 3104 Si
411 3042 483 3129 quis
501 3042 659 3103 molinum
677 3043 808 3106 alterius
832 3053 899 3107 asto
920 3045 1028 3107 animo
1048 3046 1209 3110 incende-

83 3131 138 3206 rit,
166 3129 199 3190 id
229 3138 276 3190 est
299 3127 500 3205 voluntarie,
526 3127 559 3185 in
584 3126 719 3209 triplum
749 3150 821 3188 eum
848 3130 997 3188 restituat
1026 3118 1209 3208 snb'aestie

83 3211 226 3273 matione
260 3211 358 3296 pretii
393 3231 468 3272 eum
500 3208 659 3288 omnibus,
693 3231 775 3292 qnae
819 3211 907 3273 intus
948 3223 1087 3272 cremata
1123 3209 1208 3279 sunt.

83 3295 109 3362 I.
136 3316 146 3353 1
174 3296 234 3371 ..lp
795 3305 807 3342 N
1114 3307 1116 3314 ⁴

11 3372 14 3374 ’
153 3315 235 3438 9CL.
260 3374 313 3457 ‚si
339 3375 412 3455 quis
432 3361 591 3436 molindm
606 3375 739 3442 alterius
759 3377 983 3460 scapellaverit
1003 3386 1059 3437 aut
1078 3377 1209 3443 clansue

29 3527 30 3530 Ἴ
84 3483 155 3523 ram
179 3459 304 3541 ruperit
329 3458 399 3518 sine
429 3460 631 3520 auctoritate
648 3459 787 3538 ludicis,
810 3470 983 3544 componat
1002 3460 1121 3524 solidos
1134 3463 1237 3530 xll.·.

85 3545 156 3620 illi,
192 3543 285 3603 euius
309 3541 470 3602 molinum
496 3564 564 3604 esse
595 3543 770 3602 invenitur.
813 3545 856 3604 Et
887 3545 914 3606 si
938 3545 1081 3605 iudicem
1105 3545 1209 3606 inter-

85 3627 278 3710 pellaverit,
310 3634 343 3686 et
382 3626 479 3687 index
508 3625 692 3685 dilataverit
713 3627 811 3706 ipsam
841 3649 982 3688 caussam
1007 3627 1217 3706 deliberare,

86 3720 143 3770 ant
166 3708 331 3770 licentiam
357 3708 483 3770 dederit
512 3708 665 3770 adversae
687 3710 769 3790 parti
795 3710 899 3792 ipsum
934 3711 1093 3775 molinum
1115 3716 1217 3772 ever-⁷

86 3793 196 3870 tendi,
239 3803 412 3874 componat
445 3792 565 3854 solidos
593 3789 666 3858 XX.
695 3791 729 3850 in
762 3793 886 3854 Palatio
923 3793 1020 3878 Regis
1046 3793 1216 3874 distrietne}

86 3877 127 3937 ab
149 3877 289 3937 Stolesaz
306 3880 353 3953 a).
413 3877 438 3934 I.
464 3897 511 3956 19·
536 3875 564 3940 5.
1210 3877 1217 3904 ’“

1154 3927 1216 3960 *rt

157 4110 187 4180 a)
207 4109 249 4165 ,tt
273 4111 360 4163 Codd.
380 4108 553 4176 astutiarum,-
589 4111 728 4178 storizat5
758 4111 906 4178 notaret·
932 4092 1217 4166 stotonae.''··‘rGttttl

86 4179 122 4233 eb
147 4181 283 4253 insertare
310 4183 394 4254 regis.
455 4182 497 4236 Al.
522 4182 612 4238 Gloss.
649 4182 684 4235 ab
710 4185 833 4238 insetore
859 4184 928 4254 (leg.
952 4181 1216 4256 insessorel¹regitl

87 4250 131 4304 vel
150 4252 243 4324 regali
261 4250 336 4306 aede.
679 4289 682 4295 -
903 4281 906 4284 r
