2684 4868
138 269 213 342 stt
317 280 423 339 mms
440 281 730 340 nrsrooraonnn
749 283 815 335 un.
842 283 876 338 v.
900 283 971 339 rrr.
989 285 1022 338 v.

577 421 618 485 V.
658 439 807 496 suntque.

154 541 205 606 De
231 540 323 604 rebus
345 533 592 614 tommendntis,
621 547 652 595 et
672 555 747 595 casn
767 553 947 619 qrrocnnqnc
970 535 1004 598 in
1026 539 1225 626 naufragium

249 629 254 644 ·
632 620 745 682 missis,

216 705 282 785 Qui
306 699 528 764 commendata
548 698 600 758 vel
618 697 816 760 commodata
837 700 1022 783 susceperit,
1037 714 1069 765 et
1090 707 1129 768 de
1148 711 1245 774 ruina

131 800 189 852 aut
211 789 250 850 de
274 784 445 862 inccndio,
467 780 520 842 vel
541 781 723 843 hostilitatis
745 783 929 864 naufragio,
953 805 1009 844 seu
1030 788 1175 868 quolibet
1199 796 1244 854 si-

134 874 203 934 mili
226 891 319 947 cnsu,
351 889 408 929 sua
430 863 537 925 omniu
559 863 751 942 liberaverit,
774 873 806 926 et
827 865 934 925 aliena
950 867 1136 950 perdiderit,
1158 879 1247 956 quod

50 943 52 950 ,
135 955 260 1038 accepit
281 952 349 1013 sine
373 949 481 1032 aliqua
503 946 708 1008 excusatione
731 957 862 1088 copatur
883 949 1059 1011 exsolvere.
1110 956 1144 1014 Si
1163 979 1242 1018 vero

134 1049 259 1122 partem
281 1035 421 1116 aliquam
443 1030 482 1091 de
503 1031 599 1090 rebus
619 1030 757 1112 propriis
792 1031 930 1091 iherasse
953 1037 1174 1116 cognoscitur,
1197 1039 1249 1100 illi

138 1121 233 1182 cuius
255 1139 305 1178 res
327 1137 438 1178 secum
458 1113 612 1174 habuerat
633 1114 720 1172 iuxta
741 1113 873 1174 modum
892 1114 1036 1196 perditae
1058 1119 1107 1178 rei
1127 1122 1182 1181 vel
1206 1122 1250 1182 li-

136 1205 263 1266 beratae
285 1199 441 1276 restituat,
464 1196 594 1279 qualem
612 1194 710 1256 iudex
730 1196 853 1256 ratione
877 1196 1015 1258 deductu
1036 1201 1252 1266 aestimaverit

137 1285 329 1368 portionem.
382 1280 418 1342 Si
445 1289 552 1340 autem
579 1299 637 1338 sua
659 1277 766 1340 omnia
786 1278 972 1360 perdiderit,
998 1303 1072 1342 cum
1100 1284 1251 1349 liberaret

136 1368 255 1443 aliena,
276 1365 369 1426 etde
398 1361 540 1424 liberatis
562 1368 594 1420 et
620 1361 659 1422 dc
681 1359 814 1443 perditis
835 1361 930 1422 rehus
952 1363 1168 1428 similisrntio
1190 1370 1252 1430 dea

138 1451 292 1522 ducetur,
320 1456 355 1507 ut
375 1454 498 1528 partem
517 1442 647 1504 arbitrio
669 1442 841 1504 iudicantis
857 1444 915 1525 qui
931 1445 1076 1508 liberavit
1094 1452 1244 1534 accipiat.

141 1535 266 1600 lustum
288 1539 336 1590 est
357 1527 443 1592 enim
466 1524 618 1588 insimili
641 1534 799 1603 casn,'ut
828 1525 884 1586 ille
907 1548 972 1588 non
996 1530 1171 1612 dampnum
1194 1557 1251 1594 so-
1302 1597 1305 1602 ,

142 1615 194 1678 lus
215 1613 363 1694 euripiat,
386 1610 496 1693 quise
516 1607 663 1690 gravibus
686 1608 803 1670 obiecit
822 1610 991 1689 periculis;
1015 1621 1046 1672 et
1068 1615 1146 1674 dum
1166 1617 1249 1676 alie-

143 1718 184 1758 na
200 1697 324 1758 nriuoru
346 1703 482 1756 conatur
500 1691 656 1770 liberare,
687 1713 745 1754 sua
764 1689 883 1752 maiora
910 1694 1087 1776 perdidisse
1110 1718 1250 1782 cognos-

143 1779 237 1846 citur.

567 1879 626 1944 Vl.
649 1909 652 1916 ·
669 1897 817 1956 suttona.

241 1997 290 2059 De
313 1996 405 2058 retus
427 2015 527 2073 servo,
554 1993 682 2056 domino
708 1995 884 2068 nesciente,
915 1997 1149 2069 commendatis.

221 2081 319 2159 Quod
341 2078 506 2140 nesciente
531 2076 662 2138 domino
683 2097 776 2138 servo
797 2078 895 2138 fuerit
915 2083 1196 2162 commendatum,
1220 2079 1271 2146 si*

135 2163 172 2228 id
192 2163 335 2248 perierit,
353 2183 414 2222 nec
437 2159 585 2222 dominus
606 2180 668 2219 nec
687 2181 798 2222 servus
819 2160 925 2220 ullum
945 2162 1119 2246 dampnum
1140 2167 1249 2227 incur-

134 2258 192 2310 rat.
236 2247 319 2318 Suae
345 2245 432 2306 enim
455 2243 589 2324 imputet
611 2241 746 2323 culpae,
769 2242 825 2324 qui
849 2265 948 2304 servo·
964 2244 1073 2306 alieno
1097 2269 1150 2310 res
1174 2241 1253 2310 suas¹

136 2327 420 2404 commendaverit,
446 2325 578 2386 domino
601 2325 776 2385 nesciente.
819 2325 853 2384 Si
872 2347 948 2387 vero
971 2327 1107 2389 alicuius
1128 2332 1245 2393 animal

134 2411 187 2487 sit,
218 2417 250 2470 et
281 2431 340 2491 per
368 2409 516 2469 fraudem
543 2415 705 2490 pastorum
736 2407 930 2468 diminutum
952 2411 1147 2492 reperiatur,
1181 2414 1245 2474 hoc

134 2491 271 2555 reddere
295 2491 519 2572 compellatur.
562 2489 682 2552 Similis
706 2499 739 2550 et
765 2490 804 2550 dc
828 2492 1034 2554 commodatis
1060 2497 1246 2556 formaser-

134 2583 241 2650 vetur,
272 2569 299 2633 si
327 2573 440 2634 fraude
462 2581 518 2633 aut
544 2571 666 2633 malitia
695 2583 883 2658 consumpta
911 2583 967 2635 aut
994 2576 1143 2661 dissipata
1169 2601 1245 2641 uos-

137 2666 268 2719 cuntur.

559 2759 634 2826 Vll.
676 2741 822 2838 annoni.

217 2878 256 2940 Si
279 2897 386 2940 servus
411 2877 581 2940 mentiatur
606 2875 768 2939 dominnm
787 2891 894 2960 petere
921 2879 1164 2944 commodanda.

213 2961 250 3022 si
273 2959 422 3023 dominus
447 2981 507 3042 per
531 2973 659 3022 servum
680 2983 773 3023 suum
794 2963 1013 3044 quodcunque
1036 2965 1095 3024 sibi
1116 2964 1245 3049 petierit

133 3042 423 3122 commodandum,
446 3053 478 3103 et
499 3063 607 3104 servus
634 3064 706 3103 cum
726 3045 822 3104 rebus
845 3045 1051 3106 commodatis
1076 3048 1108 3107 in
1132 3051 1242 3130 fugam

134 3127 233 3189 fuerit
252 3128 400 3209 elapsus,
422 3131 500 3186 tunc
524 3124 672 3187 dominus
694 3126 854 3208 obligetur
874 3137 909 3188 ut
931 3130 1129 3191 commodata
1149 3131 1244 3191 resti-

134 3218 212 3271 tuat.
255 3211 290 3270 Si
314 3231 391 3270 vero
421 3229 531 3272 servus
557 3207 687 3291 petiisse
718 3206 884 3271 domiuum
914 3211 1107 3289 mentiatur,
1143 3212 1243 3273 etsie

135 3293 226 3374 quasi
257 3291 453 3375 deportanda
481 3292 522 3352 ad
544 3292 709 3352 dominum
734 3293 933 3373 susceperit,
968 3302 1000 3353 et
1028 3315 1110 3374 quae
1134 3316 1244 3356 susce-

134 3377 220 3458 perit
242 3375 485 3453 anteverterit,
513 3383 568 3436 aut
595 3375 677 3436 forte
706 3373 905 3457 perdiderit,
940 3384 973 3436 et
999 3375 1151 3456 fugitivus
1175 3399 1241 3438 non

134 3459 275 3540 potuerit
303 3458 457 3520 inveniri:
488 3457 638 3538 dominus
662 3457 743 3542 servi
763 3458 913 3540 praebeat
934 3469 1186 3536 sacramentum,
1210 3481 1243 3520 se

136 3542 276 3622 eundem
297 3555 422 3602 servum
443 3551 479 3601 ut
500 3540 676 3624 susciperet
698 3562 763 3600 non
785 3537 924 3618 misisse,
949 3551 981 3602 et
1004 3560 1077 3601 eum
1099 3541 1132 3608 id
1152 3552 1245 3624 pete-

134 3634 191 3684 ret.
206 3623 383 3705 ignorasse,
407 3631 439 3684 et
460 3621 542 3684 nihil
565 3621 764 3706 calumpniae
785 3622 996 3705 pertimescat
1041 3625 1175 3686 Servum
1193 3635 1244 3686 ta-

135 3723 209 3764 men
231 3715 294 3764 tam
317 3705 476 3786 dominus,
492 3729 589 3790 quarn
609 3704 665 3766 ille
685 3702 740 3788 qui
759 3705 981 3782 commodavit,
1002 3729 1158 3788 quaerere
1178 3707 1257 3778 sols,

136 3785 223 3847 licite
245 3791 473 3870 procurabunt.
514 3789 602 3850 Haec
622 3789 735 3850 eadem
757 3795 788 3848 et
809 3787 853 3864 dev
872 3789 1102 3853 commendatis
1123 3789 1246 3876 praeci-

135 3868 240 3951 pimus
262 3873 425 3934 custodiri.
596 3887 598 3891 ’
814 3881 818 3887 ’

545 3955 634 4020 VlIl.
676 3973 824 4028 sursum.

498 4071 547 4131 De
568 4069 740 4132 reddendis
762 4070 876 4132 usuris.

218 4152 257 4215 s'r
273 4154 461 4237 quicunque
482 4153 652 4236 pecuniam
681 4151 930 4214 commodaverit
951 4153 993 4215 ad
1015 4167 1154 4230 usuram,
1176 4168 1243 4211 non

135 4236 440 4322 plmrpeciannnm
463 4255 560 4321 quum
581 4235 820 4318 nes-cuiqam
838 4236 879 4297 de
897 4249 979 4310 tuno
1001 4237 1245 4320 solidoposent
