2648 4874
140 258 215 356 ,45⁴2
333 272 437 336 teon
456 268 749 350 susrcoraouuu
765 271 832 326 ur.
853 269 890 325 11.
910 270 981 324 nr.
1001 263 1047 326 rv.

141 416 243 487 tinet,
272 411 307 475 in
328 433 392 496 qna
414 411 484 496 ipse
499 408 725 492 subscripsisse
748 407 941 470 dinoscitur:
968 406 1112 491 quamvis
1133 420 1247 474 contra

141 485 318 580 scripturae
336 503 462 558 nostrae
482 503 607 565 testum
625 493 751 556 diversa
765 492 935 555 verborum
954 512 972 551 a
986 492 1120 555 testibus
1134 493 1174 554 sit
1190 494 1248 554 im-

138 579 313 665 pugnatio,
345 577 520 659 scripturae
541 586 648 637 tamen
669 575 775 657 potius
796 584 919 652 constat
944 596 1010 636 esse
1037 575 1246 638 credendum.

141 660 279 742 Quodsi
296 669 391 721 testes
412 659 573 736 dixerint,
603 681 671 721 eam
687 679 773 738 ,quae
788 657 923 718 offertur
940 657 1128 739 scripturam
1150 659 1248 719 mini-

140 767 192 806 me
212 744 402 825 roborasse:¹
417 741 559 824 prolator
578 743 647 804 eius
666 740 800 823 probare
821 739 967 817 debebit,
1002 751 1109 800 utrum
1127 741 1167 800 ab
1190 743 1249 804 eis·

141 821 214 890 de'm
238 825 372 886 testibus
395 825 585 905 scripturam
609 823 707 885 fuisse
728 821 906 883 roboratam
928 823 1118 888 constiterit.
1159 824 1248 886 Etsi

140 911 204 970 hoc
235 908 303 990 ipse
334 907 535 988 quibuslibet
568 907 639 968 aliis
665 905 867 966 documentis
898 907 1093 967 convincere
1115 908 1247 968 fortasse

141 987 343 1073 nequiverit,
376 989 575 1071 experientia
602 987 718 1052 iudicis
737 988 781 1048 'id
801 987 967 1068 requirere
989 988 1139 1050 sollerter
1159 1003 1250 1050 cura‘-

139 1075 204 1144 bit,
248 1072 292 1132 ita
318 1080 355 1131 nt
381 1091 439 1154 pro
467 1093 580 1132 manus
610 1071 850 1153 contropatione
871 1071 960 1132 testis
981 1071 1118 1153 ille'qui
1142 1083 1247 1154 negat,
1320 1143 1322 1152 y

141 1155 249 1232 indice
272 1163 439 1235 praesente
460 1153 594 1214 scribat:
622 1153 679 1236 qui
708 1153 803 1213 etiam
831 1154 903 1234 plus
931 1161 1065 1237 cogatur
1094 1153 1248 1235 scribere,

141 1249 177 1300 ut
190 1237 307 1298 veritas
320 1233 447 1297 facilius
458 1235 646 1301 innotescat.
680 1234 742 1297 Ubi
753 1236 877 1296 scilicet
889 1244 921 1296 ct
931 1235 993 1298 hoc
1011 1234 1248 1318 omninoquae-

141 1320 281 1383 rendum
294 1327 361 1395 est,
383 1317 612 1400 ut-scripturae
633 1328 831 1400 quaerantur
847 1326 1147 1398 etpraesententur,
1168 1341 1248 1402 quas

142 1398 237 1463 antc'a
258 1400 337 1462 fecit
358 1400 425 1462 sive
447 1400 643 1483 subscrips-it.
683 1401 773 1462 Etsi
794 1410 859 1462 tota
881 1402 938 1460 ista
960 1401 1142 1477 defuerint,
1170 1411 1248 1465 tunc

143 1481 386 1547 conditionibus
407 1483 503 1544 editis
523 1484 629 1544 iurare
660 1504 726 1544 nou
748 1483 891 1561 differat,
926 1484 1014 1566 quod
1045 1504 1250 1568 nequaqnam

144 1566 226 1627 inibi
247 1565 444 1648 subscriptor
464 1565 643 1628 accesserit.
682 1566 771 1626 Etsi
794 1576 903 1649 postea
923 1585 1120 1648 quocunque
1153 1569 1249 1629 modo

143 1650 305 1732 paruerit,
342 1669 402 1730 pro
433 1647 653 1730 extinguendo
680 1647 815 1710 veritate
842 1649 1015 1709 mentitum
1035 1669 1109 1710 curn
1139 1651 1249 1729 luisse,

142 1731 289 1818 falsitatis
308 1739 436 1812 notatus
455 1729 606 1808 infamia,
626 1730 653 1792 si
674 1729 842 1791 honestior
858 1751 994 1814 persona
1010 1733 1127 1810 fuerit,
1150 1755 1252 1829 quan-

143 1824 213 1876 tum
226 1814 283 1874 ille
304 1812 440 1894 perdere
452 1821 616 1896 potuerat,
637 1812 729 1874 cuius
743 1813 827 1894 parti
840 1812 1058 1877 testimonium
1076 1814 1249 1898 perbibere

143 1897 354 1977 contempsit,
376 1904 499 1956 tuntum
513 1896 612 1978 duple
630 1895 661 1957 ei
680 1895 895 1958 satisfactione
911 1897 1126 1979 compellatur
1147 1897 1251 1960 cxsol-

142 2001 231 2044 rere.
272 1975 307 2039 Si
334 1987 420 2040 certe
448 1977 584 2040 inferior
609 1988 657 2042 est
681 1997 835 2059 persona,
858 1986 889 2040 et
917 1979 1004 2039 unde
1030 1980 1162 2064 duplam
1180 2001 1250 2042 rem

144 2062 220 2124 dare
242 2061 373 2136 debeat,
393 2081 458 2120 non
480 2061 609 2134 babeat;
632 2069 665 2122 et
683 2060 903 2122 testimonium
925 2062 1061 2139 amittat,
1084 2071 1116 2124 et
1133 2063 1169 2129 C.
1190 2061 1249 2124 fla·

143 2145 304 2227 gallorum
324 2143 407 2204 ictus
428 2153 579 2204 extensus
601 2141 745 2227 accipiat.
789 2145 826 2206 ln
849 2143 974 2207 duobus
995 2154 1103 2206 autem
1122 2145 1250 2207 idoneis

143 2225 294 2302 testibus,
325 2245 405 2307 quos
433 2225 537 2308 prisca
556 2225 666 2308 legum
695 2225 899 2308 recipiendos
929 2227 1042 2302 ¹sanxit
1064 2229 1254 2305 auctoritas,

143 2329 209 2369 non
241 2309 348 2368 solum
374 2307 645 2370 considerandum
673 2317 743 2387 est,
776 2331 871 2392 quam
899 2307 963 2370 sint
984 2310 1096 2371 idonei
1118 2331 1248 2392 genere,

142 2391 206 2451 boc
227 2401 291 2468 est,
322 2388 545 2450 indubitanter
565 2389 719 2474 ingenui,
752 2393 810 2452 sed
831 2391 927 2453 etiam
948 2392 975 2452 si
996 2393 1062 2454 sint
1081 2391 1249 2454 honestate

116 2468 259 2532 ¹mentis
279 2469 461 2554 perspicui,
492 2480 588 2554 atque
609 2494 717 2533 rerum
741 2474 947 2558 plenitudine
970 2475 1127 2559 opulenti.
1167 2476 1255 2536 Nanr

141 2553 361 2616 videturesse
382 2553 581 2632 cavendum,
604 2577 645 2616 ne
665 2557 749 2616 forte
771 2557 908 2638 quisque
930 2558 1111 2640 compulsus
1126 2557 1253 2640 inopia,

143 2637 222 2697 dnm
255 2635 478 2700 necessitatem
515 2637 655 2717 tolerat,
692 2639 943 2724 praecipitanter
974 2639 1141 2726 periurare
1183 2637 1249 2702 nori

142 2726 274 2786 metuat,
367 2775 376 2788 ,

428 2837 432 2848 ’
460 2833 518 2900 IV.
558 2855 620 2902 rus.
651 2855 715 2902 ors.
749 2856 835 2902 cuns.
866 2857 937 2904 nex.

144 2931 242 3013 Servo
264 2967 327 3012 non
346 2945 558 3028 eredendum,
581 2963 612 3010 et
631 2948 774 3030 qualibus
794 2953 887 3032 Regis
907 2954 1010 3020 seruis,
1024 2951 1136 3017 debeat
1149 2951 1258 3018 credis

224 3031 328 3102 Servo
352 3032 482 3113 penitus
501 3054 567 3096 ³uon
593 3034 761 3110 credatur,
782 3034 820 3095 ai
841 3057 945 3118 super
960 3035 1102 3118 aliquem
1124 3036 1256 3097 crimen.
1321 3061 1322 3064 ¹

143 3113 316 3190 obiecerit,
339 3123 393 3174 aut
410 3114 506 3176 etiam
521 3115 547 3176 si
567 3115 732 3178 dominum
752 3117 895 3186 suumin
912 3117 1046 3180 crimine
1062 3117 1249 3200 impetierit.

141 3195 221 3279 Nam
240 3190 312 3260 'etsi
338 3195 433 3256 etiam
459 3195 491 3255 in
511 3198 678 3260 tormentis
699 3198 821 3281 positus
842 3210 982 3282 exponat
1008 3200 1097 3282 quod
1123 3199 1257 3277 obiicit,-

142 3278 231 3342 credi
245 3288 350 3340 tamen
368 3277 419 3338 illi
436 3279 637 3342 nullomodo
654 3282 828 3363 oportebit:
851 3281 993 3365 exceptis
1006 3282 1106 3345 servis
1118 3281 1247 3358 nostris,

142 3362 199 3443 qui
219 3361 258 3422 od
277 3361 339 3422 boc
352 3361 513 3442 regalibus
534 3361 674 3424 servitiis
692 3363 931 3447 mancipantur,
952 3375 1069 3426 utnon
1086 3363 1247 3426 immerito

140 3443 297 3507 Palatinis
311 3441 422 3504 officiis
433 3442 836 3508 liberaliterbonorentur=
860 3447 893 3508 id
908 3456 966 3524 est,
988 3447 1247 3524 stabulariorum,

109 3531 113 3536 “
141 3526 402 3609 gillonariorum,
424 3547 459 3585 ar
481 3527 695 3606 cetariorum,
717 3549 895 3610 coquorum
909 3550 1038 3611 quoque
1055 3529 1258 3613 praepositi;.

140 3609 193 3671 vel
208 3609 235 3671 si
254 3607 311 3689 qui
323 3617 451 3690 praeter
460 3547 525 3670 lios
544 3609 703 3691 superiori
716 3612 830 3672 ordine
846 3612 898 3671 rel
916 3611 1246 3695 gradupraecedunt:

140 3712 221 3772 quos
241 3699 346 3751 tamen
374 3711 484 3752 omnes
511 3702 544 3754 et
569 3691 657 3773 regia
684 3703 820 3775 potestas
840 3693 958 3774 iugiter
986 3693 1170 3755 nonhabet
1192 3694 1247 3752 in·

139 3771 302 3854 cognitos,
339 3782 372 3832 et
398 3773 505 3859 nullis·
528 3796 581 3836 eos
604 3795 670 3837 csse
691 3784 816 3836 constat
835 3775 1044 3857 pravitatibus
1062 3786 1118 3836 aut
1133 3775 1250 3840 ,crimi·.

46 3857 48 3860 ’
139 3851 234 3930 nibus
263 3855 451 3937 implicatos.
501 3856 634 3934 Quibus
661 3857 774 3939 utique
801 3879 877 3920 vera
908 3858 1038 3920 dicendi
1065 3858 1119 3918 vel
1152 3859 1245 3918 testi·

108 3953 110 3956 ·
137 3937 256 4002 finandi
278 3938 428 4012 licentia,
450 3937 534 4010 sicut
554 3948 587 4001 ct
609 3942 742 4000 caeteris
763 3940 931 4022 ingenuis,
953 3939 1014 4009 hac
1035 3941 1107 4022 lege
1125 3961 1265 4002 conce--

138 4021 236 4086 ditur.
275 4023 324 4085 De
344 4018 479 4101 r'eliqnis
498 4031 606 4081 autem
626 4023 666 4084 ad
685 4022 868 4082 Palatinum
889 4023 1055 4086 servitium
1074 4021 1245 4105 pertiuen-

63 4155 64 4160 ,
136 4098 244 4185 tibus,
272 4101 460 4186 quicunque
484 4103 626 4200 aliquem
648 4104 688 4164 ad
706 4105 927 4166 testimoninm
944 4105 1121 4168 crediderit
1141 4105 1245 4188 adro-

64 4234 69 4251 ‚
137 4179 294 4272 candum,
317 4205 383 4248 non
404 4185 497 4250 aliter
514 4208 543 4250 er
559 4185 637 4252 fides
650 4187 959 4268 accommodabitur,
982 4188 1045 4252 nisi
1059 4187 1167 4271 regiae
1182 4208 1245 4270 po·
1266 4221 1269 4228 -
