2632 4822
334 236 579 330 'uersatum
614 263 740 328 sacru
774 266 839 328 uu.
859 267 905 326 1v.
1075 246 1175 328 tta

65 422 171 486 patrem
190 419 317 471 etenum
335 409 462 474 fratrem,
492 416 520 468 et
544 414 639 472 tuum,
664 414 740 464 etto
764 407 857 476 habes
875 406 1056 465 substantiam
1080 427 1174 480 suam5

66 487 128 545 ¹vult
144 479 220 554 quod
237 491 269 536 tu
287 483 335 536 des
352 481 405 535 sibi
422 479 646 550 compositionem
663 478 704 531 sui
718 479 809 549 patris.

66 621 68 624 ,
140 549 269 620 'xV111.
308 553 415 629 (IV.)
457 551 492 612 si
513 549 587 646 quis
608 549 649 610 ad
669 551 836 645 negotium
855 549 1100 632 peragendum,
1122 543 1179 614 vel

65 659 127 784 pro
154 636 384 730 qualicumque
412 633 549 696 artificio
572 641 658 694 rutra
680 653 900 714 provinciam,
920 631 973 693 vel
998 643 1089 694 extra
1112 655 1179 696 am-

91 720 247 797 ulaverit,
271 728 303 782 et
324 725 411 779 rutra
430 725 497 780 tres
522 735 624 778 annos
646 735 810 798 regressus
835 734 902 778 non
923 714 1040 794 fuerit,
1060 726 1092 780 et
1111 718 1180 776 for-

66 804 150 867 sitan
172 801 340 862 infirmitas
364 797 397 878 ei
419 797 601 875 emerserit,
625 797 723 860 faciat
741 797 824 860 scire
848 796 950 858 iudici
972 799 1181 880 permissum

66 907 170 958 suum.
209 879 298 947 Nam*
310 882 337 946 si
363 879 427 944 hoc
449 880 611 946 distulerit
633 879 804 962 mandare,
837 889 868 942 et
892 880 976 942 filios
999 879 1181 963 reliquerit,

66 965 277 1030 habeantres
303 963 404 1050 ipsius
429 961 463 1024 iu
489 986 550 1028 suo
577 963 659 1026 iure.
699 964 741 1025 Et
768 963 952 1044 cuicunque
986 963 1046 1024 filii
1075 975 1180 1026 trans-

68 1061 139 1114 acto
173 1049 348 1112 constituto
373 1045 540 1115 cautiones
562 1045 616 1109 vel
642 1046 870 1125 venditiones,
891 1055 948 1108 aut
975 1046 1180 1128 qualescum-

66 1155 132 1218 que
155 1131 368 1214 obligationes
391 1130 432 1192 de
460 1131 558 1193 rebus
584 1128 685 1212 patris
707 1129 870 1208 fecerint,
905 1127 1034 1192 stabiles
1056 1151 1180 1211 perma-

68 1223 189 1294 neant,
212 1223 244 1276 et
264 1213 377 1278 dehita·
394 1211 505 1297 patris,
530 1221 564 1274 et
587 1233 646 1274 sua
671 1213 866 1296 persolvant.
897 1213 940 1274 Et
964 1209 991 1272 si
1010 1210 1077 1294 ipse
1097 1222 1181 1294 post·

68 1320 107 1362 ea
125 1318 272 1360 reversus
289 1294 414 1374 fuerit,
441 1295 599 1374 iubemus,
626 1302 663 1355 ut
686 1316 748 1356 nec
772 1316 790 1354 a
812 1295 879 1356 suis
899 1293 975 1356 filiis
994 1294 1181 1378 recipiatur,

67 1402 130 1444 nec
149 1401 201 1442 res
224 1401 296 1456 suas
316 1379 351 1440 in
377 1388 534 1462 potestate
557 1375 682 1444 haberit.
725 1377 823 1456 Quod
849 1376 876 1439 si
902 1377 963 1439 filii
987 1375 1086 1460 ipsius
1109 1378 1181 1444 siue

68 1462 182 1526 notitia
206 1469 242 1524 et
271 1461 415 1526 iussione
442 1459 538 1544 Regis
570 1482 645 1522 eum
668 1461 862 1544 recolligere
887 1461 1182 1542 praesumpserint,
1293 1479 1301 1486 ·

68 1565 179 1609 omues
199 1566 250 1608 res
269 1545 413 1631 ipsorum
436 1553 469 1606 et
491 1543 590 1628 patris
612 1542 790 1606 substantia
811 1543 852 1604 ad
877 1552 1002 1606 curtem
1022 1542 1118 1625 Regis
1131 1565 1181 1606 re·

68 1630 253 1693 volvantur.
295 1627 382 1692 Etsi
404 1626 488 1688 filios
512 1647 577 1687 nou
598 1624 760 1704 habuerit,
782 1635 838 1687 aut
860 1626 955 1703 filias,
976 1626 1033 1690 sed
1056 1627 1182 1704 fratres,
1215 1646 1217 1650 ’

68 1710 132 1797 ipsi
156 1733 207 1772 res
233 1710 303 1773 eius
327 1709 485 1776 habeant.
514 1709 558 1770 Et
574 1708 601 1770 si
624 1730 685 1770 nec
711 1710 825 1771 fratres
844 1707 1016 1786 habuerit,
1040 1705 1183 1772 habeant

68 1793 209 1878 proximi
235 1803 392 1876 parentes.
427 1791 469 1854 Et
488 1789 602 1856 si'uec
622 1791 761 1874 proximi
784 1801 933 1874 parentes
957 1789 1082 1854 inventi
1108 1794 1184 1854 fue·
1228 1851 1230 1856 .

69 1875 148 1955 rint,
171 1872 228 1956 qui
248 1875 279 1938 le
304 1875 375 1937 ibus
396 1872 569 1938 succedere
590 1873 724 1956 possint,
745 1885 818 1956 post
838 1874 1016 1956 praedictos
1037 1883 1102 1937 tres
1123 1897 1184 1934 an-

71 1980 130 2022 nos
157 1955 265 2020 Curtis
319 1958 444 2043 agia-ei
469 1957 629 2023 succedat.
678 1957 775 2036 Quod
805 1957 832 2020 si
856 1957 1006 2018 hahuerit
1035 1979 1182 2035 uxorem,

72 2050 105 2104 et
132 2037 219 2102 infra
239 2061 336 2122 supra
357 2039 479 2110 dictum
503 2050 640 2123 tempus,
662 2038 724 2102 hoc
740 2049 798 2115 est,
820 2049 884 2101 tres
908 2061 1020 2118 annos,
1050 2039 1184 2102 minime

71 2144 222 2186 reversus
248 2121 367 2202 fuerit,
396 2124 507 2186 veniat
530 2123 599 2204 ipsa
613 2122 733 2184 mulier
750 2123 793 2184 ad
809 2125 940 2203 Regem,
967 2123 1081 2204 quiin
1104 2132 1184 2186 tem·

73 2226 153 2290 pore
178 2205 290 2282 fuerit,
311 2215 348 2302 et·
362 2205 504 2302 qualiter
524 2207 554 2267 ei
577 2205 645 2288 ipse
667 2203 837 2266 maritandi
859 2205 1025 2266 licentiam
1046 2205 1184 2284 dederit,
1292 2233 1295 2236 ·

75 2296 131 2349 aut
157 2287 197 2350 de
221 2308 315 2348 causa
339 2311 439 2370 ipsius
459 2287 675 2366 ordinaverit,
700 2286 752 2348 vel
778 2287 981 2366 tractaverit,
1007 2287 1051 2349 ita
1077 2291 1185 2350 facere

73 2370 204 2432 debeat:
239 2370 320 2430 Nam
341 2373 411 2432 sine
433 2371 643 2452 permissione
673 2371 770 2452 Regis
789 2377 858 2430 ‘non
881 2379 1062 2454 praesumat
1084 2373 1193 2434 mari-.

73 2461 143 2514 tum
166 2453 296 2514 ducere.
351 2454 395 2515 Et
417 2455 444 2514 si
468 2453 536 2534 ipse
564 2463 638 2538 post
660 2460 726 2514 tres
757 2473 858 2515 annos
891 2451 1044 2516 inventus
1064 2453 1186 2533 suerit,

72 2543 265 2681 potestatem
291 2533 407 2597 haheat
430 2535 501 2598 Rex
524 2535 564 2597 de
593 2557 632 2599 eo
657 2534 823 2615 iudicare,
850 2535 990 2619 qualiter
1014 2536 1164 2599 voluerit.

90 2619 115 2685 Ι.
137 2618 166 2684 5.
192 2637 217 2682 r.

141 2717 224 2757 eoru.
259 2697 337 2753 Petr'e
366 2704 395 2752 te
424 2699 546 2770 appellat
571 2699 730 2764 Martinus,
760 2700 903 2772 quadiu
936 2707 1013 2757 tenes
1036 2699 1089 2754 sibi
1113 2703 1187 2762 malo

54 2769 56 2774 ’
73 2769 168 2824 ordine
185 2777 285 2822 terram
303 2770 333 2820 in
349 2769 400 2822 tali
418 2770 491 2826 Ioco.
528 2772 589 2842 Ipsa
606 2778 677 2822 terra
694 2785 755 2823 mea
771 2769 880 2842 propria
891 2779 1003 2842 ¹ertper
1019 2781 1137 2840 cartam,
1158 2783 1188 2828 et
1234 2775 1236 2778 ’

74 2856 140 2894 ecce
159 2847 243 2902 carta,
262 2856 344 2911 quam
361 2839 429 2891 mihi
447 2842 521 2894 filius
537 2849 601 2894 tuus
617 2842 692 2895 fecit.
727 2841 829 2895 Contra
845 2843 934 2907 legem
958 2852 1015 2905 est,
1034 2845 1098 2915 quia
1116 2844 1190 2896 nihil

72 2909 165 2982 potuit
184 2910 303 2961 alienare
321 2925 364 2962 me
381 2909 500 2968 vivente.
536 2914 579 2963 Tu
598 2909 743 2964 ambulasti
762 2912 831 2967 foras
855 2913 890 2967 de
912 2915 1053 2982 provincia
1078 2925 1189 2984 propter
1224 2967 1227 2970 .

73 2979 228 3044 negocium,
249 2988 277 3031 et
293 2997 342 3048 per
362 2981 413 3032 III.
434 2999 518 3034 annos
536 2981 666 3035 distulisti
683 2983 818 3038 mandare.
857 2984 887 3034 Si
911 2982 1025 3035 dixerit:
1049 2985 1111 3036 Nou
1132 3003 1189 3036 am-

74 3047 188 3101 bulavi:
212 3049 309 3118 probet
326 3049 384 3120 ipse
406 3052 453 3120 qui
477 3049 562 3103 habet
582 3059 701 3106 cartam:
727 3051 795 3106 etsi
818 3069 874 3106 non
891 3053 1022 3125 potuerit,
1041 3053 1113 3107 iuret
1129 3053 1188 3124 ipse

76 3119 152 3189 quod
172 3133 226 3167 non
246 3117 353 3171 distulit
371 3119 406 3171 ad
423 3121 616 3174 mandandum.

145 3188 223 3238 Petre
244 3185 279 3238 'te
300 3189 422 3258 appellat
443 3191 598 3254 Martinus,
628 3191 676 3262 qni
694 3199 736 3246 est
754 3190 908 3245 Advocatus
931 3189 966 3244 de
991 3200 1067 3260 parte
1092 3191 1188 3254 Publi,

77 3271 128 3320 ca,
153 3253 228 3326 quod
252 3261 330 3325 pater
354 3265 419 3314 tuus
442 3260 593 3312 ambulavit
613 3257 685 3314 intra
711 3264 877 3332 provinciam
902 3270 1012 3332 propter
1032 3263 1187 3328 negocium,

77 3335 106 3378 et
128 3343 177 3394 per
195 3335 249 3406 tres
266 3343 351 3378 annos
368 3345 397 3382 se
418 3329 527 3386 distulit
550 3329 602 3384 tibi
620 3332 771 3398 mandare,
798 3340 827 3386 et
849 3338 946 3404 postea
971 3348 1035 3385 eum
1059 3333 1189 3405 recepisti

76 3396 135 3450 sine
149 3395 270 3456 iussione
286 3395 373 3464 Regis.

143 3612 170 3633 A,
330 3535 557 3628 <uranu
597 3551 948 3632 casurus).

165 3662 278 3722 LEGES
297 3664 506 3720 aureatam
524 3667 630 3722 REGIS
647 3667 695 3722 DE
711 3669 811 3724 Auno
829 3667 940 3724 REGNI
958 3671 1040 3727 ulus
1058 3673 1105 3728 lx.

508 3791 762 3840 Promotus.

161 3877 230 3958 Ego
250 3877 284 3940 in
303 3879 366 3941 Dei
385 3880 606 3964 omnipotentis
625 3880 749 3942 nomine
769 3879 939 3964 Liuprand
952 3882 1190 3947 Excellentissi-

79 3981 147 4022 mus
172 3963 244 4023 Rex
266 3963 336 4024 Deo
361 3962 495 4024 dilectae
521 3977 551 4025 et
575 3962 755 4024 Catholicae
776 3965 879 4042 gentis
907 3967 1190 4043 Lougoburddrum

80 4043 267 4105 reminiscor
280 4044 438 4126 quomodo
452 4046 486 4105 in
502 4047 663 4128 superiore
674 4044 788 4106 Edisti
798 4067 931 4130 corpore
941 4048 1078 4120 adiicere
1095 4072 1189 4110 curu-

80 4124 196 4195 vimus,
219 4126 293 4187 licet
306 4127 341 4187 in
349 4147 461 4209 parvo,
482 4129 637 4189 tamenin
654 4127 862 4190 voluminibus
876 4132 986 4206 tritus,
1004 4129 1042 4189 id
1057 4145 1104 4204 est
1115 4135 1190 4196 Pri-

81 4226 143 4286 m0,
167 4207 284 4291 Quinto
304 4221 335 4270 et
359 4208 476 4274 Octavo
495 4209 596 4294 Regni
613 4210 835 4291 nostriAuuo,
857 4211 1031 4281 indictione
1043 4212 1101 4283 ΧΙ.Ι
1119 4214 1191 4280 XV.
