2648 4874
123 289 199 367 504
318 265 880 360 euersursreoruoaun-ui.1'r.
899 301 970 358 rar.
989 304 1022 358 v.

561 442 605 506 11.
647 442 804 516 Auriana.
876 462 884 474 ·

124 564 165 627 Si
184 583 295 626 seruus
316 561 371 621 uel
391 556 507 622 ancilla
528 558 662 619 consciis
693 556 742 618 vel
768 556 881 618 nesciis
915 554 1052 618 dominis
1076 559 1235 641 proiicere

510 639 675 700 videantur
694 637 857 721 insontem.

208 727 242 791 si
264 748 381 788 servus
402 723 456 788 vel
483 721 621 800 ancilla,
650 722 684 782 in
708 721 856 782 fraudem
879 722 1014 786 fortasse
1032 720 1234 783 dominorum

126 799 284 873 infantem
302 807 530 891 exposuerint,
559 815 591 866 et
612 804 690 888 ipsis
713 802 823 865 insciis
843 801 998 864 infantem
1021 805 1232 887 proiecerint;

125 895 233 956 infans
258 915 332 954 cum
348 891 448 954 fuerit
466 887 606 949 nutritus
625 886 752 947 tertiam
772 896 895 967 partem
909 885 1004 970 pretii
1029 887 1168 948 nutritor
1185 909 1235 948 ac·

126 975 232 1057 cipiet.
276 975 322 1036 lta
344 981 380 1034 ut
402 973 488 1034 iuret
508 979 564 1032 aut
583 969 698 1052 probet
717 967 884 1046 dominus,
916 989 950 1030 se
971 966 1061 1051 quod
1082 969 1165 1030 servi
1186 969 1237 1030 sui

126 1060 284 1118 infantem
305 1053 534 1137 exposuerint,
568 1051 753 1134 ignorasse.'
780 1049 818 1112 si
840 1049 1078 1113 vero'consciis
1099 1051 1238 1114 dominis

126 1141 233 1202 infans
255 1138 409 1224 probatur
430 1135 526 1198 fuisse
548 1133 703 1197 iactatus:
735 1133 769 1193 in
792 1131 879 1212 eine,
909 1133 967 1217 qui
988 1132 1150 1212 nutrivit,
1178 1153 1238 1218 po·

125 1231 238 1306 testate
259 1229 454 1306 permaneat.

564 1331 627 1399 ΠΙ.
669 1353 817 1409 murrona·

130 1453 196 1548 pai
214 1449 432 1538 aparentibus
455 1447 645 1531 infantulum
667 1450 823 1533 acceperit
843 1438 1063 1528 nutriendum,
1088 1462 1239 1534 quantum

291 1530 445 1594 mercedis
463 1553 524 1616 pro
545 1533 716 1593 nutritione
735 1532 870 1616 accipiat
886 1533 1071 1615 praemium.

209 1615 244 1678 Si
268 1615 341 1698 quis
364 1637 382 1674 a
402 1613 589 1696 parentibus
609 1612 806 1674 infantulum
830 1613 989 1697 acceperit
1014 1613 1239 1693 nutriendum,

129 1721 230 1785 usque
247 1700 288 1760 ad
306 1698 418 1759 decem
439 1717 560 1774 annos,
583 1715 641 1778 per
657 1695 801 1778 singulos
819 1716 938 1774 annos,
959 1695 1104 1778 singulos
1118 1697 1239 1760 solidos

126 1783 225 1870 pretii
247 1801 306 1864 pro
327 1779 449 1841 nutrito
477 1779 599 1840 infante
623 1778 790 1862 percipiat.
832 1777 964 1840 sivero
994 1778 1158 1840 decimum
1179 1800 1239 1840 an-

130 1888 209 1928 num
229 1863 339 1928 aetatis
356 1862 547 1939 excesserit,
568 1859 651 1921 nihil
671 1870 781 1943 postea
805 1861 962 1923 mercedis
986 1859 1140 1922 addature
1163 1863 1241 1944 quia

129 1951 198 2032 ipse
210 1947 270 2031 'qni
286 1945 427 2006 nutritus
443 1953 502 2021 est,
523 1944 706 2006 mercedem
725 1963 814 2006 suam
832 1964 891 2005 suo
907 1951 1012 2026 potest
1030 1963 1240 2028 compensare

129 2029 272 2097 servitio,
316 2027 414 2106 Quod
432 2027 459 2087 si
475 2025 560 2088 hanc
587 2046 759 2100 summam,
791 2025 848 2108 qui
866 2025 1002 2109 repetit,
1025 2024 1101 2090 dure
1122 2027 1241 2090 nolue-

129 2115 191 2194 rit,
212 2110 411 2195 mancipium
430 2109 466 2171 in
488 2109 661 2172 nutrientis
682 2118 839 2191 potestate
860 2116 1054 2192 permaneat.

347 2293 437 2365 Tru.
463 2291 511 2367 V.
562 2291 622 2366 De
645 2291 869 2366 naturalibus
894 2289 1033 2364 liberis.

512 2456 537 2518 1.
578 2477 639 2522 rus.
669 2477 755 2522 aens.
788 2473 857 2522 aer.

130 2572 179 2634 De
201 2592 265 2635 nen
282 2568 517 2633 escher-edundis
527 2568 616 2654 filiis
626 2595 639 2640 ,·
666 2582 697 2631 et
714 2568 804 2651 quod
819 2568 972 2632 iudicium
983 2565 1097 2652 serent
1120 2591 1239 2654 poren-

471 2665 517 2714 tes
538 2652 578 2714 de
592 2650 802 2734 facultatibus
823 2654 898 2712 suis.

211 2737 298 2796 Dum
322 2733 449 2796 inlicita
473 2755 621 2818 quaeque
648 2734 828 2818 perpetrari
856 2733 1099 2817 cognoscimus,
1133 2730 1242 2815 legem

28 2819 30 2829 ’
129 2838 252 2916 ponere
280 2817 439 2879 secuturis
469 2826 651 2901 opportune
679 2817 913 2898 compellimur.
965 2814 1121 2897 Plerique
1151 2815 1243 2877 enim

17 2942 24 2946 -
131 2900 304 2962 indiscrete
327 2901 492 2979 viventes,
523 2919 660 2981 suasque
681 2899 849 2961 facultates
871 2898 1035 2962 interdum
1051 2899 1103 2960 vel
1129 2918 1243 2960 caussa

130 2983 300 3060 luxuriae,
330 2982 382 3046 vel
405 2982 572 3044 cuiusdam
599 2981 700 3042 malae
720 2981 1045 3046 voluntatisassensu
1065 2982 1104 3041 'in
1126 3000 1242 3063 perso-

130 3087 188 3126 nas
209 3073 376 3128 extraneae
396 3066 648 3135 transferentes,
682 3063 728 3124 ita
756 3063 929 3127 inoffensos
958 3064 1043 3128 filios
1063 3064 1115 3124 vel
1136 3081 1242 3146 nepo-

130 3157 198 3225 tes,
228 3155 370 3222 autnon
393 3169 433 3209 ex
455 3146 543 3228 gravi
573 3146 668 3227 culpa
690 3145 823 3208 forsitan
846 3147 1022 3226 obnoxios,
1051 3148 1165 3207 inanes
1185 3164 1243 3206 re-

131 3230 305 3313 linquunt,
328 3239 364 3291 nt
379 3229 571 3292 utilitatibus
584 3228 725 3312 publicis
743 3228 827 3291 nihil
845 3229 970 3311 possint
992 3229 1127 3290 omnino
1144 3225 1244 3309 prod-

132 3333 220 3391 esse,
249 3333 330 3394 quos
356 3321 542 3394 oportuerat
559 3333 633 3374 cum
649 3311 769 3373 virtute
789 3320 960 3392 parentum
978 3311 1162 3372 iniunctum
1179 3307 1242 3370 sibi

129 3395 272 3455 laborem
294 3394 559 3456 inexcusabiliter
572 3392 735 3477 expedire.
777 3395 841 3456 Sed
861 3413 903 3454 ne
914 3394 973 3456 sub
990 3394 1052 3456 hac
1070 3391 1243 3454 occasione

130 3485 187 3537 aut
208 3477 339 3538 utilitati
360 3477 511 3560 publicae
526 3477 722 3560 quandoque
743 3476 913 3559 depereat,
935 3477 1024 3556 quod
1046 3475 1152 3558 perire
1173 3494 1242 3533 non

130 3559 248 3631 debet;
284 3567 340 3620 aut
360 3559 514 3623 naturalis
543 3559 645 3642 pietas
666 3560 880 3640 suspendatur
900 3580 918 3618 a
937 3559 1013 3622 filiis
1033 3559 1086 3620 vel
1110 3553 1243 3639 nepoti-

67 3668 74 3681 ·
130 3641 209 3718 bus,
230 3663 326 3725 quam
342 3642 490 3707 circaeos
504 3641 648 3703 exerceri
664 3650 885 3722 competenter
897 3651 1039 3725 oportet:
1061 3639 1135 3700 ideo
1151 3639 1245 3698 abro-

126 3728 202 3803 'gata
224 3723 306 3806 legis
326 3724 416 3787 illius
439 3724 619 3800 sententia,
651 3745 715 3806 qua
738 3733 829 3806 pater
845 3724 898 3787 vel
920 3733 1039 3801 mater,
1074 3743 1152 3785 avus
1174 3719 1244 3782 sive

66 3879 70 3885 ι
132 3805 226 3882 avia,
249 3805 283 3865 in
307 3816 492 3868 extraneam
512 3826 700 3887 personam,
731 3807 917 3868 facultatem
938 3827 1028 3868 suam
1045 3805 1194 3867 conferre
1215 3799 1244 3862 si

129 3886 327 3965 voluissent,
349 3898 535 3970 potestatem
556 3889 735 3968 habereut,
757 3897 812 3950 aut
830 3888 927 3950 etiarn
942 3887 982 3949 de
1002 3889 1075 3950 dote
1094 3908 1151 3948 sua
1169 3907 1244 3946 mu·

130 3967 194 4029 liar
213 3970 320 4032 facere
339 3972 428 4051 quod
450 3971 619 4052 elegisset,
652 3971 686 4030 in
708 3971 840 4033 arbitrio
865 3993 923 4034 suo
948 3971 1154 4034 consisteret:
1183 3969 1244 4030 ista

132 4051 232 4132 magis
252 4064 400 4114 servetur
423 4054 582 4114 acunctis
598 4053 761 4114 moderata
779 4075 934 4130 censura,
956 4075 1020 4135 qua
1043 4074 1104 4114 nec
1125 4071 1243 4134 pareu-

131 4134 218 4196 tilrus
237 4135 380 4197 ueneris
397 4134 555 4196 adimatur
566 4135 730 4196 iudicandi
745 4136 785 4198 de
801 4136 898 4198 rebus
915 4136 980 4197 suis
996 4157 1036 4198 ex
1053 4145 1121 4197 toto
1135 4135 1241 4196 licen-

132 4216 195 4294 tia,
219 4233 281 4280 uec
299 4216 381 4280 filios
400 4226 456 4280 aut
473 4228 605 4304 nepotes
626 4241 643 4276 a
662 4217 864 4294 successione
885 4239 1019 4283 auorum
1038 4217 1088 4287 vel
1111 4217 1240 4304 genito·
