2640 4838
99 244 147 316 22
440 255 609 312 emerim
644 255 824 314 souliers

140 403 220 454 Petro
239 405 272 452 te
297 397 420 468 apusellst
452 397 604 458 Martinus,
638 396 715 464 quod
744 403 775 450 tu
805 403 883 450 tenes
915 395 968 449 sthi
988 396 1067 450 mulo
1098 397 1189 451 ordine

70 474 185 528 Mariam
207 487 284 523 suem
311 469 512 522 mundoaldam.
556 470 617 538 lpsa
632 467 720 520 Maria
738 485 801 522 men
826 469 927 522 sueills
951 477 999 520 est.
1038 469 1119 537 Quid
1143 469 1187 522 tibi

68 543 210 616 pertinet?
249 539 369 592 sociavit
386 557 415 592 se
435 539 465 590 iu
489 537 615 604 coniugio
633 539 792 591 Mareourdo
811 555 886 590 servo
904 555 973 590 meo.
1016 539 1080 590 Nou
1107 540 1188 591 socia·
1263 582 1264 591 ,

70 615 124 678 vit;
149 622 211 674 unt,
230 629 286 662 nou
312 609 379 662 fecit
397 610 518 672 seiente;
553 617 610 670 sut,
632 627 687 660 nou
710 617 750 660 est
765 610 898 660 transitus
917 626 1014 660 sunus.
1051 611 1110 660 Aut
1135 628 1189 678 pro·

68 683 118 736 bet
136 682 261 736 dominus
279 679 365 740 servi,
387 688 444 742 urst,
464 678 559 750 perdat
578 677 713 730 lominum.
756 676 782 728 Si
808 679 909 730 dixerit
938 695 1037 750 pur-ens
1056 679 1187 742 feminae,
1259 716 1261 725 .

70 755 146 834 quod
173 753 269 803 sulsset
283 759 399 872 paratus
422 749 492 800 infra
516 765 618 828 sunum
636 749 705 829 ‘dare
722 748 891 830 vindictum,
918 749 1025 820 probet,
1067 751 1124 801 Sed
1139 768 1188 802 me·

68 825 374 948 Raewgeptiussctpt,
408 820 484 891 qnod
504 835 561 870 uon
584 827 658 869 murt
680 821 900 887 neglegentium,
928 820 1083 872 seeundum
1112 839 1187 891 quos·

155 960 328 1026 ccxliii.
370 957 405 1020 Si
434 957 507 1040 quis
529 956 680 1020 ancillam
711 979 802 1022 suum
828 959 992 1040 preprium
1023 959 1185 1021 metrimn·
1264 947 1270 978 ⁸

72 1045 162 1106 nisre
189 1042 333 1105 voluerit
356 1039 417 1102 sibi
447 1041 488 1101 ud
513 1061 665 1118 uxorem,
691 1042 732 1102 sit
754 1042 785 1102 ei
811 1040 964 1112 lieentis;
993 1052 1104 1104 tumen
1132 1044 1186 1104 de·
1262 1038 1266 1108 s

69 1127 145 1190 best
169 1149 243 1188 *mm
272 1124 406 1188 libonem
438 1122 603 1206 thingure,
624 1125 671 1184 sie
690 1124 848 1202 liberem,
878 1124 968 1206 qnod
990 1134 1040 1186 est
1070 1124 1186 1186 wider·
1262 1181 1265 1209 ,Ι

68 1211 181 1274 borum
209 1215 279 1282 wi,
322 1217 354 1268 et
383 1205 559 1287 legitimam
596 1207 701 1268 lucere
742 1228 801 1290 per
830 1207 1022 1289 gersthinx,
1068 1206 1186 1284 (idest
1262 1231 1263 1234 ¹
1297 1282 1299 1288 4

68 1315 129 1376 per
151 1289 307 1356 libertatis
338 1289 565 1366 donatiouem,
593 1289 653 1350 vel¹
671 1311 732 1370 per
757 1290 927 1372 gratuitum
958 1289 1184 1368 donatiouem,

68 1377 105 1438 id
128 1385 177 1438 est
199 1372 394 1455 morgengab
418 1370 477 1452 rc);
513 1381 593 1434 tune
631 1369 850 1456 intelligutur,
882 1394 951 1434 esso
985 1373 1112 1450 libers,
1159 1383 1186 1434 et
1263 1402 1266 1429 ι

66 1458 215 1542 legitime
242 1477 344 1531 uxor,
377 1462 411 1514 et
443 1452 522 1533 filii„
561 1452 619 1538 qui
645 1477 685 1516 ex
716 1477 754 1516 eu
782 1456 850 1516 nati
878 1455 1023 1533 luerint,
1050 1455 1186 1539 legitimi

68 1541 208 1606 heredes
233 1538 332 1622 putris
364 1537 552 1604 efficiuntur.
601 1537 645 1602 11.
670 1559 695 1600 1.
715 1539 747 1602 8.

139 1640 218 1674 roris.
255 1621 336 1674 Petne
362 1628 392 1671 te
424 1621 546 1692 eppellat
576 1619 727 1686 Martinus,
761 1620 837 1693 quod
868 1629 899 1674 tu
922 1627 1002 1673 terres
1034 1616 1093 1672 sibi
1119 1621 1186 1674 male
1269 1625 1270 1628 ’

70 1692 166 1748 ordine
184 1702 283 1744 terram
303 1690 332 1742 in
353 1689 403 1742 tali
428 1691 498 1744 loeo.
550 1691 613 1760 lpse
635 1698 707 1742 terra
733 1710 795 1744 meu
820 1691 928 1762 propria
959 1699 1018 1755 est,
1054 1709 1106 1761 per
1130 1709 1186 1744 suc·

71 1763 222 1817 cessionem
240 1761 275 1814 de
292 1769 368 1832 perte
390 1759 444 1811 roei
469 1757 561 1832 petris.
604 1760 664 1812 Nou
682 1761 765 1814 debes
789 1761 1032 1824 commonentem,
1057 1763 1125 1832 quia
1142 1762 1187 1815 lm·
1269 1757 1273 1769 ¹

68 1833 132 1885 buit
150 1841 180 1886 te
206 1832 241 1884 de
267 1849 316 1884 sus
339 1830 448 1882 ancille.
501 1833 562 1900 lpse
579 1829 647 1883 lecit
680 1841 794 1884 mstrem
824 1849 913 1884 meam
937 1832 1074 1896 liberam,
1104 1841 1135 1885 et
1156 1831 1186 1884 si-

68 1903 99 1956 bi
121 1901 268 1969 legitimam
290 1918 401 1953 uxorem
425 1917 473 1970 per
492 1899 676 1954 donationem.
712 1903 772 1956 Aut
802 1901 917 1972 probet,
944 1911 993 1956 eut
1023 1903 1074 1958 fiat
1098 1920 1187 1956 servus

69 1983 99 2028 et
120 1973 218 2045 perdat
242 1970 431 2024 hereditatem.
475 1971 533 2024 Sed
549 1970 682 2024 itaiuret

153 2043 334 2108 ccxxiv.
373 2039 411 2102 Si
438 2041 511 2123 quis
534 2041 606 2101 siue
630 2041 803 2104 heredibus
828 2049 975 2104 mortuns
1001 2039 1126 2119 fuerit,
1156 2050 1187 2103 et
1267 2043 1268 2046 ’

68 2149 121 2194 res
148 2125 247 2207 ipsius
269 2125 310 2186 nd
333 2125 465 2186 Curtem
485 2123 583 2205 Regis
605 2126 840 2205 pervenerint,
862 2144 924 2185 nee
946 2123 1102 2184 donatum
1127 2145 1187 2186 neo
1268 2187 1269 2196 ,

68 2209 257 2294 praestitum
278 2207 477 2288 quicumque
499 2205 561 2287 ipsi
581 2216 707 2266 mortuo
716 2213 760 2285 y)
782 2207 911 2269 dederit
933 2215 988 2266 sut
1013 2207 1187 2288 praestite-
1269 2226 1270 2241 ¹

69 2294 131 2369 rit,
154 2313 220 2352 nou
245 2291 360 2350 habeut
382 2287 585 2373 pontificium
607 2289 813 2372 requirendi.-
846 2291 923 2374 quis
948 2299 1119 2372 postquem
1148 2289 1187 2349 nd

70 2394 203 2436 menum
231 2371 327 2456 Regis
356 2373 526 2456 pervenit,
554 2372 728 2432 terminum
756 2374 880 2455 posuit,
910 2380 944 2435 et
975 2371 1049 2434 siue
1077 2371 1187 2435 debito

71 2465 127 2520 oet
150 2455 259 2536 aliqua
293 2455 487 2538 repetitione
513 2453 646 2520 cecidit.
687 2456 729 2516 ll.
754 2457 803 2533 «4.
827 2457 873 2522 16.

111 2546 114 2558 '
155 2537 313 2600 CCXXV.
351 2538 389 2598 Si
417 2537 490 2620 quis
514 2559 643 2601 servum
665 2558 759 2600 suum
786 2539 974 2622 proprium,
1002 2547 1058 2598 aut
1081 2529 1189 2600 susil-

72 2623 137 2686 lnm
169 2641 259 2682 suem
287 2619 451 2761 propriam
471 2618 591 2698 liberos
618 2619 780 2682 dimittere
805 2621 965 2698 voluerit,
1003 2621 1046 2685 sit
1065 2621 1116 2684 illi
1144 2621 1189 2681 li-

71 2702 196 2780 eentia,
222 2723 286 2784 qus
302 2703 364 2764 iter
386 2701 418 2764 ei
451 2702 620 2786 placuerit
662 2703 743 2764 Nam
766 2704 846 2788 3qui·
862 2703 1012 2781 fulireal,
1045 2714 1078 2764 et
1104 2725 1123 2764 a
1148 2725 1188 2766 ee

74 2795 281 2860 extraneum,
313 2783 358 2855 ,id
382 2794 429 2847 est
455 2780 905 2860 smuud‚.lueererdluerit,
938 2787 983 2847 sie
1012 2785 1111 2850 debet
1138 2789 1190 2846 fs·

73 2887 158 2931 cere.
220 2865 341 2926 Tradet
361 2889 436 2928 eum
453 2865 543 2949 prius
568 2871 602 2926 iu
624 2890 736 2930 manns
758 2868 893 2932 alterins
917 2866 1055 2930 hominii
1076 2868 1189 2945 liberi,

74 2961 109 3013 et
139 2969 199 3032 per
229 2947 399 3030 genethiux
430 2948 537 3030 ipsum
565 2950 747 3022 confirmet5
788 2960 820 3012 et
849 2952 905 3014 ille
930 2949 1092 3012 secundus
1115 2959 1189 3009 tru-

75 3033 131 3096 dat
151 3053 225 3094 eum
245 3029 279 3088 iu
310 3052 424 3092 manus
444 3030 533 3092 tert-ii
551 3029 708 3105 hominis;
739 3033 854 3095 eodem
886 3033 979 3096 modo
1014 3040 1048 3092 et
1065 3032 1187 3092 tertius

76 3113 180 3176 trudat
198 3135 273 3175 eum
295 3111 331 3172 iu
360 3113 478 3196 quarti.
518 3115 560 3176 Et
588 3115 655 3198 ipse
677 3125 810 3199 quartus
836 3116 932 3178 ducat
956 3136 1031 3174 eum
1051 3113 1085 3174 iu
1104 3135 1189 3196 qua-

73 3197 233 3273 drivium,
278 3204 311 3256 et
349 3195 478 3278 thiugat
524 3197 558 3256 iu
593 3199 712 3275 wadio,
753 3209 785 3260 et
823 3198 933 3281 gisiles
968 3198 1014 3268 ibi
1044 3196 1125 3272 sint,
1158 3206 1191 3258 et

77 3280 163 3343 dicat
193 3279 239 3341 sie
260 3286 311 3354 z).·
351 3281 399 3340 De
420 3292 555 3374 quantor
576 3283 639 3340 niis
660 3282 714 3343 ubi
734 3282 875 3342 volueris
898 3282 1075 3357 ambulare,
1107 3281 1213 3343 libe-·

76 3385 146 3425 rum
172 3363 286 3424 habeas
311 3374 508 3446 potestatem.
572 3363 608 3423 si
645 3363 691 3424 sic
724 3364 844 3424 luctum
871 3364 986 3442 fuerit,
1022 3373 1101 3424 tuno
1127 3363 1189 3422 erit
1259 3434 1263 3443 .

79 3445 218 3521 emund,
246 3444 330 3506 etei
353 3445 496 3504 manebit
518 3456 605 3507 certe
627 3445 774 3508 libertas:
804 3455 836 3506 et
862 3455 971 3527 postea
998 3445 1122 3506 nullam
1140 3467 1190 3504 re·

76 3527 268 3611 petitionem
292 3535 445 3610 petronus
468 3527 617 3590 adversus
645 3529 766 3624 ipsum,
794 3537 849 3588 ent
870 3530 954 3590 filios
976 3528 1045 3589 eius
1074 3527 1190 3588 habeut

77 3619 268 3695 potestatem
290 3609 491 3691 requirendi.
531 3611 574 3671 Et
594 3611 619 3670 si
643 3632 712 3672 eme
736 3610 911 3673 heredibus
935 3610 1087 3694 legitimis
1109 3611 1190 3692 ipse,

79 3694 138 3776 qui
159 3691 279 3753 emund
299 3693 402 3754 faetus
421 3701 468 3752 est
487 3693 775 3771 mortuus-luerit,
800 3692 908 3755 Curtis
925 3693 1025 3775 Regia
1047 3693 1098 3752 illi
1114 3715 1191 3753 suo·

78 3776 193 3848 cedat3
229 3796 304 3836 unm
324 3797 390 3838 oon
412 3785 566 3858 petronus
587 3784 642 3836 eut
668 3775 763 3838 heres
783 3777 921 3861 patroni.
979 3775 1139 3839 Similiter
1159 3783 1190 3837 et

146 4066 184 4136 w)
205 4063 247 4117 ll.
265 4064 353 4118 Coddt
375 4063 531 4120 wiriburan
540 4079 551 4129 ‚⁰
570 4056 783 4134 gulde-silonem
800 4063 979 4120 vuridilvora.
1031 4062 1067 4134 x)
1085 4065 1194 4116 Desunt

78 4134 378 4277 ltl'l'lttllldt
395 4134 784 4278 galileiil'idto‘ii‘Mlu‘
817 4137 873 4206 'W
902 4148 1034 4190 mmm
1088 4135 1122 4205 ³)
1149 4135 1208 4187 Μ’
1258 4147 1260 4152 ’
