2640 4838
136 232 210 304 630
312 251 415 310 tems
433 249 724 310 wmwornouun
743 250 811 308 trs.
830 252 1037 312 x11.r1r.1r.

133 399 329 468 cernuatus,
360 390 418 474 qui
440 390 482 457 ab
503 390 580 475 ipsis
605 391 761 456 Hebraeis
792 393 879 456 servi
910 394 1030 458 addicti
1055 407 1156 476 suut,
1179 399 1252 464 'vet

131 474 200 541 bue
230 475 500 557 amandarent,
541 473 626 536 sicut
653 475 694 537 de
718 474 868 560 ingenuis
893 475 1019 560 legibus
1047 480 1095 544 eis
1124 481 1252 544 satisfa-

133 575 298 626 cere-nou
318 566 494 622 morentur.
559 555 670 618 ludaei
695 558 810 641 igitur,
840 559 897 641 qni
927 561 967 620 ad
989 561 1086 624 fidem
1106 575 1252 626 sanctam

132 640 324 723 coniugium
354 638 413 702 visi
449 647 525 704 aunt
557 639 688 717 fecisse,
724 641 907 723 portionem
935 643 996 704 sibi
1033 644 1174 706 debitam
1211 669 1251 710 ex

130 719 337 794 successione
358 733 528 802 parentum
549 721 584 782 in
604 723 772 805 mancipiis
799 723 967 806 accipiant.
1012 727 1251 792 venditionum

129 823 317 895 sentitqusp
343 806 445 870 factae
468 806 617 884 suerent,
639 826 722 888 quos
748 807 782 866 in
811 827 913 868 unum
933 816 1059 891 tempus
1084 812 1250 874 venditio·

131 889 181 950 nis
205 887 391 958 invenerint
420 896 589 970 parentum
626 889 677 952 vel
707 889 848 950 fitiorum
875 889 966 950 nulia
999 891 1041 952 sit
1068 892 1103 952 in
1132 894 1249 966 distra-

129 971 241 1037 hendo
264 968 401 1046 divisio,
427 969 487 1034 sed
513 970 547 1030 in
568 992 670 1032 unum
695 972 736 1033 ad
759 971 973 1054 comparantis
998 981 1166 1036 transeant
1193 977 1247 1037 do·

131 1053 281 1121 minium.
321 1053 401 1120 Nam
426 1062 461 1115 et
479 1053 627 1134 quisquis
653 1055 693 1118 de
716 1055 841 1117 Indaeis
861 1049 921 1116 sub
950 1055 1080 1116 nomine
1104 1060 1249 1141 proprie·

130 1136 203 1200 tatis
220 1134 437 1201 [fraudulenta
459 1138 664 1217 suggestione
689 1136 815 1219 aliquid
844 1159 862 1198 a
892 1139 1152 1218 praecationibus
1175 1163 1250 1206 nos·

129 1219 191 1279 tris
209 1217 309 1283 “visus
344 1225 392 1283 eat
422 1218 654 1300 promeruisse,
699 1229 809 1282 exacta
842 1218 911 1280 eius
946 1222 1137 1287 auctoritate
1170 1223 1249 1289 fisco

131 1308 242 1365 nostra
270 1298 393 1363 faciatis
426 1295 551 1364 sociari.
608 1300 770 1384 Mancipia
797 1323 876 1364 vero
906 1299 1125 1382 Iudaeorum,
1164 1327 1249 1388 quae

130 1381 347 1464 adbaptismi
382 1383 513 1464 gratiam
542 1383 693 1448 facerunt
724 1384 932 1466 confugium,
970 1385 1161 1470 ubicunque
1194 1379 1248 1449 re'-

131 1475 222 1562 perta
247 1464 373 1528 fuerint
400 1466 586 1548 exiguntur,
612 1474 644 1528 et
664 1467 767 1528 libera
795 1467 933 1528 dominis
960 1467 1027 1530 suis
1048 1471 1246 1533 reddantnr=

128 1556 175 1608 ita
195 1557 231 1613 ut
252 1547 309 1630 qui
337 1546 433 1610 habet
457 1569 550 1610 suum
578 1549 760 1630 peculium,
789 1548 824 1609 in
848 1571 885 1612 ea
907 1549 1055 1612 libertate
1082 1551 1133 1612 itti
1161 1557 1248 1628 (con-

126 1632 269 1704 feratur,
301 1639 334 1692 at
360 1630 502 1713 quinon
527 1630 693 1708 babuerit,
722 1654 740 1692 a
769 1632 999 1695 manumissore
1029 1644 1128 1715 prout
1159 1633 1248 1698 vires

128 1713 281 1780 bribnerit
305 1713 355 1775 iiii
378 1713 591 1785 concedetur;
624 1723 657 1774 et
684 1714 856 1796 descripti,
897 1715 982 1778 sicut
1009 1725 1042 1778 et
1072 1715 1175 1778 ceteri
1193 1737 1248 1780 eo-

126 1817 202 1861 rum
224 1795 350 1876 libasti,
379 1817 494 1860 census
514 1817 573 1878 pro
596 1817 635 1858 eo
664 1797 794 1880 peculio
816 1796 885 1860 illis
905 1797 1098 1881 imponatur.
1119 1803 1163 1876 m)

437 1935 522 2000 XIV.
554 1925 627 2000 rus.
661 1958 831 2005 sisssurus.
864 1959 935 2000 arx.

127 2049 172 2114 Ut
202 2051 300 2116 anilis
335 2051 439 2114 modis
469 2051 599 2114 Iudaeis
627 2055 785 2136 mancipia
820 2051 1015 2114 adhaereant
1041 2056 1246 2140 Christiana,

142 2160 145 2168 ·
237 2155 276 2198 aa
297 2138 332 2198 in
359 2149 476 2197 sectam
502 2155 610 2196 eornm
636 2133 731 2197 modo
760 2155 943 2220 quocunque
965 2135 1131 2205 ducantur.

193 2218 374 2280 Universis
400 2218 529 2301 populis
554 2218 593 2278 ad
615 2217 709 2300 regui
735 2217 837 2279 nostri
861 2217 1045 2300 provincias
1071 2223 1240 2304 pertinen·

123 2298 220 2360 tibus..
263 2301 437 2362 salutifera
459 2299 603 2362 remedia
625 2299 717 2361 nobis
745 2300 899 2382 gentique
923 2309 1048 2364 nostrae
1073 2304 1241 2386 conquiri·

122 2402 215 2456 mum
245 2403 320 2444 eam
347 2382 424 2446 fidei
447 2391 573 2442 nostrae
599 2382 790 2443 coniunctos
819 2383 859 2444 de
886 2383 1062 2448 infidorum
1091 2386 1242 2450 manibus

122 2465 301 2527 elementer
337 2464 500 2546 eripimus.
573 2464 613 2524 ln
646 2463 708 2524 hoc
743 2465 830 2524 enim
862 2464 1042 2527 orthodoxa
1081 2469 1242 2550 gloriatur

122 2544 198 2606 fidei
211 2546 358 2627 magula,
382 2568 456 2606 eum
477 2545 598 2606 nullam
616 2547 649 2606 in
666 2545 857 2608 Christianis
877 2547 1027 2609 babuerit
1047 2559 1240 2631 potestatem

119 2627 341 2690 Hebraeorum
357 2628 537 2690 execranda
559 2628 701 2709 perfidia.
748 2628 971 2691 Abominanda
1000 2642 1077 2693 sunt
1097 2653 1175 2716 ergo
1204 2634 1238 2694 iu

122 2710 314 2772 Gbristiauis
343 2713 475 2773 funesta
504 2711 700 2772 ludaeorum
721 2710 874 2794 imperia,
911 2723 944 2775 et
973 2714 1159 2776 reducenda
1188 2726 1237 2778 est

121 2792 181 2872 sub
209 2792 328 2855 amoro,
347 2793 515 2856 Catholico
538 2793 629 2876 plebs
664 2795 734 2855 Deo
766 2803 886 2856 saerata
916 2795 950 2854 in
978 2798 1120 2879 gratiam.
1186 2799 1241 2860 0b

122 2873 186 2937 lito
212 2874 272 2938 hac
301 2875 552 2959 inperpetuum
578 2875 714 2937 valitura
742 2877 813 2959 lage
844 2877 1022 2954 sancimus,
1051 2889 1147 2961 atque
1171 2902 1239 2942 om·

119 2957 424 3042 isiacumapalatino
453 2959 558 3022 officio
582 2957 699 3020 futuris
726 2959 922 3043 temporibus
947 2960 1153 3024 instituentes
1175 2964 1238 3024 de-

121 3041 300 3118 ceruimus,
335 3051 372 3102 nt
393 3041 479 3102 nulli
506 3041 653 3104 Hebraeo
679 3042 718 3103 ab
740 3063 825 3102 anno
849 3043 942 3126 regni
970 3045 1071 3106 nostri
1094 3045 1242 3108 feliciter

119 3124 225 3220 puirpo
247 3123 468 3186 Christianum
489 3124 649 3204 liberum,
677 3126 728 3184 val
751 3145 880 3190 servum
902 3126 1099 3210 mancipium
1126 3129 1161 3188 in
1184 3151 1243 3211 pa·

118 3207 259 3270 taminia
284 3209 337 3270 sel
358 3207 490 3270 servitio
512 3229 570 3269 suo
588 3207 705 3269 habere
729 3208 835 3273 liceat.
874 3209 1008 3269 Nullum
1027 3231 1067 3270 ex
1088 3209 1138 3271 bis
1156 3233 1243 3272 mer-

118 3289 302 3370 cenarium,
326 3291 519 3372 nullumque
541 3291 601 3352 sub
622 3290 768 3371 qualibet
789 3290 884 3353 titulo
905 3291 1033 3353 sibimet
1055 3293 1241 3356 adhaeren-

120 3381 204 3452 tem,
232 3373 312 3435 haec
333 3373 448 3436 divalis
472 3373 595 3436 sanctio
620 3375 691 3436 fore
716 3372 883 3458 permittit.
903 3381 949 3450 n)
1010 3373 1164 3438 Vendere
1193 3386 1246 3438 ta·-

191 3638 230 3706 m)
247 3639 298 3692 Un.
317 3639 387 3691 Cod.
407 3640 586 3711 conferatur,
607 3650 637 3691 ut
654 3655 749 3691 census
760 3640 792 3690 in
809 3637 859 3690 itta
868 3637 977 3707 paculio
991 3655 1049 3690 non
1062 3638 1236 3708 inponatur,

118 3706 170 3764 aad
195 3709 281 3764 iibere
300 3727 331 3764 so
350 3711 476 3780 fruetur.
565 3708 595 3777 n)
613 3709 663 3760 Un.
683 3709 749 3762 Cod.
780 3710 921 3779 permittit.
961 3709 1000 3764 Da
1025 3711 1090 3778 ipsis
1116 3727 1242 3776 nataque

121 3781 282 3849 anancipiis,
314 3798 386 3851 quac
410 3780 542 3834 hactenus
568 3796 619 3849 per
641 3783 758 3846 pretium
781 3781 925 3849 emptionis
949 3779 1133 3840 babuerunt„
1162 3797 1240 3850 qaae

117 3852 202 3932 ppopi
217 3851 306 3903 libera
315 3847 445 3924 flacnltas
463 3852 502 3902 eis
518 3851 673 3912 subiacuit,
694 3868 751 3901 non
768 3868 814 3902 eos
833 3848 959 3918 deinceps
979 3847 1103 3902 audeant
1117 3849 1237 3916 proprio

119 3938 180 3980 aare
195 3911 328 3976 intime,
373 3919 427 3988 Sed
444 3921 604 3993 cuicumque
623 3919 775 3972 christiano
796 3920 846 3972 viii
861 3923 950 3992 pretio
971 3917 1085 3972 vendere
1095 3918 1240 3990 festinent

116 3979 272 4044 crinciunt
287 3990 401 4044 'illoram
416 3992 553 4062 peculiis,
583 4003 608 4042 et
631 4003 736 4043 tantum
757 3993 796 4044 eis
823 4009 858 4043 ea
885 3991 927 4043 bis
945 3989 1090 4059 mancipiis
1118 3987 1154 4038 ab
1181 4007 1242 4040 ern*

115 4051 228 4119 batibus
240 4063 364 4131 titatium
384 4073 509 4128 expetere
531 4062 733 4130 praecipimus,
761 4076 895 4135 quantum
923 4077 1036 4114 numero
1065 4059 1238 4128 quantitatis

117 4125 464 4187 subministrationis.
481 4131 627 4186 inuamrit
649 4132 747 4188 eiectio
768 4133 967 4203 compareatis.
1020 4128 1155 4182 Libarars
1183 4146 1239 4184 vs.

116 4207 342 4264 emittentia-a
377 4242 382 4251 ·
463 4223 466 4232 '
1041 4210 1044 4216 ’
