2648 4874
138 205 213 285 418
348 222 455 282 suess
472 223 765 282 W1s1cor1mnuu
783 228 848 282 ms.
867 229 890 286 1.
908 231 979 287 rrr.
997 235 1020 289 1.

138 365 291 432 familiari
313 365 525 452 compendio,
551 361 608 429 sed
626 389 686 450 pro
708 365 848 432 utilitate
868 371 982 454 populi
1003 371 1189 438 suadeatur:
1211 387 1249 439 nt

139 459 290 535 appareat
311 471 397 528 eum,
419 450 477 532 qni
496 449 662 533 legislator
684 450 810 529 existit,
839 453 933 514 nullo
960 455 1087 537 privato
1109 479 1248 521 commo·

138 535 192 612 do,
207 534 264 595 sed
280 534 424 594 omnium
438 532 560 595 civium
570 533 712 612 utilitati,
723 537 1028 614 commuuimentum
1040 541 1237 623 praesidium

139 639 204 701 que
227 625 428 702 opportunae
450 616 532 698 legis
552 615 718 678 inducere.

304 730 364 793 IV.
408 732 518 816 Qualis
538 735 599 793 erit
619 734 654 793 in
673 733 809 796 vivendo
830 733 952 818 artifex
972 738 1082 817 legam.

220 815 292 877 Erit
307 825 552 896 ,consequenter
572 816 659 876 idem
686 817 768 878 lator
788 818 867 878 iuris
889 841 926 880 ac
952 820 1033 902 legis
1054 841 1159 884 mores
1182 824 1247 885 elo·

138 897 224 980 quiis
255 907 476 979 anteponens:
507 906 544 958 ut
574 897 688 960 concio
710 899 800 962 illius
827 900 901 984 plns
929 902 1047 964 virtute
1075 916 1246 1000 personet,

138 1003 234 1062 quam
255 999 420 1058 sermone:
442 980 555 1061 sicque
578 982 666 1061 quod
688 982 817 1054 dixerit,
847 985 984 1064 amplius
1004 988 1116 1064 factis,
1148 1008 1247 1069 quam

137 1065 232 1210 qictpls
254 1073 408 1125 exornete
430 1063 586 1146 priusque
608 1065 785 1148 promenda
805 1067 975 1150 compleat,
996 1075 1094 1151 quam
1111 1071 1248 1157 implen-

161 1170 179 1208 ιι
223 1153 377 1232 epromat.

252 1263 314 1324 'Vs
361 1261 472 1347 Qualis
492 1262 554 1323 erit
573 1260 608 1323 in
628 1263 827 1326 consiliando
849 1263 973 1348 artifex
992 1265 1104 1346 legum.

219 1343 293 1408 Erit
312 1343 346 1406 in
369 1345 600 1408 adinventione
620 1341 691 1406 Deo
711 1347 838 1429 sibique
859 1349 1078 1410 tantummodo
1099 1353 1248 1416 conscius

137 1429 274 1491 consilio
294 1427 403 1510 probis
424 1437 457 1492 et
476 1429 583 1510 parvis
604 1427 779 1507 admixtus,
802 1451 933 1496 assensu
954 1431 1079 1493 civibus
1099 1437 1247 1518 populis·

136 1533 201 1594 qne
223 1510 422 1572 communist
453 1521 491 1573 ut
511 1511 635 1572 alienae
656 1510 802 1593 provisor
822 1514 952 1590 salutis,
982 1517 1181 1580 commodius
1206 1541 1248 1580 ex

137 1594 312 1655 universali
335 1613 496 1656 consensu
524 1603 673 1656 exerceat
701 1595 975 1676 gubernaculum,
1004 1617 1102 1680 quam
1122 1599 1248 1685 ingerat

137 1699 178 1741 cx
199 1676 356 1760 singulari
376 1684 530 1760 potestate
552 1676 718 1743 iudicium.

281 1790 338 1857 Vl.
381 1789 491 1873 Qualis
511 1790 572 1850 erit
589 1792 624 1852 in
643 1791 818 1874 eloquendo
839 1791 962 1876 artifex
985 1793 1097 1876 legum.

217 1873 289 1937 Erit
310 1874 528 1948 concionans,
554 1873 685 1955 eloquio
706 1875 823 1954 clarus,
845 1877 1005 1939 sententia
1027 1899 1092 1939 non
1117 1877 1247 1958 dubius,

135 1956 300 2021 evidentia
344 1956 453 2016 lenust
485 1965 521 2017 ut
541 1956 700 2038 quicquid
720 1976 762 2019 ex
782 1959 813 2020 le
837 1959 879 2020 ali
907 1961 999 2022 fonte
1018 1961 1185 2042 prodierit,
1210 1962 1244 2021 in

134 2040 250 2105 rivulis
272 1977 473 2100 audientium
492 2039 564 2100 sine
585 2039 799 2102 retardatione
815 1980 983 2104 decurrat:
1006 2052 1173 2126 totumque
1187 2043 1246 2126 qni

135 2122 294 2268 ιιιιὲἑειίι,
323 2121 368 2182 ita
397 2131 592 2204 cognoscat,
625 2131 663 2183 ut
693 2123 786 2184 nulla
806 2123 896 2186 hunc
918 2125 1088 2188 difficultas
1111 2127 1246 2188 dubium

135 2229 171 2270 re
218 2215 260 2272 at.

272 2320 347 2388 Vll.
390 2320 501 2402 Qualis
523 2321 583 2380 erit
605 2321 639 2380 in
660 2320 832 2382 iudicando
855 2319 978 2404 artifex
998 2323 1109 2403 legum.

215 2403 291 2468 Erit
311 2402 457 2465 iudicans
472 2403 505 2463 in
521 2403 703 2485 indagando
724 2404 831 2479 vivax,
846 2403 880 2462 in
893 2405 1135 2485 praeveniendo
1151 2404 1245 2486 fixus,

135 2488 170 2549 in
194 2486 401 2550 decernendo
423 2506 489 2545 non
512 2486 638 2563 anxius,
662 2486 695 2544 in
718 2487 930 2568 percutiendo
950 2508 1084 2569 parcus,
1113 2489 1148 2549 in
1175 2511 1247 2572 par·

134 2570 241 2632 cendo
264 2568 425 2648 assiduus,
449 2567 483 2628 in
505 2567 680 2628 innocente
703 2568 844 2646 vindex,
867 2569 900 2628 in
924 2570 1022 2630 noxio
1042 2580 1246 2653 temperatus,

135 2655 170 2714 in
194 2653 317 2714 advena
337 2650 508 2728 sollicitus,
523 2651 556 2710 in
580 2651 733 2734 indigena
755 2661 947 2718 mansuetus.
968 2655 1143 2714 Personam
1156 2663 1247 2715 tanto

136 2731 259 2798 nesciat
279 2734 444 2818 accipere,
474 2742 596 2817 quanto
618 2743 651 2795 et
670 2743 854 2796 contemnat
876 2735 1007 2818 eligere.

178 2850 275 2918 Vlll.
319 2847 429 2934 Qualis
450 2850 483 2910 in
501 2849 651 2990 pullicisl,
671 2850 773 2933 qualis
795 2851 855 2911 erit
877 2850 911 2910 in
928 2851 1062 2935 prs'vatis
1083 2848 1205 2933 artifex

145 2973 147 2981 ι
645 2953 743 3012 egum·

217 3014 300 3094 Erit,
321 3035 536 3098 quaecunque
559 3023 635 3074 sunt
655 3014 806 3097 publica,
830 3014 934 3096 patrio
954 3024 1103 3076 recturus
1125 3037 1246 3077 amore:

137 3118 352 3183 quaecunque
373 3100 517 3182 privata,
548 3096 646 3158 herili
672 3098 911 3178 dispensaturus
940 3119 980 3159 cx
1008 3107 1180 3180 potestate:
1211 3107 1249 3158 ut

136 3183 227 3244 bunc
249 3183 442 3245 universitas
470 3191 617 3264 patrem,
647 3182 785 3262 parvitas
814 3179 930 3240 habeat
958 3181 1133 3242 dominum.
1175 3180 1248 3241 Sic-

139 3287 203 3347 que
225 3264 379 3347 diligatur
401 3264 433 3324 in
456 3273 535 3340 toto,
556 3262 706 3323 timeatur
727 3262 760 3322 in
782 3283 904 3345 parvo:
937 3274 1096 3344 quatenus
1118 3273 1151 3324 et
1172 3263 1249 3322 nul-

139 3349 191 3410 lus
211 3349 289 3408 huic
312 3347 431 3409 servire
454 3353 578 3430 paveat,
603 3354 635 3406 et
656 3366 767 3408 omnes
788 3345 858 3408 cius
880 3365 1021 3408 amorem
1041 3355 1143 3407 morte
1165 3366 1250 3408 com·

140 3431 341 3514 pensandum
361 3438 525 3512 exoptent.

163 3549 218 3608 lx.
262 3544 359 3628 Quod
379 3544 456 3606 dcere
479 3543 591 3606 debeat
611 3544 730 3624 legibus
750 3541 951 3628 disciplinam
970 3541 1091 3626 artifex
1117 3543 1229 3622 legum.

225 3633 309 3690 Tum
330 3625 448 3690 deinde
470 3627 567 3703 sciat,
600 3627 633 3686 in
656 3627 718 3686 hoc
740 3626 876 3686 maxime
899 3633 981 3687 stare
1005 3625 1166 3709 gravitatis
1187 3649 1251 3706 pu·

141 3710 247 3774 blieae
270 3712 426 3793 gloriam,
461 3710 487 3774 si
515 3710 570 3770 det
601 3718 633 3770 et
658 3709 734 3792 ipsis
763 3709 890 3791 legibus
917 3709 1129 3791 disciplinam.
1171 3711 1253 3770 Nam

143 3817 217 3856 cum
239 3797 323 3856 salus
345 3802 411 3855 tota
427 3791 571 3875 plebium
588 3792 622 3852 in
645 3793 867 3853 conservando
888 3790 959 3852 iure
981 3793 1143 3870 consistat,
1165 3792 1253 3876 leges

143 3877 225 3960 ipsas
249 3877 409 3960 corrigere
431 3877 544 3952 debet,
579 3884 750 3957 antequam
778 3895 891 3940 mores.
935 3871 1084 3935 Veniunt
1110 3875 1197 3937 enim
1218 3883 1254 3935 ut

143 3960 342 4042 quibuslibet
363 3959 397 4020 in
419 3956 628 4021 contentione
649 3957 737 4040 leges
758 3967 799 4037 a>
821 3976 878 4042 pro
901 3956 1033 4020 arbitrio
1054 3981 1113 4020 suo
1133 3960 1244 4022 ferunt

146 4081 580 4097 m—

212 4137 250 4207 a)
275 4137 316 4188 Al.
343 4153 404 4188 mss.
430 4136 501 4188 enim
532 4146 562 4186 nt
593 4135 753 4202 celeremque
776 4131 843 4184 libet
869 4132 902 4184 in
933 4135 1153 4190 constitutionem
1175 4133 1252 4208 legis.

145 4205 223 4260 Lind.
242 4208 325 4261 etiam
343 4206 490 4277 secuique
510 4205 577 4258 libet
594 4205 625 4257 in
642 4202 820 4258 estimatione
839 4203 964 4275 seleges.
