2648 4874
124 249 198 336 458
340 272 445 334 iscis
462 277 753 337 wrsrcornonun
771 281 835 335 ns.
855 281 892 335 n.
909 281 981 337 rrr.
998 281 1035 338 r.

14 423 15 428 ’
124 444 190 486 non
213 428 268 482 sni
287 440 347 506 per
375 441 410 483 ss
438 429 533 486 untes
554 420 688 506 legerit,
721 430 777 484 sut
805 442 913 483 coram
935 441 969 483 se
990 419 1154 504 legentem
1174 443 1233 484 nn-

124 504 243 582 dionis,
280 503 481 569 subscribere
512 507 642 590 penitus
672 525 739 566 non
769 505 894 570 nudent.
961 503 1059 581 Quod
1072 503 1114 574 ,si
1140 525 1233 586 prae-

123 587 315 669 sumpserit,
344 586 564 652 testimoninm
593 588 663 650 eius
689 589 777 672 quud
800 588 870 648 illic
892 585 1020 648 incaute
1050 583 1233 682 perhibuit,

124 670 171 736 in¹
193 671 286 731 nullo
314 670 528 752 permittimus
564 669 684 751 accipit
727 669 804 750 quin
837 668 1021 751 incognitus
1051 667 1123 728 rllic
1157 673 1234 733 sub-

123 752 261 835 scriptor
289 753 434 814 secessit.
490 754 563 816 Nec
591 752 713 818 stabilis
739 753 795 812 illa
827 750 1023 814 iudicabitur
1053 751 1231 838 scriptura,

122 857 220 922 quum
244 835 336 898 nullu
356 836 487 900 testium
505 835 679 902 firmaverit
699 833 842 918 eogmlio
862 841 970 898 veru.¹

383 1016 440 1084 Ν.
460 1037 600 1096 srrrqnn
620 1038 682 1080 ηε.
702 1038 768 1080 ess.
789 1036 885 1080 nctus
906 1036 974 1084 nur.

230 1131 349 1198 Contra
365 1135 512 1220 priorum
532 1131 760 1278 dppinitionem·
777 1132 849 1200 filio
871 1130 920 1194 vei
938 1129 1051 1194 lercdi
1070 1152 1137 1195 non

207 1297 295 1360 Filio
317 1293 370 1361 rel
390 1294 505 1360 heredi
539 1237 657 1361 cotpppp
677 1236 822 1380 firl'lllim
850 1294 965 1358 instem
995 1318 1032 1358 uc
1058 1295 1234 1384 legitimum
1268 1361 1271 1369 ,

124 1379 348 1444 definitionem
367 1380 481 1444 venire
502 1401 567 1442 non
589 1381 695 1444 liceat.
744 1378 829 1458 Quin
851 1377 932 1441 inste
953 1375 1127 1462 repellitur
1145 1401 1235 1464 prue-

125 1466 264 1547 sumptio
287 1463 397 1544 illins,
431 1462 491 1548 qui
523 1463 607 1527 luctu
627 1463 792 1528 seniorum
813 1460 933 1536 iniuste
964 1472 1101 1525 conatur
1122 1462 1234 1524 inrum

123 1567 214 1635 pere.

519 1689 561 1755 V.
581 1691 643 1761 rn's.
664 1711 749 1759 unns.
770 1711 842 1754 ιιι.

196 1807 246 1870 De
273 1804 419 1894 dampnis
439 1826 567 1886 sorum,
603 1809 659 1892 qui
680 1819 790 1867 contra
807 1816 902 1890 pacta
922 1815 953 1868 et
969 1803 1088 1896 placita
1107 1829 1166 1870 sua

507 1889 618 1950 venire
643 1890 847 1952 contendunt.
1038 1900 1043 1911 “

208 1971 274 2052 Qui
300 1981 412 2034 contre
432 1979 560 2057 pactum
584 1973 636 2033 rel
659 1969 913 2056 placitum'instc
927 1992 974 2044 ¹nc
989 1969 1134 2055 legitime
1157 1991 1232 2036 con·

122 2056 279 2140 scriptum
298 2055 446 2135 venerit,
471 2055 560 2137 quod
581 2077 647 2116 non
667 2057 800 2118 forsitan
821 2075 958 2137 persona
978 2056 1144 2138 potentior
1163 2055 1232 2118 vio-

122 2139 232 2201 lenter
262 2139 450 2216 extorserit,
478 2147 650 2220 antequam
674 2160 784 2202 caussa
811 2139 953 2214 dicatur,
981 2159 1124 2219 poenam
1147 2159 1232 2220 qnae

122 2221 272 2305 inpacto
301 2221 353 2282 rel
379 2221 499 2305 placito
527 2221 671 2303 legitime
700 2221 888 2285 continetur
920 2220 1082 2300 exsoluat,
1111 2220 1231 2282 deinde

122 2325 205 2386 qnae
231 2312 307 2365 sunt
331 2302 365 2362 in
389 2311 481 2398 pacto
504 2303 557 2386 vel
579 2303 699 2386 placito
726 2303 858 2366 delinita
878 2310 1057 2369 serventur.
1096 2305 1231 2366 Pactum

122 2407 200 2447 vero
230 2384 279 2447 rel
313 2385 469 2466 placitum
500 2386 732 2447 convenienter
757 2409 794 2449 ne
819 2383 989 2447 iustissime
1016 2385 1104 2448 inter
1124 2395 1248 2470 partes,

122 2463 357 2549 conscriptum,
386 2467 413 2528 si
437 2467 535 2528 etium
550 2487 655 2549 pocus
677 2469 711 2527 in
734 2470 780 2531 eis
803 2469 921 2530 inserta
942 2487 1009 2527 non
1030 2469 1153 2546 fuerit,
1183 2488 1237 2528 re·.

120 2548 211 2614 volvi
240 2559 295 2611 aut
334 2549 495 2612 immutari
531 2549 624 2610 nulla
659 2551 784 2612 ratione
813 2549 1036 2633 permittimus.
1084 2553 1126 2612 Et
1156 2550 1230 2611 ideo

122 2655 205 2715 quae
239 2631 274 2691 in
307 2632 418 2716 pactis
437 2631 491 2694 rel
520 2631 648 2714 placitis
678 2636 889 2695 continentur
923 2631 977 2694 rel
1011 2642 1232 2695 monstrantur

121 2715 276 2800 scripta,.
299 2715 430 2797 plenum
459 2711 599 2776 habeant
628 2715 829 2795 firmitatem,
870 2713 896 2776 si
936 2721 1043 2776 tamen
1082 2716 1231 2798 quisquis

121 2798 178 2863 ille
200 2806 329 2880 pactum
349 2797 401 2858 rel
417 2797 572 2880 placitum
591 2797 760 2862 iustissime
778 2810 810 2864 et
833 2799 875 2863 de
891 2817 927 2860 rs
948 2796 1009 2860 sihi
1030 2798 1140 2863 debita
1155 2820 1232 2862 con·

121 2880 283 2966 scripsisse
303 2879 463 2944 ridentur.

462 3053 522 3123 Vl.
542 3077 604 3120 rus.
625 3075 691 3122 crs.
711 3075 798 3116 unns.
818 3074 890 3116 nex.

173 3174 223 3238 tte
241 3173 369 3236 valeant
387 3167 592 3257 definitiones
619 3170 669 3231 vel
684 3165 978 3255 pactenservorum,
999 3168 1064 3231 sive
1084 3167 1172 3228 iussu

274 3277 276 3281 “
426 3265 428 3273 ’
570 3253 779 3316 dominorum.

88 3393 91 3406 .
204 3339 248 3402 Et
272 3336 422 3401 honestas
444 3334 512 3397 hon
541 3335 654 3413 habet,
692 3347 724 3396 et
751 3334 871 3397 iustitia
897 3332 960 3397 hoc
990 3332 1154 3410 adfirmat,
1192 3341 1230 3394 nt

122 3446 204 3507 quse
229 3419 315 3484 servi
340 3442 406 3481 non
441 3419 629 3481 iubentibus
658 3417 818 3497 dominis,
850 3439 908 3482 seu
928 3439 988 3500 per
1007 3416 1230 3498 scriptumpn-

121 3509 305 3582 sisennius,
340 3503 407 3564 sire
437 3523 497 3585 per
521 3509 634 3566 testem
663 3499 836 3581 difiniunt,
868 3501 961 3563 nullo
993 3497 1086 3560 firmo
1112 3497 1228 3561 rubore

120 3588 250 3674 penitus
271 3585 459 3674 hubenntur.

485 3756 563 3826 Vll.
592 3779 655 3827 sss.
673 3777 761 3822 ncne.
788 3777 860 3818 nrx.

398 3877 448 3939 De
469 3877 613 3957 turpibus
633 3886 664 3935 et
698 3873 820 3935 illicitis
841 3870 944 3933 relius.

201 3960 251 4022 De
271 3958 419 4046 turpibus
446 3970 478 4022 et
498 3957 627 4019 illicitis
646 3957 742 4018 rebus
767 3955 852 4014 inter
878 3969 1088 4035 quascunque
1115 3970 1228 4033 perso·
1284 3957 1290 3965 “

67 4069 70 4072 ·
120 4067 195 4124 nus,
216 4045 300 4106 sicut
322 4044 449 4106 nullum
471 4050 602 4124 pactum
622 4048 677 4099 snt
697 4037 882 4101 mandatnm
911 4036 964 4098 vel
986 4034 1156 4120 placitum,
1184 4031 1228 4092 its

119 4150 181 4190 nec
204 4128 395 4210 dampnum,
425 4147 485 4188 nec
514 4141 742 4207 quemcunque
770 4117 994 4184 definitionem
1014 4138 1055 4184 cx
1077 4115 1229 4180 omnihus

120 4212 215 4276 nullu
236 4219 379 4295 tempure
402 4209 605 4300 decernimus
626 4224 719 4292 posse
740 4202 860 4270 intere
