2648 4874
122 290 198 367 42‘2
322 299 737 367 nsers‘wrsreornonun
756 309 820 368 ιιι.
839 308 878 361 11.
895 307 968 366 ιιι.
986 305 1008 362 ι.

123 469 203 537 pore
224 449 377 514 valituras
399 469 469 510 esse
496 445 711 524 decernimus,
736 467 776 507 ex
800 468 866 528 quo
887 445 939 510 bis
955 441 1233 512 confirmationem

123 534 263 620 gloriosa
283 532 464 596 serenitatis
487 539 613 593 nostrae
634 529 844 593 renovatione
867 529 1094 615 impressimus.

424 680 466 747 11.
507 682 580 743 Fas.
622 700 687 746 ons.
727 701 816 746 acus.
855 700 925 746 anx.

126 794 227 892 pund
250 796 411 876 tumregiu
423 807 575 882 potestas,
598 815 690 877 quarn
707 795 897 876 populorum
911 795 1108 875 universitas,
1128 793 1231 877 legum

468 879 659 941 reverentiae
679 879 721 936 sit
743 878 891 938 subiecto.

204 959 418 1042 Omnipotens
446 983 557 1024 rerum
583 960 732 1022 dominus
759 968 791 1018 et
815 959 964 1020 eonditor
986 980 1089 1037 unus,
1117 959 1230 1041 provi-

121 1045 201 1108 dens
222 1043 388 1106 commode
411 1043 570 1106 humanae
600 1041 713 1118 saluti,
744 1040 867 1105 discere
893 1041 1048 1104 iustitiam
1075 1043 1232 1110 habitato·

119 1151 171 1193 res
199 1137 320 1205 terrae,
343 1146 450 1189 sacrae
476 1125 557 1208 legis
582 1125 680 1187 sacris
706 1123 860 1184 decenter
884 1122 1054 1207 imperavit
1080 1125 1230 1189 oraculis.

120 1209 187 1272 Sed
203 1209 279 1291 quia
299 1207 399 1270 solius
417 1219 486 1286 tam*
502 1209 674 1268 immensae
699 1205 878 1267 divinitatis
900 1207 1043 1291 imperiis
1062 1207 1144 1272 haec
1161 1227 1232 1270 cor·

118 1293 212 1354 dibus
234 1290 465 1374 imprimuntur
483 1290 653 1367 humanis,
677 1288 831 1350 convenit
853 1291 999 1350 omnium
1023 1300 1229 1353 terrenorum

118 1372 265 1458 quamvis
301 1374 585 1436 excellentissimas
624 1379 797 1456 potestates
830 1371 881 1431 illi
922 1373 1005 1434 eolla
1039 1373 1228 1436 submittere

117 1457 252 1534 mentis,
283 1454 337 1516 eui
357 1455 452 1516 etiam
473 1455 606 1518 militiae
629 1453 777 1516 eoelestis
803 1453 979 1517 famulatur
999 1454 1137 1538 dignitas
1163 1475 1229 1517 ser·

117 1540 239 1606 vitatis.
282 1540 487 1622 Quapropter
504 1539 530 1600 si
552 1537 770 1599 obediendum
797 1546 843 1598 est
867 1541 957 1614 Deo,
988 1537 1153 1621 diligenda
1180 1545 1229 1598 est

117 1621 258 1684 iustitias
286 1642 369 1703 quae
401 1623 428 1684 si
459 1622 560 1682 fuerit
584 1619 718 1698 dilecta,
749 1619 812 1680 erit
844 1619 1002 1682 instanter
1027 1619 1228 1703 operandum
1261 1669 1263 1676 ,

116 1703 152 1774 in
180 1705 259 1766 illa:
290 1725 388 1786 quam
420 1705 557 1788 quisque
588 1711 667 1766 tune
694 1703 801 1764 verius
837 1711 870 1762 et
901 1702 1066 1764 ardentius
1096 1702 1227 1784 diligit,

117 1808 193 1852 cum
209 1785 305 1846 unius
326 1787 495 1868 aequitatis
513 1784 673 1848 sententia
693 1806 767 1845 cum
789 1784 935 1867 proximo
950 1787 1156 1867 semetipsum
1169 1783 1227 1844 ad·

115 1869 256 1952 stringit.
298 1871 470 1930 Gratanter
490 1891 566 1952 ergo
591 1867 674 1927 iussu
696 1868 847 1929 coelestia
865 1870 1094 1951 amplectentes
1116 1867 1227 1928 damus

117 1952 275 2012 modestas
301 1952 398 2013 simul
427 1951 519 2014 nobis
547 1960 580 2015 et
604 1949 737 2014 subditis
757 1951 863 2032 legent
892 1951 1009 2032 quibus
1033 1951 1079 2010 ita
1104 1959 1136 2010 et
1155 1971 1228 2010 nos-

116 2034 160 2095 tri
194 2034 345 2096 culminis
372 2035 563 2111 clementia,
605 2041 638 2095 et
668 2033 912 2095 succedentium
944 2056 1058 2116 regum
1100 2030 1226 2094 novitas

116 2117 267 2178 adfutura
288 2138 352 2177 una
370 2140 443 2181 cum
458 2116 624 2199 regiminis
643 2116 743 2178 nostri
763 2116 906 2198 generali
921 2116 1131 2178 multitudine
1148 2113 1224 2173 uni-

116 2220 210 2266 versa
238 2198 370 2260 obedire
401 2200 590 2261 decernitur
610 2220 646 2259 ae
676 2217 788 2281 parere
818 2198 966 2261 iubetur:
990 2193 1142 2260 utnullis
1161 2197 1227 2256 fae·

117 2281 260 2342 tionibus
278 2304 295 2341 a
316 2282 462 2349 custodia
485 2282 604 2364 logum,
624 2303 708 2364 quae
728 2279 875 2341 inlicitur
893 2281 1040 2360 subditis,
1061 2301 1128 2343 sese
1152 2277 1229 2340 alie·

118 2383 192 2424 nam
215 2361 330 2424 reddat
351 2364 525 2426 cuiuslibet
549 2385 685 2447 persona
705 2363 758 2426 vel
787 2366 931 2444 potentia
955 2360 1129 2446 dignitatis,
1152 2381 1229 2442 qna·

117 2446 213 2522 tenus
239 2445 397 2508 subiectos
427 2447 468 2506 ad
499 2445 715 2511 reverentiam
740 2445 822 2530 legis
853 2446 999 2534 impellat
1027 2442 1227 2521 necessitas,

118 2525 344 2616 Principisque
371 2529 529 2596 voluntas.

310 2677 368 2740 111.
407 2665 535 2747 noviss,
575 2697 692 2744 anona.
733 2699 795 2740 ens.
835 2699 923 2740 sons.
964 2698 1036 2746 aux.

383 2793 482 2889 pared
506 2794 587 2855 nulli
608 2795 690 2876 leges
704 2797 831 2856 nescire
852 2795 956 2857 liceat.
981 2871 985 2884 x

202 2903 317 2965 Omnis
332 2901 467 2972 seientia
482 2925 558 2965 sana
580 2902 806 2965 ordinabiliter
823 2900 1128 2986 vitatignorantiam
1148 2921 1227 2976 exer

117 2989 280 3058 erundum.
312 2987 391 3047 Nam
413 3008 486 3047 cum
506 2985 660 3068 scriptum
677 2986 735 3048 sit:
757 2988 869 3050 Noluit
889 2987 1075 3066 intelligere,
1098 2996 1131 3043 ut
1150 2983 1228 3043 bene

72 3103 75 3107 ·
117 3083 234 3149 ageret,
262 3076 386 3130 certum
408 3077 454 3130 est
479 3069 567 3150 quod
591 3070 648 3149 qui
672 3069 858 3150 intelligere
881 3069 997 3147 noluit,
1017 3067 1102 3132 bene
1131 3085 1225 3148 agere

117 3153 328 3230 contempnit.
369 3151 486 3217 Nullus
506 3171 583 3232 ergo
604 3151 727 3213 idcirco
744 3152 805 3213 sibi
825 3152 983 3214 existimet
999 3149 1162 3212 inlicitum
1184 3147 1227 3206 faa

120 3234 229 3296 ciendi
247 3235 358 3310 licere,
381 3234 469 3311 quod
483 3234 581 3306 libet;
601 3234 679 3315 quia
697 3257 731 3297 se
751 3235 843 3297 novit
856 3235 963 3317 legum
983 3233 1113 3294 decreta
1131 3250 1225 3293 sane·

115 3318 285 3398 tionesque
315 3316 451 3381 nescire.
505 3317 585 3376 Nam
615 3338 680 3376 non
706 3317 868 3378 insontem
897 3317 995 3379 faciet
1025 3313 1225 3397 ignorantiae

116 3419 236 3478 caussa,
258 3419 357 3483 quem
381 3398 553 3460 noxiorum
576 3399 722 3483 dampnis
750 3399 964 3483 implicaverit
983 3399 1089 3483 culpa.

407 3544 464 3613 IV.
526 3567 588 3614 rus.
631 3569 697 3609 sis.
738 3569 825 3614 nens.
865 3568 936 3610 nux.

118 3661 217 3762 pund
236 3675 330 3724 antea
353 3661 504 3724 ordinare
533 3664 673 3745 oportuit
700 3663 825 3743 negotiu
850 3647 1034 3746 Principum
1059 3673 1090 3723 et
1112 3673 1226 3747 postea

126 3804 128 3811 ,
565 3747 767 3830 populorum.

113 3843 115 3846 “
194 3829 283 3891 Bene
305 3829 393 3890 Deus
418 3827 568 3890 eonditor
587 3849 696 3891 rerum
721 3827 896 3911 disponens
922 3825 1056 3887 humani
1081 3824 1226 3908 corporis

36 3950 38 3954 ·
111 3911 274 3990 formam²
305 3910 339 3970 in
366 3910 503 3972 sublime
533 3920 630 3992 eaput
660 3911 782 3987 erexit,
815 3920 910 3994 atque
940 3931 980 3970 ex
1007 3909 1066 3970 illo
1092 3916 1225 3970 cunctas

112 3993 330 4054 membrorum
355 3993 448 4054 libras
474 3993 596 4054 exoriri
623 3993 787 4060 decrerit:
812 3995 897 4054 unde
922 3992 985 4055 hoc
1011 3992 1107 4053 etiam
1134 4012 1226 4052 aea-

111 4077 239 4158 piendis
267 4075 368 4136 initiis
393 4085 491 4158 caput
522 4075 631 4136 vocari
653 4076 856 4158 percensuit;
883 4076 1025 4138 formans
1048 4075 1082 4134 in
1110 4073 1170 4135 illo
1192 4080 1246 4135 et

111 4160 272 4241 fulgorem
295 4158 477 4236 luminum,
512 4178 554 4220 ex
583 4178 649 4240 quo
676 4157 818 4240 prospici
845 4167 977 4243 possent
1009 4175 1226 4239 quaeeunque

110 4243 208 4313 nenia
229 4242 494 4322 concurrissent,
529 4240 728 4312 constituens
753 4241 787 4311 io
806 4261 847 4308 eo
876 4251 910 4305 et
935 4239 1144 4328 intelligendi
1172 4238 1225 4304 vi÷
1252 4321 1256 4331 Ι
