2632 4822
135 271 223 352 818
458 287 680 348 uturrnanm
717 285 843 343 mauu
878 285 940 342 us.
958 287 1011 343 v1.

147 437 211 522 gis,
233 439 369 518 excepto
391 399 481 495 illim
512 428 678 513 antiquam
706 425 987 526 compositionem·
1002 425 1152 490 heredes
1179 426 1276 511 ipsius

147 521 207 604 qui
226 521 352 582 occisus
373 522 421 577 est
441 515 475 574 iu
498 522 593 574 antea
615 512 742 590 tollant,
764 521 848 574 sicut
869 511 903 572 iu
924 511 1046 572 Edicto
1069 519 1276 573 nostratem·

94 603 98 612 ’
146 623 238 688 pore,
259 609 297 661 ut
320 619 417 680 supra
439 596 592 672 diximus,
614 603 662 656 est
680 595 823 656 affixum.
907 595 934 656 I.
956 615 987 676 9.
1001 592 1064 686 .²5·

216 701 301 738 rosa.
336 683 415 734 Petre
439 688 468 732 te
495 678 617 750 appellat
640 677 793 740 Martinus,
824 677 899 748 quod
922 685 954 728 tu
980 675 1079 728 dixisti
1107 675 1144 727 ad
1171 675 1277 744 adelgi-

147 771 225 818 sum,
255 751 304 824 qui
327 751 380 804 luit
397 766 489 801 servus
514 750 549 802 de
574 765 623 800 suo
642 757 721 818 patre
745 747 821 820 quod
843 766 905 802 enm
928 747 1090 812 occideret,
1121 756 1151 800 et
1173 745 1205 798 iu
1231 756 1276 800 tua

146 824 302 899 praesentia
317 820 406 874 fecisti
426 819 560 872 occidere.
1193 885 1200 897 .

217 895 297 948 Petre
315 901 344 944 te
362 891 485 960 appellat
502 888 645 954 Martinus,
666 886 742 960 quod
763 895 797 942 tu
819 886 908 942 fecisti
929 886 960 940 in
984 895 1036 940 tua
1053 894 1220 960 praesentia
1236 899 1278 940 oc·

148 963 240 1020 cidere
257 963 395 1016 Donatum
413 977 493 1012 sunm
511 968 623 1030 patrem.

210 1097 322 1153 LEGES
346 1096 555 1152 LUTI’RANDI
573 1093 679 1190 neuls
697 1093 745 1148 DE
763 1091 861 1148 Anno
889 1090 1001 1146 ΗΕΘΜ
1019 1091 1111 1146 EIUS
1130 1090 1223 1146 XXII.

448 1201 647 1262 laorrrr
679 1217 934 1262 enonoaus.

231 1308 340 1386 Pansa
360 1306 488 1393 quidem
509 1307 660 1393 capitula,
682 1327 762 1389 quae
786 1325 888 1390 nuper
916 1315 1034 1365 exorta
1056 1313 1148 1380 sunt,
1173 1314 1207 1362 et
1224 1323 1275 1364 an·

149 1405 200 1456 teo
220 1392 348 1452 minime
369 1393 403 1450 in
427 1390 544 1452 Edicto
565 1389 681 1470 adfixa
703 1409 770 1450 esse
792 1388 1041 1472 reperiebantur,
1067 1399 1102 1447 et
1128 1398 1203 1446 erat
1228 1387 1274 1448 Iu·

147 1475 273 1536 dicitas
298 1476 415 1534 nostris
440 1473 536 1535 dubio
561 1469 855 1548 adiudicandum,
880 1470 1113 1555 prospeximus
1143 1489 1230 1530 nunc
1244 1471 1273 1528 ia

146 1557 258 1618 Edisti
283 1575 417 1640 corpore
437 1553 591 1616 adnotare
619 1567 651 1615 et
677 1553 870 1633 adiungere,
898 1553 956 1613 hoc
985 1564 1033 1611 est
1059 1550 1134 1612 dies
1163 1550 1273 1612 Kalen-

138 1638 262 1700 darum
281 1638 491 1716 Martiarum,
519 1637 587 1718 Ego
613 1638 647 1696 in
674 1637 738 1696 Dei
768 1635 992 1721 omnipotentis
1018 1635 1156 1695 nomine
1185 1633 1272 1693 Liue-

144 1719 255 1804 prand
273 1721 346 1781 Rex
367 1721 470 1802 gentis
496 1717 788 1800 Langobardorum,
809 1739 890 1779 anno
912 1715 981 1777 Deo
1007 1717 1162 1801 propitio
1190 1716 1273 1798 regni

146 1804 250 1866 nostri
275 1803 427 1865 uicesimo
455 1801 615 1879 seeundo,
638 1800 773 1862 indictio
794 1798 941 1860 secunda.

231 1913 414 1979 CXXXIX.
456 1915 669 1996 (LXXXVI.)
712 1901 746 1978 Si
768 1913 873 1977 aldius
893 1914 1134 1996 cuiuscumque
1158 1913 1272 1976 aldiam

147 1997 288 2061 alienam
308 1999 422 2061 tulerit
438 1999 473 2060 in
494 2020 640 2078 uxorem,
662 2007 718 2061 aut
730 2020 841 2062 servus
858 1997 1020 2076 ancillam,
1045 2007 1080 2058 et
1098 2006 1271 2080 antequam

147 2083 188 2146 de
212 2081 283 2166 ipso
307 2082 460 2166 coniugio
482 2082 624 2163 aliquam
652 2081 914 2144 convenientiam
935 2079 1063 2140 domini
1088 2100 1207 2141 eorum
1226 2083 1270 2140 in-

145 2175 198 2228 ter
225 2187 259 2228 se
288 2165 428 2244 saciant,
452 2164 649 2247 contigerit,
678 2174 715 2225 ut
738 2163 898 2247 quispiam
930 2163 1029 2224 miser
1063 2161 1169 2226 homo
1200 2185 1271 2226 cum

146 2248 215 2331 ipss
236 2249 386 2324 muliere,
408 2249 492 2311 aldia
513 2255 567 2308 aut
589 2247 718 2327 ancilla,
741 2269 824 2330 quae
847 2256 894 2308 est
917 2267 1001 2306 uxor
1024 2245 1186 2325 alterius,
1207 2248 1267 2307 for·

146 2334 273 2393 nicetus
295 2330 417 2408 fuerit,
446 2331 490 2391 ita
521 2330 764 2414 praevidimus,
795 2339 831 2390 ut
860 2329 982 2406 eidem,
1009 2328 1108 2390 cuius
1134 2349 1269 2392 uxorem

145 2411 388 2492 adulteraverit,
410 2412 451 2475 de
471 2413 540 2496 ipsa
560 2413 657 2496 eulpa
682 2413 798 2474 debeat
825 2409 991 2473 subiacere
1014 2412 1096 2488 ille,
1122 2411 1184 2496 qui
1207 2412 1266 2473 hoc

144 2494 265 2556 malum
287 2496 529 2578 perpetraverit.
571 2495 652 2556 Nam
671 2495 819 2556 dominus
842 2494 989 2556 eiusdem
1015 2494 1170 2557 mulieris
1197 2505 1266 2562 tan,-

143 2587 214 2639 tam
235 2576 401 2639 mundium
426 2578 466 2639 de
499 2599 537 2640 es
563 2578 734 2660 suscipiat,
756 2577 783 2638 si
799 2578 884 2638 aldia
899 2575 1010 2654 fuerit,
1029 2572 1119 2638 sicut
1138 2579 1195 2638 Iex
1212 2585 1266 2642 est.

142 2658 235 2722 Etsi
263 2659 364 2719 fuerit
389 2660 520 2738 ancilla,
543 2660 679 2742 accipiat
699 2659 818 2722 exinde
839 2659 990 2742 pretium,
1014 2668 1072 2719 aut
1098 2659 1263 2738 vicariam,

143 2741 228 2804 sicut
253 2741 455 2808 convenerit.
509 2745 578 2803 Hoc
599 2753 707 2803 autem
734 2741 808 2803 ideo
859 2740 1061 2823 rospeximus
1094 2743 1137 2804 de
1164 2763 1264 2803 uxore

143 2823 230 2886 servi
257 2823 310 2885 vel
333 2823 482 2901 aldionis,
505 2823 583 2905 quia
606 2824 632 2886 si
655 2824 694 2886 de
717 2825 819 2884 libero
836 2764 970 2885 Iromine
989 2824 1158 2908 quispiam
1170 2825 1265 2899 miser

142 2905 241 2967 homo
271 2904 441 2966 mulierem
467 2906 678 2985 adulteravit,
708 2907 749 2967 ad
781 2908 933 2967 maritum
962 2906 1031 2967 eius
1066 2918 1263 2991 componat,

144 2988 267 3134 ppiamsi
286 3008 352 3046 non
381 2987 498 3050 habeat
523 3009 593 3050 eam
612 2988 825 3050 muudiatam:
850 3011 924 3052 uam
942 3009 1009 3050 uon
1037 2991 1081 3052 ad
1100 2999 1262 3076 parentes.

179 3092 263 3137 ,ra
304 3113 312 3129 .

224 3091 324 3216 cxi.
347 3149 579 3231 (LXXXVII.)
607 3152 728 3234 Siquis
747 3153 831 3215 liber
843 3151 939 3216 homo
959 3152 1116 3216 habuerit
1133 3177 1262 3219 serrum

142 3237 196 3301 vel
224 3235 386 3311 ancillam,
412 3233 533 3296 aldium
559 3235 612 3298 vel
639 3235 767 3316 aldium,
792 3237 998 3320 coniugator,
1028 3247 1062 3298 et
1084 3237 1261 3322 instigante

142 3318 277 3380 inimico
303 3316 437 3378 humani
459 3318 588 3400 generis
604 3338 677 3378 cum
690 3318 757 3400 ipsa
775 3319 903 3398 ancilla,
925 3340 1006 3402 quae
1029 3340 1167 3382 servum
1194 3322 1261 3384 eius

142 3403 177 3463 in
196 3400 347 3463 maritum
358 3399 483 3479 habuit,
502 3409 556 3462 aut
574 3422 648 3464 curn
669 3401 766 3478 aldio,
788 3423 870 3482 quae
888 3425 962 3463 cum
975 3400 1106 3464 aldione
1122 3405 1196 3466 eius
1212 3426 1262 3465 co·

141 3484 250 3582 pulata
269 3492 328 3561 est,
359 3482 556 3545 adulterium
573 3486 821 3566 perpetraverit:
841 3485 884 3544 ita
898 3485 1079 3563 statuimus,
1097 3495 1135 3546 ut
1149 3487 1261 3569 perdat

141 3588 246 3651 ipsum
260 3587 388 3627 servum
402 3572 459 3626 aut
472 3567 645 3643 aldionem,
662 3565 753 3627 cuius
771 3573 907 3628 uxorem
919 3568 1155 3630 adulteraverit
1170 3577 1204 3630 et
1218 3571 1261 3652 ip·

142 3671 208 3713 sam
218 3649 398 3726 mulierem,
409 3658 444 3709 ut
452 3648 547 3709 simul
562 3648 783 3710 vadantliberi
799 3660 832 3710 et
846 3650 983 3712 absoluti
998 3650 1182 3728 fulfreales,
1194 3662 1263 3712 tan·

142 3753 239 3815 quam
255 3731 282 3792 si
293 3730 429 3813 thiugati
441 3731 590 3803 fuissent,
607 3731 663 3792 ubi
679 3731 859 3795 voluerint:
874 3733 950 3814 quia
965 3755 1030 3793 non
1043 3743 1091 3794 est
1103 3733 1262 3817 placitum

141 3819 212 3877 Deo
226 3821 263 3875 ut
284 3813 401 3896 aliquis
416 3812 512 3874 homo
535 3836 609 3875 cum
623 3835 723 3875 uxore
745 3814 849 3876 aliena
871 3816 987 3877 debeat
1002 3815 1173 3883 fornicari.
1205 3818 1263 3878 Ta·

142 3919 217 3960 meu
248 3895 288 3958 de
314 3896 382 3980 ipsa
409 3896 558 3957 libertate
585 3897 629 3957 ita
659 3895 812 3974 dioImus,
845 3899 934 3980 quod
959 3919 1025 3958 non
1051 3910 1194 3979 possunt
1217 3901 1262 3960 sio
1315 3920 1316 3923 ’

41 4032 43 4037 .
142 3981 213 4044 sine
237 3998 315 4042 vera
343 3978 543 4040 absolutione
571 3979 640 4042 veri
669 3976 764 4040 liberi
792 4000 881 4058 esse,
903 3980 965 4042 nisi
993 3980 1079 4040 sieut
1104 3982 1264 4044 Edictum

142 4062 291 4124 contiuet
304 4105 314 4139 ,
339 4071 394 4122 aut
415 4081 474 4145 per
496 4059 603 4133 thina,
631 4070 687 4121 aut
711 4060 796 4122 cirea
821 4063 942 4142 altare,
964 4061 1048 4124 sicut
1072 4084 1134 4125 nos
1167 4065 1263 4128 insti-

142 4146 271 4206 tuimus.
316 4144 461 4226 Ideoque
489 4143 624 4206 veniant
649 4143 690 4220 ad
710 4145 864 4227 palatium
890 4145 931 4206 ad
956 4167 1026 4223 nos,
1049 4155 1086 4223 ‚et
1116 4149 1177 4229 qui
1206 4169 1263 4232 pro

141 4237 287 4315 tempore
312 4226 469 4312 Princeps
494 4225 587 4289 istius
609 4235 714 4289 terrae
737 4228 855 4307 fuerit,
882 4228 951 4312 ipse
973 4249 1027 4291 eos
1047 4228 1208 4304 absolvat
1234 4238 1263 4293 et
