2684 4868
268 281 372 336 nauis
391 279 684 341 wisseornonun
702 279 767 350 ass.
788 281 832 335 rx.
852 281 924 337 nr.
944 284 983 342 n.
1135 267 1210 340 609

93 421 239 512 praemio
255 427 481 501 consequatur.
510 419 667 481 Similiter
688 430 720 481 et
739 418 857 518 siquis
876 423 1105 508 qualecunque
1122 445 1211 488 man.

96 507 217 590 cipium
244 505 284 566 ab
308 503 446 563 inimicis
470 502 712 581 sollicitaverit,
739 512 772 565 et
793 503 854 587 ipsi
881 507 1043 589 mancipio
1065 511 1208 591 patroci-

95 591 188 652 nium
211 597 265 649 ant
289 584 463 646 consilinm
487 585 702 668 praestiterit,
731 594 763 646 et
784 607 858 648 enm
891 587 931 648 ad
952 600 1076 650 certum
1104 592 1209 653 domi-

96 693 176 734 num
196 668 403 753 perduxerit:
433 668 622 750 quicunqne
653 666 752 728 fuerit
779 669 906 751 agnitus
929 672 992 733 boc
1013 673 1128 735 fecisse
1149 675 1209 736 de·

95 756 210 817 cimam
236 761 360 836 partem
383 749 540 812 mercedis
565 749 703 834 protuli
724 771 834 814 caussa
854 762 910 814 ant
932 764 1053 818 eventu
1075 756 1209 818 omuino

96 836 237 922 excipiat
256 833 435 896 habiturus.
855 831 858 842 '

315 997 407 1065 VIII.
450 1021 481 1062 an
503 1019 621 1061 nonina
645 1019 759 1062 nounn
781 1019 896 1065 nanas
916 1021 985 1064 arx.

119 1141 209 1228 Quid
224 1139 337 1204 debeat
358 1140 520 1203 observari
539 1141 568 1200 si
589 1139 773 1238 scandulum
792 1139 880 1223 iufra
895 1139 990 1226 fines
1008 1141 1186 1227 Hispaniae

564 1235 764 1288 surrexerat..
776 1243 780 1250 '

99 1359 107 1368 ·
180 1332 276 1416 Cogit
296 1341 422 1394 nostrae
444 1330 565 1415 gloriae
588 1329 797 1392 saluberrima
819 1329 981 1408 intentio,
1015 1340 1052 1412 nt
1070 1331 1208 1394 aientia

98 1415 288 1480 dirimendis
309 1415 447 1498 negotiis
467 1413 672 1497 populorum,
689 1413 797 1496 legum
815 1422 863 1473 est
877 1413 1047 1475 auotoritas
1066 1419 1211 1497 promut-

98 1518 191 1584 gata,
223 1499 267 1558 ita
302 1498 336 1557 in
364 1498 461 1559 rebus
484 1495 612 1557 bellicis
641 1505 753 1558 mutuo
776 1494 907 1558 suffulta
935 1497 1094 1579 praesidio
1117 1497 1212 1557 liabi-

98 1585 141 1645 lis
164 1581 204 1641 ad
220 1579 470 1664 expugnandum
490 1587 627 1656 maneat,
649 1579 857 1640 fraternitatis
878 1578 1053 1640 dilectione
1074 1589 1209 1645 retenta.

98 1665 256 1730 Prodesse,
276 1664 364 1724 euim
385 1661 568 1722 hominibus
593 1661 811 1744 tranquillitas
841 1670 947 1722 nostra
968 1681 1034 1721 non
1059 1661 1210 1744 ambigit,

99 1747 128 1810 si
158 1753 349 1808 cunctorum
372 1745 494 1806 animos
526 1743 566 1804 ad
597 1744 717 1804 bonum
743 1743 944 1826 propositum
968 1742 1099 1806 classica
1129 1745 1210 1826 legis

98 1829 177 1891 tuba
199 1828 363 1890 evocando
387 1826 611 1908 constringats
643 1825 768 1887 scilicet
793 1834 934 1908 atquae
963 1826 997 1888 in
1028 1827 1212 1908 praeteritio

98 1934 165 1974 non
188 1910 271 1972 bene
299 1910 445 1972 ordinata
467 1909 664 1986 discurrunt,
684 1909 837 1990 deinceps
858 1908 1008 1991 disposita
1033 1909 1211 1990 opitulante

100 1995 232 2058 domino
255 1993 288 2051 in
308 1993 425 2054 melius
443 1991 695 2076 proficiscantur.
738 1992 780 2052 Et
794 1991 867 2052 ideo
885 1990 983 2053 huius
1005 1993 1088 2052 male
1111 1992 1227 2071 usitata,

99 2086 151 2138 tae
175 2074 419 2138 consuetudinis
451 2095 556 2135 mores
581 2083 687 2134 nostra
712 2072 883 2136 clementia
910 2071 1146 2156 perhorrescit,
1179 2082 1213 2134 et

100 2160 242 2221 taediose
258 2158 384 2236 tolerat,
399 2158 486 2239 quod
500 2178 559 2241 per
571 2157 775 2238 quorundam
790 2156 948 2216 incuriam
962 2155 1147 2296 frequentqq
1160 2177 1213 2216 oc·

102 2248 235 2303 currant
251 2239 372 2322 patriae
387 2241 533 2322 dampna.
558 2239 638 2299 Nam
655 2240 938 2321 quotienscunque
955 2237 1062 2321 aliqua
1083 2237 1116 2316 in

101 2326 149 2386 tio
163 2324 368 2385 inimicorum
382 2322 415 2381 in
428 2321 612 2404 provincias
627 2321 721 2404 regni
738 2321 838 2382 nostri
853 2343 886 2382 se
902 2320 1032 2406 ingerit,
1047 2317 1210 2382 dnnr'nos·

60 2469 63 2476 ,
101 2407 160 2470 tris
178 2405 374 2482 bominibus,
396 2406 454 2486 qui
478 2404 511 2464 in
535 2400 677 2465 confinio
699 2405 840 2466 externis
861 2403 1011 2486 gentibus
1031 2397 1212 2485 adiungun-

100 2499 165 2567 tur,
192 2487 318 2549 hostilis
345 2486 486 2548 surrexit
504 2485 648 2549 bellandi
671 2486 862 2549 necessitas:
891 2485 934 2546 ita
961 2485 1092 2568 quidam
1116 2485 1214 2558 l'acil-¹

100 2573 178 2633 lima
197 2594 230 2632 se
251 2569 418 2632 occasione
442 2568 745 2654 dispergunt,mod0
764 2568 1005 2631 transductione
1020 2565 1094 2648 loci,
1116 2568 1212 2628 modo

100 2653 303 2731 livore'odii,
331 2651 548 2712 modoetiam
571 2651 832 2734 impossibilitatis
855 2648 1109 2712 dissimulatione
1134 2649 1211 2712 sub·

103 2735 185 2812 nixi,
205 2736 292 2795 utin
319 2757 357 2796 eo
381 2735 559 2816 praeliandi
582 2733 755 2808 certamine
778 2755 862 2796 unns
887 2735 979 2795 alteri
999 2735 1141 2797 fraterna
1161 2730 1211 2793 sb-

102 2817 179 2878 latia
207 2838 272 2878 non
293 2816 473 2900 impendat:
501 2826 533 2878 ct
557 2818 615 2878 snb
634 2816 694 2877 hec
713 2817 899 2893 occasione,
929 2816 1041 2900 utqui
1063 2836 1211 2899 praesen·
1269 2880 1274 2890 ,

101 2910 171 2962 tare
191 2920 224 2961 se
247 2922 305 2982 pro
329 2898 466 2983 publicis
489 2900 680 2961 utilitatibus
697 2900 850 2961 audacter
870 2901 1022 2976 voluerit,
1050 2921 1126 2960 casu
1150 2899 1211 2957 im-

102 2983 255 3044 minentis
281 2982 420 3065 periculi
445 2982 483 3042 ab
507 2981 696 3045 adversariis
717 2983 901 3064 perimatur.
923 3015 924 3018 =
944 2982 1023 3043 ldeo
1049 2977 1210 3064 praesenti

94 3065 266 3126 sanctione
291 3063 514 3142 decernimus,
536 3076 608 3126 uta
636 3064 688 3125 die
716 3065 796 3146 legis
826 3064 923 3126 buius
943 3072 1130 3146 praenotato
1158 3061 1211 3120 vel

101 3156 258 3230 tempore,
286 3146 313 3208 si
337 3147 501 3228 quaelihet
521 3147 692 3210 adversitas
721 3147 926 3208 inimicorum
954 3149 1065 3207 contra
1088 3154 1212 3228 partem

104 3238 247 3290 nostram
272 3239 429 3291 commota
456 3230 622 3308 extiterit,
652 3251 710 3290 seu
736 3230 779 3292 sit
803 3229 1001 3312 Episcopus,
1025 3228 1091 3290 sive
1115 3227 1212 3286 etiam

102 3311 137 3372 in
163 3333 360 3393 quocunque
386 3311 602 3376 ecclesiastico
624 3311 736 3372 ordine
762 3311 966 3387 constitutus,
990 3332 1047 3372 scu
1072 3309 1114 3372 sit
1135 3309 1212 3369 Dux

13 3446 27 3474 ,
102 3403 157 3454 ant
183 3395 317 3471 Comes,
349 3393 545 3476 thinpbadus
571 3403 625 3455 ant
644 3393 804 3466 vicarius,
833 3394 1007 3476 gardingus
1032 3394 1085 3454 rel
1111 3413 1213 3474 qnae-

101 3475 184 3536 libet
203 3497 350 3559 persona,
379 3477 432 3538 cni
455 3487 511 3537 aut
529 3497 569 3539 ex
592 3477 661 3559 ipso
685 3476 725 3538 sit
748 3477 962 3551 commissum,
988 3475 1043 3536 nbi
1068 3473 1213 3536 adversi-

1134 2247 1213 2300 esta·
1325 2281 1328 2290 ι

101 3567 149 3620 tas
173 3558 240 3641 ipsa
265 3560 462 3637 occurrerit,
483 3570 538 3621 aut
564 3580 604 3622 ex
629 3560 731 3620 altero
759 3559 872 3653 quiin
903 3558 1068 3620 vicinitate
1095 3557 1213 3618 adinn-
1314 3636 1317 3640 ἢ

103 3641 200 3722 gitur,
221 3641 273 3702 vel
294 3641 482 3725 quicunque
507 3643 539 3702 in
563 3640 689 3704 casdem
706 3641 886 3723 provincias
905 3641 958 3701 vel
980 3639 1142 3702 territoria
1158 3659 1213 3700 sn·

101 3723 296 3804 perveniens
325 3723 407 3784 infra
432 3735 562 3786 centum
586 3723 690 3784 millia
708 3723 841 3806 positus,
862 3723 967 3784 statim
989 3723 1045 3782 nbi
1071 3723 1213 3784 necessi-

101 3812 150 3864 tas
170 3808 356 3884 emerserit,
380 3829 454 3868 mox
481 3830 499 3868 a
523 3808 605 3868 duce
634 3827 691 3866 seu
718 3805 854 3885 comite,
891 3804 1071 3887 thinpbado
1094 3805 1147 3866 rel
1168 3803 1215 3866 vi·

102 3885 211 3965 cario,
242 3898 298 3948 aut
326 3911 344 3948 a
371 3890 517 3971 quolibet
541 3888 640 3950 fuerit
663 3887 868 3962 admonitus,
900 3889 952 3950 vcl
983 3887 1145 3968 quomodo
1173 3888 1215 3948 ad

83 3990 192 4030 ⁴suam
215 3969 432 4052 cognitionem
457 3971 653 4054 pervenerit,
676 3970 768 4035 etad
789 3971 1012 4032 defensionem
1035 3970 1139 4051 gentis
1161 3971 1214 4031 rel

100 4051 223 4133 patriae
253 4063 379 4115 nostrae
408 4065 556 4138 paratus,
583 4075 657 4115 cnm
679 4053 766 4115 omni
795 4053 913 4115 virtute
937 4075 994 4116 sna
1015 4074 1079 4134 qua
1100 4053 1214 4113 value-

100 4131 166 4210 rit,
195 4155 260 4194 non
283 4135 398 4212 fuerit,
430 4147 462 4198 et
493 4136 694 4219 quibuslibet
720 4136 950 4199 subtilitatibus
971 4136 1023 4198 vel
1052 4134 1215 4216 requisitis

102 4215 324 4282 occasionibus
339 4218 417 4282 alibi
438 4241 472 4284 se
495 4220 670 4284 transferre
693 4221 745 4284 vel
768 4241 921 4284 excusare
942 4217 1098 4284 volnerits
1124 4227 1160 4280 nt
1180 4217 1214 4280 iu

919 4335 967 4406 39
