2648 4874
284 309 390 368 uacrs
402 305 695 383 ,w1s1ooruoaua
714 308 777 362 na
797 306 927 364 uaris.
943 307 977 368 a.
1120 286 1196 364 459

399 445 493 511 VIII.
518 465 580 510 sas.
602 469 668 515 cus.
690 469 775 512 osas.
794 469 869 512 sax.

83 567 130 632 Nc
150 567 208 629 sub
236 563 331 628 anius
360 563 484 626 nomine
511 583 654 641 caussae,
687 565 865 628 resultans
890 562 947 624 nel
969 581 1109 650 persona
1132 561 1196 626 cat·

153 650 231 712 Iidis
255 645 494 733 definitionibus
514 645 682 730 obligetur:
713 647 753 707 de
771 669 876 732 poena
900 647 1011 727 etiam,
1041 665 1120 728 quae

251 801 256 810 Ι
420 729 461 787 sit
481 729 515 788 in
527 729 653 811 placitis
676 729 854 796 inserenda,

62 805 66 814 ⁸
167 812 283 879 Pravis
305 834 342 875 ac
363 809 510 892 malignis
536 811 678 873 moribus
707 810 926 894 improborum
947 811 1086 875 iustitiae
1110 831 1196 875 sem-

83 921 142 986 per
162 907 211 960 est
236 895 409 960 sententiis
434 893 639 954 obviandum.
693 893 837 976 Ideoque
868 898 945 978 quia
971 897 1040 957 dira
1061 915 1196 978 perver-

83 999 193 1045 sorum
215 975 392 1062 cupiditas
406 976 449 1036 ita
470 995 564 1059 saepe
586 975 741 1056 plurimos
766 998 922 1038 novarum
946 979 1107 1040 fraudium
1124 999 1197 1038 mo·

55 1066 202 1135 ,Iitioue
238 1062 448 1142 coulaqueat,
480 1067 518 1120 ut
550 1077 624 1118 cum
657 1077 783 1142 prore
814 1059 958 1141 qualibet
988 1060 1196 1145 adimplenda

82 1148 125 1210 sit
150 1145 302 1230 pactio„
323 1164 375 1216 res
403 1162 515 1204 eorum
544 1140 639 1205 simul
673 1141 818 1224 obligent
849 1152 882 1205 et
922 1165 1092 1227 personas,
1130 1140 1194 1204 hoc

82 1229 157 1292 fieri
185 1225 371 1304 omnimodo
392 1221 614 1305 'probibemus
674 1224 739 1286 Sed
759 1223 909 1307 quotiens
931 1225 1101 1288 undelibet
1124 1225 1199 1308 pla-

83 1314 188 1376 citum
216 1307 450 1383 conscribitur,
484 1326 550 1366 uon
580 1305 717 1390 amplius
743 1307 776 1370 in
807 1308 1049 1392 transgressoris
1066 1328 1193 1394 poena,

84 1417 184 1478 quam
204 1389 349 1474 duplatio
370 1387 554 1466 reddendae
573 1389 640 1466 rei,
667 1391 721 1451 sel
747 1389 891 1486 triplatio
913 1413 1135 1468 nummorum,
1158 1390 1194 1451 iu

82 1475 302 1544 satisfactione
327 1481 469 1537 taxetura
505 1481 563 1550 res'
580 1480 686 1533 tamen
715 1493 818 1534 omnis
845 1483 900 1541 aut
929 1496 1065 1556 persona
1090 1474 1197 1535 nulla·

82 1569 184 1622 tenus
211 1556 380 1639 obligetur.
443 1550 528 1632 Quia
556 1551 711 1615 iuiustum
739 1555 869 1638 penitus
898 1556 1130 1639 approbamus,
1158 1563 1195 1634 ut

82 1641 185 1704 unius
205 1661 314 1702 caussa
343 1635 465 1708 debiti,
498 1655 608 1697 rerum
634 1636 689 1698 fiet
717 1637 861 1697 omnium
890 1639 1029 1720 perditio
1050 1639 1103 1703 uel
1124 1659 1196 1721 pen·

84 1744 194 1795 sonae.
257 1717 605 1802 Quodcunqueigitur
631 1728 742 1792 contra
771 1719 853 1802 Iegis
881 1719 979 1782 buius
1009 1721 1194 1799 decretum,

25 1859 29 1868 Δ
86 1803 306 1888 conscriptum
335 1801 492 1886 placitum
521 1801 590 1864 sive
621 1801 767 1866 definitio
798 1806 880 1863 sacta
911 1802 1029 1881 fuerit,
1058 1804 1196 1868 ubicun-

85 1903 151 1970 qne
182 1887 224 1948 sit
247 1896 393 1968 reperta,
437 1905 537 1946 vacua
564 1884 755 1946 omnimodis
783 1893 814 1946 et
841 1885 985 1948 inualida
1014 1893 1196 1970 reputetur.

85 1972 163 2034 Sola
182 1989 260 2032 vero
282 1977 419 2050 potestas
438 1966 528 2048 regia
558 1966 620 2029 erit
648 1965 681 2029 iu
710 1967 862 2030 omnibus
897 1968 1018 2048 libera,
1045 1968 1196 2052 qualem·

85 2073 217 2138 cunque
237 2050 368 2114 iusserit
387 2049 422 2110 in
442 2048 569 2134 placitis
590 2047 711 2113 inferre
731 2071 880 2134 poenam.

466 2286 470 2292 Ι
521 2203 578 2268 ΙΧ.
606 2223 755 2282 annuus.

88 2322 189 2422 prod
209 2323 310 2387 omnis
338 2322 497 2406 scriptura
520 2321 577 2382 ναῖ’
589 2317 757 2404 depictam,
785 2341 865 2405 prece
888 2321 1040 2407 pervim
1063 2334 1096 2386 et
1126 2341 1194 2384 πισ-

194 2431 199 2440 ’
271 2419 337 2466 tum
367 2415 497 2470 extorta
512 2402 634 2484 fuerit,
662 2404 771 2465 valere
798 2425 863 2464 non
883 2406 1013 2490 poterit.
1222 2406 1224 2414 ’

169 2487 308 2568 Pactum
329 2492 416 2568 quod
439 2486 578 2569 pervim
600 2493 632 2548 et
653 2496 774 2549 metum
795 2487 965 2550 extorserit
983 2507 1122 2570 persona
1140 2507 1196 2571 po·

82 2570 209 2634 tectior·
234 2572 287 2631 vel
308 2567 446 2635 inferior
474 2567 539 2630 sive
562 2568 678 2650 placita
698 2569 751 2632 uel
773 2569 916 2653 reliquas
941 2570 1131 2653 scripturas,
1160 2569 1195 2632 id

84 2664 151 2733 est,
179 2653 207 2715 si
228 2652 284 2712 ille
315 2650 372 2733 qui
390 2649 587 2732 paciscitur,
616 2661 672 2713 aut
700 2651 734 2734 iu
765 2655 911 2715 custodia
939 2653 1098 2732 mittitur,
1138 2661 1194 2714 aut

82 2738 143 2800 sub
170 2735 276 2818 gladio
297 2741 433 2794 mortem
457 2733 540 2794 forte
559 2733 725 2812 timuerit,
753 2745 809 2796 aut
830 2756 870 2797 ne
892 2756 1012 2818 poenas
1030 2757 1196 2818 quascun-

83 2841 150 2901 que
170 2818 224 2878 veI
250 2814 460 2898 ignominiam
492 2813 663 2896 patiatur,‚
686 2816 736 2879 scl
762 2827 860 2880 certe,
880 2819 907 2880 si
935 2818 1076 2900 aliquam
1103 2817 1193 2880 iniu-

82 2903 163 2964 riam
184 2921 298 2982 passus
316 2898 433 2959 suerita
452 2896 638 2993 bui'usmodi
657 2898 762 2983 pactio
783 2900 838 2965 vel
855 2900 1015 2987 scriptura
1027 2899 1195 2986 quaelibet

86 2984 211 3047 nullam
237 2980 354 3046 habeat
377 2979 569 3043 firmitatem.

289 3147 293 3156 ·
379 3127 424 3199 X.
484 3153 545 3198 sss.
587 3151 653 3195 oss.
693 3153 781 3195 scus.
822 3155 891 3212 asu.

333 3245 388 3306 De
409 3242 574 3340 superfluis
596 3247 760 3328 scripturis
778 3249 941 3331 confectis

65 3391 68 3397 ,
167 3329 291 3393 Plenae
314 3328 515 3391 discretionis
538 3329 616 3390 ordo
638 3335 685 3390 e‘s‘t
705 3331 836 3407 incertis
853 3331 1006 3392 adhibere
1031 3327 1193 3414 cognitio-

85 3433 182 3490 nem,
204 3421 237 3476 et
266 3411 371 3474 dubiis
390 3409 552 3488 coniicere
574 3413 680 3478 fidem.
723 3414 807 3491 Quia
829 3436 905 3497 ergo
925 3414 963 3476 de
987 3420 1071 3475 statu
1089 3411 1197 3494 scrip-

87 3505 232 3558 turarum
254 3495 336 3558 solet
359 3491 502 3554 dubietas
525 3492 560 3555 iu
590 3497 817 3560 controversiis
838 3498 972 3558 exorIri:
1002 3498 1075 3560 ideo
1097 3516 1193 3580 prae-

87 3587 180 3661 cepto
206 3576 393 3640 decernitur
407 3575 567 3654 evidenti,
587 3587 624 3638 ut
646 3575 841 3663 quicunque·
857 3581 1000 3642 virorum
1022 3601 1059 3645 ao
1075 3579 1193 3642 foemi-

87 3681 201 3738 narum
222 3666 422 3735 testamenta,
444 3658 644 3738 donationes,
667 3663 768 3742 dotes,
789 3663 841 3727 vel
863 3685 1074 3746 quascunque
1091 3663 1194 3746 scrip-

85 3753 172 3804 turas
197 3743 348 3818 conficit,
378 3740 515 3822 amplius
538 3764 634 3824 quam
665 3746 717 3806 lex
742 3747 850 3824 iubet,
879 3747 913 3806 in
941 3747 1192 3829 quibuscunque

86 3826 229 3914 partibus
252 3824 488 3906 sive'personis,
503 3825 557 3884 vel
579 3836 689 3887 contra
703 3829 901 3890 sanctionem
923 3829 1015 3912 legis,
1046 3831 1086 3892 de
1111 3851 1193 3912 qua-

84 3899 290 3990 rumcunque
310 3927 419 3967 rerum
437 3906 660 3971 distributione
680 3911 866 3990 decreverit,
887 3935 952 3974 non
974 3913 1048 3974 ideo
1068 3921 1192 3973 extoto

86 3992 266 4052 habeantur
285 3988 446 4064 invalida,
497 3991 550 4049 uia
571 3993 650 4052 ordo
694 3995 978 4058 raefixus'videtur
999 4017 1067 4058 esse
1092 3991 1193 4056 traxis-

87 4095 236 4156 gressus:
261 4074 319 4134 sed
343 4011 549 4132 manentibus
578 4085 722 4154 cunctas,
756 4099 838 4164 quae
858 4075 1017 4141 salubrius
1041 4099 1081 4140 ex
1109 4076 1191 4158 Iegis

87 4157 277 4217 anctoritate
297 4155 485 4232 subsistunt,
507 4155 565 4216 illa
583 4158 650 4218 sola
670 4159 832 4238 decidant,
853 4157 943 4243 quae·
958 4168 1068 4222 contra
1085 4161 1192 4243 legera

87 4239 298 4307 inveniuntur
317 4258 448 4304 manere
457 4237 625 4332 descripta
640 4251 738 4330 atque
761 4243 900 4311 decreta.
933 4242 1102 4312 Huius-sei
1123 4241 1193 4314 evi·
