<?xml version="1.0" encoding="UTF-8"?>
<!DOCTYPE html PUBLIC "-//W3C//DTD XHTML 1.0 Transitional//EN"
    "http://www.w3.org/TR/xhtml1/DTD/xhtml1-transitional.dtd">
<html xmlns="http://www.w3.org/1999/xhtml" xml:lang="en" lang="en">
 <head>
  <title>
</title>
<meta http-equiv="Content-Type" content="text/html;charset=utf-8" />
  <meta name='ocr-system' content='tesseract 3.04.00' />
  <meta name='ocr-capabilities' content='ocr_page ocr_carea ocr_par ocr_line ocrx_word'/>
</head>
<body>
  <div class='ocr_page' id='page_1' title='image "./corpusiurisgerm00visigoog_0093.png"; bbox 0 0 2648 4874; ppageno 0'>
   <div class='ocr_carea' id='block_1_1' title="bbox 129 247 1038 346">
    <p class='ocr_par' dir='ltr' id='par_1_1' title="bbox 129 247 1038 376">
     <span class='ocr_line' id='line_1_1' title="bbox 129 247 1038 346; baseline -0.002 -2"><span class='ocrx_word' id='word_1_1' title='bbox 129 271 205 344; x_wconf 78' lang='lat'><strong>500</strong></span> <span class='ocrx_word' id='word_1_2' title='bbox 305 247 430 346; x_wconf 66' lang='lat' dir='ltr'><strong>&#39;ansis</strong></span> <span class='ocrx_word' id='word_1_3' title='bbox 447 286 738 344; x_wconf 84' lang='lat' dir='ltr'><strong>wrsrcornonun</strong></span> <span class='ocrx_word' id='word_1_4' title='bbox 762 285 826 346; x_wconf 82' lang='lat' dir='ltr'><strong>uo.</strong></span> <span class='ocrx_word' id='word_1_5' title='bbox 844 283 891 341; x_wconf 70' lang='grc' dir='ltr'><strong>ιν.</strong></span> <span class='ocrx_word' id='word_1_6' title='bbox 910 285 980 342; x_wconf 85' lang='lat' dir='ltr'><strong>rrr.</strong></span> <span class='ocrx_word' id='word_1_7' title='bbox 1000 285 1038 342; x_wconf 80' lang='grc' dir='ltr'><strong>ιι.</strong></span> 
     </span>
    </p>
   </div>
   <div class='ocr_carea' id='block_1_2' title="bbox 46 425 1240 844">
    <p class='ocr_par' dir='ltr' id='par_1_2' title="bbox 46 425 1240 844">
     <span class='ocr_line' id='line_1_2' title="bbox 128 425 1240 514; baseline -0.004 -20"><span class='ocrx_word' id='word_1_8' title='bbox 128 429 330 514; x_wconf 78' lang='lat' dir='ltr'><strong>possidebat,</strong></span> <span class='ocrx_word' id='word_1_9' title='bbox 364 428 450 490; x_wconf 91' lang='lat' dir='ltr'><strong>idem</strong></span> <span class='ocrx_word' id='word_1_10' title='bbox 474 425 561 488; x_wconf 88' lang='lat' dir='ltr'><strong>filius</strong></span> <span class='ocrx_word' id='word_1_11' title='bbox 593 425 687 488; x_wconf 86' lang='lat' dir='ltr'><strong>uxori</strong></span> <span class='ocrx_word' id='word_1_12' title='bbox 717 446 792 488; x_wconf 85' lang='lat' dir='ltr'><strong>suae</strong></span> <span class='ocrx_word' id='word_1_13' title='bbox 816 425 869 486; x_wconf 80' lang='lat' dir='ltr'><strong>vel</strong></span> <span class='ocrx_word' id='word_1_14' title='bbox 891 425 1076 507; x_wconf 85' lang='lat' dir='ltr'><strong>cuicunque</strong></span> <span class='ocrx_word' id='word_1_15' title='bbox 1107 435 1240 489; x_wconf 77' lang='lat' dir='ltr'><strong>eonces-</strong></span> 
     </span>
     <span class='ocr_line' id='line_1_3' title="bbox 129 509 1239 592; baseline -0.005 -14"><span class='ocrx_word' id='word_1_16' title='bbox 129 515 225 578; x_wconf 77' lang='lat' dir='ltr'><strong>seritz</strong></span> <span class='ocrx_word' id='word_1_17' title='bbox 247 513 338 572; x_wconf 85' lang='lat' dir='ltr'><strong>firma</strong></span> <span class='ocrx_word' id='word_1_18' title='bbox 357 511 430 573; x_wconf 88' lang='lat' dir='ltr'><strong>talis</strong></span> <span class='ocrx_word' id='word_1_19' title='bbox 454 510 642 572; x_wconf 84' lang='lat' dir='ltr'><strong>donatioin</strong></span> <span class='ocrx_word' id='word_1_20' title='bbox 668 511 798 570; x_wconf 90' lang='lat' dir='ltr'><strong>nomine</strong></span> <span class='ocrx_word' id='word_1_21' title='bbox 820 509 940 587; x_wconf 88' lang='lat' dir='ltr'><strong>uxoris,</strong></span> <span class='ocrx_word' id='word_1_22' title='bbox 962 517 995 569; x_wconf 90' lang='lat' dir='ltr'><strong>et</strong></span> <span class='ocrx_word' id='word_1_23' title='bbox 1013 509 1239 592; x_wconf 86' lang='lat' dir='ltr'><strong>cuiuscunque</strong></span> 
     </span>
     <span class='ocr_line' id='line_1_4' title="bbox 46 591 1238 678; baseline -0.003 -20"><span class='ocrx_word' id='word_1_24' title='bbox 46 641 51 646; x_wconf 84' lang='lat'><em>-</em></span> <span class='ocrx_word' id='word_1_25' title='bbox 131 595 313 678; x_wconf 87' lang='lat' dir='ltr'><strong>conscripta</strong></span> <span class='ocrx_word' id='word_1_26' title='bbox 334 592 493 670; x_wconf 90' lang='lat' dir='ltr'><strong>manebit,</strong></span> <span class='ocrx_word' id='word_1_27' title='bbox 516 593 542 654; x_wconf 91' lang='lat' dir='ltr'><strong>si</strong></span> <span class='ocrx_word' id='word_1_28' title='bbox 569 602 674 655; x_wconf 88' lang='lat' dir='ltr'><strong>tamen</strong></span> <span class='ocrx_word' id='word_1_29' title='bbox 700 592 761 653; x_wconf 88' lang='lat' dir='ltr'><strong>filii</strong></span> <span class='ocrx_word' id='word_1_30' title='bbox 787 592 827 654; x_wconf 89' lang='lat' dir='ltr'><strong>de</strong></span> <span class='ocrx_word' id='word_1_31' title='bbox 853 591 968 654; x_wconf 84' lang='lat' dir='ltr'><strong>eodem</strong></span> <span class='ocrx_word' id='word_1_32' title='bbox 992 591 1145 674; x_wconf 90' lang='lat' dir='ltr'><strong>coniugio</strong></span> <span class='ocrx_word' id='word_1_33' title='bbox 1170 613 1238 674; x_wconf 85' lang='lat' dir='ltr'><strong>non</strong></span> 
     </span>
     <span class='ocr_line' id='line_1_5' title="bbox 129 673 1237 759; baseline -0.003 -19"><span class='ocrx_word' id='word_1_34' title='bbox 129 679 264 743; x_wconf 89' lang='lat' dir='ltr'><strong>fuerint.</strong></span> <span class='ocrx_word' id='word_1_35' title='bbox 305 678 386 738; x_wconf 89' lang='lat' dir='ltr'><strong>Nam</strong></span> <span class='ocrx_word' id='word_1_36' title='bbox 409 677 437 738; x_wconf 93' lang='lat' dir='ltr'><strong>si</strong></span> <span class='ocrx_word' id='word_1_37' title='bbox 457 675 516 736; x_wconf 87' lang='lat' dir='ltr'><strong>filii</strong></span> <span class='ocrx_word' id='word_1_38' title='bbox 539 675 725 758; x_wconf 79' lang='lat' dir='ltr'><strong>superstites</strong></span> <span class='ocrx_word' id='word_1_39' title='bbox 745 673 927 752; x_wconf 78' lang='lat' dir='ltr'><strong>extiterint,</strong></span> <span class='ocrx_word' id='word_1_40' title='bbox 962 673 1041 736; x_wconf 91' lang='lat' dir='ltr'><strong>ordo</strong></span> <span class='ocrx_word' id='word_1_41' title='bbox 1063 673 1237 759; x_wconf 84' lang='lat' dir='ltr'><strong>superioris</strong></span> 
     </span>
     <span class='ocr_line' id='line_1_6' title="bbox 129 759 737 844; baseline -0.008 -22"><span class='ocrx_word' id='word_1_42' title='bbox 129 761 212 844; x_wconf 89' lang='lat' dir='ltr'><strong>legis</strong></span> <span class='ocrx_word' id='word_1_43' title='bbox 233 759 462 842; x_wconf 89' lang='lat' dir='ltr'><strong>incunctanter</strong></span> <span class='ocrx_word' id='word_1_44' title='bbox 482 759 659 820; x_wconf 85' lang='lat' dir='ltr'><strong>servandus</strong></span> <span class='ocrx_word' id='word_1_45' title='bbox 681 767 737 820; x_wconf 86' lang='lat' dir='ltr'><strong>est.</strong></span> 
     </span>
    </p>
   </div>
   <div class='ocr_carea' id='block_1_3' title="bbox 385 903 981 968">
    <p class='ocr_par' dir='ltr' id='par_1_3' title="bbox 385 903 981 968">
     <span class='ocr_line' id='line_1_7' title="bbox 385 903 981 968; baseline -0.005 0"><span class='ocrx_word' id='word_1_46' title='bbox 385 903 474 968; x_wconf 86' lang='lat' dir='ltr'><strong>XIX.</strong></span> <span class='ocrx_word' id='word_1_47' title='bbox 516 924 645 967; x_wconf 79' lang='lat' dir='ltr'><strong>suavius</strong></span> <span class='ocrx_word' id='word_1_48' title='bbox 676 924 880 967; x_wconf 81' lang='lat' dir='ltr'><strong>cunuruanus</strong></span> <span class='ocrx_word' id='word_1_49' title='bbox 913 925 981 966; x_wconf 82' lang='lat' dir='ltr'><strong>aar.</strong></span> 
     </span>
    </p>
   </div>
   <div class='ocr_carea' id='block_1_4' title="bbox 562 1021 815 1106">
    <p class='ocr_par' dir='ltr' id='par_1_4' title="bbox 562 1021 815 1106">
     <span class='ocr_line' id='line_1_8' title="bbox 562 1021 815 1106; baseline 0.004 -25"><span class='ocrx_word' id='word_1_50' title='bbox 562 1021 612 1081; x_wconf 87' lang='lat' dir='ltr'><strong>De</strong></span> <span class='ocrx_word' id='word_1_51' title='bbox 630 1021 815 1106; x_wconf 72' lang='lat' dir='ltr'><strong>posthumis</strong></span> 
     </span>
    </p>
   </div>
   <div class='ocr_carea' id='block_1_5' title="bbox 74 1117 1240 3017">
    <p class='ocr_par' dir='ltr' id='par_1_5' title="bbox 74 1117 1240 3017">
     <span class='ocr_line' id='line_1_9' title="bbox 212 1117 1238 1210; baseline -0.002 -18"><span class='ocrx_word' id='word_1_52' title='bbox 212 1127 325 1192; x_wconf 80' lang='lat' dir='ltr'><strong>Dirini</strong></span> <span class='ocrx_word' id='word_1_53' title='bbox 347 1126 545 1210; x_wconf 84' lang='lat' dir='ltr'><strong>principatus</strong></span> <span class='ocrx_word' id='word_1_54' title='bbox 565 1117 800 1206; x_wconf 86' lang='lat' dir='ltr'><strong>quodammodo</strong></span> <span class='ocrx_word' id='word_1_55' title='bbox 818 1123 999 1207; x_wconf 82' lang='lat' dir='ltr'><strong>peragimus</strong></span> <span class='ocrx_word' id='word_1_56' title='bbox 1020 1124 1141 1206; x_wconf 83' lang='lat' dir='ltr'><strong>vicem,</strong></span> <span class='ocrx_word' id='word_1_57' title='bbox 1163 1149 1238 1190; x_wconf 91' lang='lat' dir='ltr'><strong>cum</strong></span> 
     </span>
     <span class='ocr_line' id='line_1_10' title="bbox 132 1206 1237 1294; baseline 0.001 -22"><span class='ocrx_word' id='word_1_58' title='bbox 132 1210 271 1274; x_wconf 80' lang='lat' dir='ltr'><strong>necdum</strong></span> <span class='ocrx_word' id='word_1_59' title='bbox 298 1209 414 1292; x_wconf 89' lang='lat' dir='ltr'><strong>genitis</strong></span> <span class='ocrx_word' id='word_1_60' title='bbox 441 1208 681 1270; x_wconf 83' lang='lat' dir='ltr'><strong>misericordiae</strong></span> <span class='ocrx_word' id='word_1_61' title='bbox 711 1206 903 1290; x_wconf 83' lang='lat' dir='ltr'><strong>porrigimus</strong></span> <span class='ocrx_word' id='word_1_62' title='bbox 929 1229 1031 1290; x_wconf 89' lang='lat' dir='ltr'><strong>opem.</strong></span> <span class='ocrx_word' id='word_1_63' title='bbox 1091 1210 1237 1294; x_wconf 91' lang='lat' dir='ltr'><strong>ldeoque</strong></span> 
     </span>
     <span class='ocr_line' id='line_1_11' title="bbox 131 1290 1238 1376; baseline -0.001 -22"><span class='ocrx_word' id='word_1_64' title='bbox 131 1295 319 1376; x_wconf 88' lang='lat' dir='ltr'><strong>quicunque</strong></span> <span class='ocrx_word' id='word_1_65' title='bbox 343 1291 394 1352; x_wconf 86' lang='lat' dir='ltr'><strong>vir</strong></span> <span class='ocrx_word' id='word_1_66' title='bbox 416 1298 608 1374; x_wconf 86' lang='lat' dir='ltr'><strong>praeventus</strong></span> <span class='ocrx_word' id='word_1_67' title='bbox 636 1299 721 1352; x_wconf 89' lang='lat' dir='ltr'><strong>sorte</strong></span> <span class='ocrx_word' id='word_1_68' title='bbox 744 1291 834 1351; x_wconf 85' lang='lat' dir='ltr'><strong>fatali</strong></span> <span class='ocrx_word' id='word_1_69' title='bbox 862 1290 952 1351; x_wconf 86' lang='lat' dir='ltr'><strong>foetu</strong></span> <span class='ocrx_word' id='word_1_70' title='bbox 979 1291 1143 1372; x_wconf 79' lang='lat' dir='ltr'><strong>gravidam</strong></span> <span class='ocrx_word' id='word_1_71' title='bbox 1163 1315 1238 1355; x_wconf 90' lang='lat' dir='ltr'><strong>curn</strong></span> 
     </span>
     <span class='ocr_line' id='line_1_12' title="bbox 131 1371 1237 1456; baseline 0.002 -20"><span class='ocrx_word' id='word_1_72' title='bbox 131 1377 207 1437; x_wconf 90' lang='lat' dir='ltr'><strong>filiis</strong></span> <span class='ocrx_word' id='word_1_73' title='bbox 229 1374 364 1456; x_wconf 88' lang='lat' dir='ltr'><strong>reliquit</strong></span> <span class='ocrx_word' id='word_1_74' title='bbox 387 1394 542 1449; x_wconf 88' lang='lat' dir='ltr'><strong>uxorem,</strong></span> <span class='ocrx_word' id='word_1_75' title='bbox 573 1393 648 1434; x_wconf 90' lang='lat' dir='ltr'><strong>eum</strong></span> <span class='ocrx_word' id='word_1_76' title='bbox 668 1371 725 1454; x_wconf 91' lang='lat' dir='ltr'><strong>qui</strong></span> <span class='ocrx_word' id='word_1_77' title='bbox 748 1383 896 1435; x_wconf 89' lang='lat' dir='ltr'><strong>nascetur</strong></span> <span class='ocrx_word' id='word_1_78' title='bbox 914 1375 1134 1456; x_wconf 89' lang='lat' dir='ltr'><strong>postmodum,</strong></span> <span class='ocrx_word' id='word_1_79' title='bbox 1163 1397 1237 1438; x_wconf 90' lang='lat' dir='ltr'><strong>cum</strong></span> 
     </span>
     <span class='ocr_line' id='line_1_13' title="bbox 131 1453 1236 1539; baseline -0.002 -17"><span class='ocrx_word' id='word_1_80' title='bbox 131 1456 266 1522; x_wconf 88' lang='lat' dir='ltr'><strong>caeteris</strong></span> <span class='ocrx_word' id='word_1_81' title='bbox 288 1457 346 1539; x_wconf 92' lang='lat' dir='ltr'><strong>qui</strong></span> <span class='ocrx_word' id='word_1_82' title='bbox 370 1456 437 1517; x_wconf 88' lang='lat' dir='ltr'><strong>nati</strong></span> <span class='ocrx_word' id='word_1_83' title='bbox 465 1465 556 1532; x_wconf 92' lang='lat' dir='ltr'><strong>sunt,</strong></span> <span class='ocrx_word' id='word_1_84' title='bbox 590 1455 661 1517; x_wconf 90' lang='lat' dir='ltr'><strong>fieri</strong></span> <span class='ocrx_word' id='word_1_85' title='bbox 684 1477 848 1517; x_wconf 86' lang='lat' dir='ltr'><strong>censemus</strong></span> <span class='ocrx_word' id='word_1_86' title='bbox 876 1453 1041 1517; x_wconf 88' lang='lat' dir='ltr'><strong>heredem.</strong></span> <span class='ocrx_word' id='word_1_87' title='bbox 1084 1459 1182 1536; x_wconf 89' lang='lat' dir='ltr'><strong>Quod</strong></span> <span class='ocrx_word' id='word_1_88' title='bbox 1209 1459 1236 1520; x_wconf 91' lang='lat' dir='ltr'><strong>si</strong></span> 
     </span>
     <span class='ocr_line' id='line_1_14' title="bbox 131 1537 1237 1622; baseline 0 -20"><span class='ocrx_word' id='word_1_89' title='bbox 131 1561 290 1622; x_wconf 90' lang='lat' dir='ltr'><strong>nusquam</strong></span> <span class='ocrx_word' id='word_1_90' title='bbox 309 1541 392 1601; x_wconf 84' lang='lat' dir='ltr'><strong>forte</strong></span> <span class='ocrx_word' id='word_1_91' title='bbox 413 1537 586 1620; x_wconf 89' lang='lat' dir='ltr'><strong>reliquerit</strong></span> <span class='ocrx_word' id='word_1_92' title='bbox 606 1538 765 1616; x_wconf 87' lang='lat' dir='ltr'><strong>sobolem,</strong></span> <span class='ocrx_word' id='word_1_93' title='bbox 796 1547 829 1600; x_wconf 90' lang='lat' dir='ltr'><strong>et</strong></span> <span class='ocrx_word' id='word_1_94' title='bbox 847 1559 936 1600; x_wconf 89' lang='lat' dir='ltr'><strong>suam</strong></span> <span class='ocrx_word' id='word_1_95' title='bbox 956 1538 1157 1620; x_wconf 87' lang='lat' dir='ltr'><strong>quibuslibet</strong></span> <span class='ocrx_word' id='word_1_96' title='bbox 1183 1541 1237 1603; x_wconf 89' lang='lat' dir='ltr'><strong>do·</strong></span> 
     </span>
     <span class='ocr_line' id='line_1_15' title="bbox 131 1619 1238 1704; baseline 0 -21"><span class='ocrx_word' id='word_1_97' title='bbox 131 1622 259 1686; x_wconf 78' lang='lat' dir='ltr'><strong>neverit</strong></span> <span class='ocrx_word' id='word_1_98' title='bbox 277 1622 485 1698; x_wconf 86' lang='lat' dir='ltr'><strong>facultatem,</strong></span> <span class='ocrx_word' id='word_1_99' title='bbox 514 1631 626 1702; x_wconf 85' lang='lat' dir='ltr'><strong>quarta</strong></span> <span class='ocrx_word' id='word_1_100' title='bbox 648 1641 758 1684; x_wconf 89' lang='lat' dir='ltr'><strong>rerum</strong></span> <span class='ocrx_word' id='word_1_101' title='bbox 778 1622 883 1704; x_wconf 87' lang='lat' dir='ltr'><strong>portio</strong></span> <span class='ocrx_word' id='word_1_102' title='bbox 904 1619 954 1682; x_wconf 90' lang='lat' dir='ltr'><strong>his</strong></span> <span class='ocrx_word' id='word_1_103' title='bbox 974 1621 1147 1685; x_wconf 85' lang='lat' dir='ltr'><strong>dividenda</strong></span> <span class='ocrx_word' id='word_1_104' title='bbox 1167 1643 1238 1685; x_wconf 90' lang='lat' dir='ltr'><strong>ser·</strong></span> 
     </span>
     <span class='ocr_line' id='line_1_16' title="bbox 131 1703 1237 1786; baseline -0.001 -19"><span class='ocrx_word' id='word_1_105' title='bbox 131 1714 240 1776; x_wconf 72' lang='lat' dir='ltr'><strong>vetur,</strong></span> <span class='ocrx_word' id='word_1_106' title='bbox 268 1713 332 1766; x_wconf 91' lang='lat' dir='ltr'><strong>tres</strong></span> <span class='ocrx_word' id='word_1_107' title='bbox 351 1725 431 1766; x_wconf 79' lang='lat' dir='ltr'><strong>vero</strong></span> <span class='ocrx_word' id='word_1_108' title='bbox 452 1724 535 1785; x_wconf 87' lang='lat' dir='ltr'><strong>quae</strong></span> <span class='ocrx_word' id='word_1_109' title='bbox 564 1713 755 1786; x_wconf 89' lang='lat' dir='ltr'><strong>supersunt,</strong></span> <span class='ocrx_word' id='word_1_110' title='bbox 785 1704 974 1786; x_wconf 84' lang='lat' dir='ltr'><strong>posthumus</strong></span> <span class='ocrx_word' id='word_1_111' title='bbox 995 1703 1114 1786; x_wconf 90' lang='lat' dir='ltr'><strong>absque</strong></span> <span class='ocrx_word' id='word_1_112' title='bbox 1137 1706 1237 1767; x_wconf 91' lang='lat' dir='ltr'><strong>dubio</strong></span> 
     </span>
     <span class='ocr_line' id='line_1_17' title="bbox 130 1785 1238 1870; baseline -0.001 -21"><span class='ocrx_word' id='word_1_113' title='bbox 130 1786 291 1851; x_wconf 87' lang='lat' dir='ltr'><strong>sortietur.</strong></span> <span class='ocrx_word' id='word_1_114' title='bbox 334 1786 431 1865; x_wconf 87' lang='lat' dir='ltr'><strong>Quod</strong></span> <span class='ocrx_word' id='word_1_115' title='bbox 451 1785 478 1847; x_wconf 94' lang='lat' dir='ltr'><strong>si</strong></span> <span class='ocrx_word' id='word_1_116' title='bbox 494 1786 545 1849; x_wconf 79' lang='lat' dir='ltr'><strong>vir</strong></span> <span class='ocrx_word' id='word_1_117' title='bbox 565 1795 598 1849; x_wconf 90' lang='lat' dir='ltr'><strong>et</strong></span> <span class='ocrx_word' id='word_1_118' title='bbox 616 1806 699 1848; x_wconf 87' lang='lat' dir='ltr'><strong>uxor</strong></span> <span class='ocrx_word' id='word_1_119' title='bbox 719 1785 754 1846; x_wconf 90' lang='lat' dir='ltr'><strong>in</strong></span> <span class='ocrx_word' id='word_1_120' title='bbox 772 1785 923 1868; x_wconf 89' lang='lat' dir='ltr'><strong>coniugio</strong></span> <span class='ocrx_word' id='word_1_121' title='bbox 940 1786 1047 1868; x_wconf 89' lang='lat' dir='ltr'><strong>positi,</strong></span> <span class='ocrx_word' id='word_1_122' title='bbox 1059 1797 1238 1870; x_wconf 37' lang='lat' dir='ltr'><strong>,antequam</strong></span> 
     </span>
     <span class='ocr_line' id='line_1_18' title="bbox 131 1867 1237 1947; baseline 0.003 -18"><span class='ocrx_word' id='word_1_123' title='bbox 131 1869 214 1930; x_wconf 89' lang='lat' dir='ltr'><strong>filios</strong></span> <span class='ocrx_word' id='word_1_124' title='bbox 235 1869 385 1946; x_wconf 89' lang='lat' dir='ltr'><strong>babeant,</strong></span> <span class='ocrx_word' id='word_1_125' title='bbox 407 1868 548 1930; x_wconf 86' lang='lat' dir='ltr'><strong>invicem</strong></span> <span class='ocrx_word' id='word_1_126' title='bbox 568 1867 630 1930; x_wconf 91' lang='lat' dir='ltr'><strong>sibi</strong></span> <span class='ocrx_word' id='word_1_127' title='bbox 651 1890 734 1930; x_wconf 89' lang='lat' dir='ltr'><strong>unus</strong></span> <span class='ocrx_word' id='word_1_128' title='bbox 756 1868 791 1928; x_wconf 93' lang='lat' dir='ltr'><strong>in</strong></span> <span class='ocrx_word' id='word_1_129' title='bbox 813 1868 946 1930; x_wconf 85' lang='lat' dir='ltr'><strong>alterius</strong></span> <span class='ocrx_word' id='word_1_130' title='bbox 967 1869 1109 1947; x_wconf 88' lang='lat' dir='ltr'><strong>nomine,</strong></span> <span class='ocrx_word' id='word_1_131' title='bbox 1132 1873 1171 1932; x_wconf 92' lang='lat' dir='ltr'><strong>de</strong></span> <span class='ocrx_word' id='word_1_132' title='bbox 1187 1872 1237 1932; x_wconf 83' lang='lat' dir='ltr'><strong>fa-</strong></span> 
     </span>
     <span class='ocr_line' id='line_1_19' title="bbox 131 1950 1238 2036; baseline 0 -21"><span class='ocrx_word' id='word_1_133' title='bbox 131 1953 251 2015; x_wconf 86' lang='lat' dir='ltr'><strong>cultate</strong></span> <span class='ocrx_word' id='word_1_134' title='bbox 272 1950 403 2034; x_wconf 88' lang='lat' dir='ltr'><strong>propria</strong></span> <span class='ocrx_word' id='word_1_135' title='bbox 425 1950 606 2014; x_wconf 90' lang='lat' dir='ltr'><strong>donationis</strong></span> <span class='ocrx_word' id='word_1_136' title='bbox 626 1950 746 2012; x_wconf 88' lang='lat' dir='ltr'><strong>faciant</strong></span> <span class='ocrx_word' id='word_1_137' title='bbox 765 1951 974 2034; x_wconf 89' lang='lat' dir='ltr'><strong>scripturam,</strong></span> <span class='ocrx_word' id='word_1_138' title='bbox 997 1962 1118 2036; x_wconf 88' lang='lat' dir='ltr'><strong>etpost</strong></span> <span class='ocrx_word' id='word_1_139' title='bbox 1139 1953 1238 2016; x_wconf 91' lang='lat' dir='ltr'><strong>buius</strong></span> 
     </span>
     <span class='ocr_line' id='line_1_20' title="bbox 129 2032 1238 2118; baseline 0 -22"><span class='ocrx_word' id='word_1_140' title='bbox 129 2033 309 2098; x_wconf 89' lang='lat' dir='ltr'><strong>testationis</strong></span> <span class='ocrx_word' id='word_1_141' title='bbox 332 2033 478 2095; x_wconf 89' lang='lat' dir='ltr'><strong>ordinem</strong></span> <span class='ocrx_word' id='word_1_142' title='bbox 500 2033 584 2094; x_wconf 87' lang='lat' dir='ltr'><strong>filios</strong></span> <span class='ocrx_word' id='word_1_143' title='bbox 604 2032 722 2094; x_wconf 88' lang='lat' dir='ltr'><strong>talibus</strong></span> <span class='ocrx_word' id='word_1_144' title='bbox 739 2032 857 2096; x_wconf 88' lang='lat' dir='ltr'><strong>habere</strong></span> <span class='ocrx_word' id='word_1_145' title='bbox 879 2034 1064 2116; x_wconf 75' lang='lat' dir='ltr'><strong>contingat:</strong></span> <span class='ocrx_word' id='word_1_146' title='bbox 1092 2036 1164 2097; x_wconf 89' lang='lat' dir='ltr'><strong>talis</strong></span> <span class='ocrx_word' id='word_1_147' title='bbox 1183 2057 1238 2118; x_wconf 89' lang='lat' dir='ltr'><strong>pa·</strong></span> 
     </span>
     <span class='ocr_line' id='line_1_21' title="bbox 128 2114 1237 2198; baseline -0.001 -18"><span class='ocrx_word' id='word_1_148' title='bbox 128 2125 260 2181; x_wconf 90' lang='lat' dir='ltr'><strong>rentum</strong></span> <span class='ocrx_word' id='word_1_149' title='bbox 299 2116 454 2195; x_wconf 88' lang='lat' dir='ltr'><strong>testatio,</strong></span> <span class='ocrx_word' id='word_1_150' title='bbox 498 2116 525 2178; x_wconf 90' lang='lat' dir='ltr'><strong>si</strong></span> <span class='ocrx_word' id='word_1_151' title='bbox 563 2114 624 2176; x_wconf 89' lang='lat' dir='ltr'><strong>filii</strong></span> <span class='ocrx_word' id='word_1_152' title='bbox 657 2116 842 2198; x_wconf 82' lang='lat' dir='ltr'><strong>superstites</strong></span> <span class='ocrx_word' id='word_1_153' title='bbox 870 2117 1063 2190; x_wconf 87' lang='lat' dir='ltr'><strong>extiterint,</strong></span> <span class='ocrx_word' id='word_1_154' title='bbox 1104 2121 1237 2179; x_wconf 88' lang='lat' dir='ltr'><strong>omuino</strong></span> 
     </span>
     <span class='ocr_line' id='line_1_22' title="bbox 131 2197 1238 2276; baseline 0.004 -16"><span class='ocrx_word' id='word_1_155' title='bbox 131 2219 198 2260; x_wconf 87' lang='lat' dir='ltr'><strong>uon</strong></span> <span class='ocrx_word' id='word_1_156' title='bbox 221 2199 344 2276; x_wconf 77' lang='lat' dir='ltr'><strong>valeat,</strong></span> <span class='ocrx_word' id='word_1_157' title='bbox 359 2198 417 2260; x_wconf 91' lang='lat' dir='ltr'><strong>sed</strong></span> <span class='ocrx_word' id='word_1_158' title='bbox 437 2220 478 2260; x_wconf 86' lang='lat' dir='ltr'><strong>ex</strong></span> <span class='ocrx_word' id='word_1_159' title='bbox 498 2207 566 2260; x_wconf 91' lang='lat' dir='ltr'><strong>toto</strong></span> <span class='ocrx_word' id='word_1_160' title='bbox 591 2197 688 2259; x_wconf 91' lang='lat' dir='ltr'><strong>huius</strong></span> <span class='ocrx_word' id='word_1_161' title='bbox 709 2207 774 2258; x_wconf 86' lang='lat' dir='ltr'><strong>tam</strong></span> <span class='ocrx_word' id='word_1_162' title='bbox 804 2199 996 2264; x_wconf 83' lang='lat' dir='ltr'><strong>indiscretae</strong></span> <span class='ocrx_word' id='word_1_163' title='bbox 1024 2199 1238 2264; x_wconf 88' lang='lat' dir='ltr'><strong>ordinationis</strong></span> 
     </span>
     <span class='ocr_line' id='line_1_23' title="bbox 131 2279 1236 2364; baseline -0.001 -19"><span class='ocrx_word' id='word_1_164' title='bbox 131 2281 298 2345; x_wconf 81' lang='lat' dir='ltr'><strong>voluntate</strong></span> <span class='ocrx_word' id='word_1_165' title='bbox 324 2281 486 2364; x_wconf 88' lang='lat' dir='ltr'><strong>disrupta,</strong></span> <span class='ocrx_word' id='word_1_166' title='bbox 517 2280 656 2343; x_wconf 89' lang='lat' dir='ltr'><strong>debitam</strong></span> <span class='ocrx_word' id='word_1_167' title='bbox 676 2279 737 2342; x_wconf 93' lang='lat' dir='ltr'><strong>sibi</strong></span> <span class='ocrx_word' id='word_1_168' title='bbox 759 2281 886 2342; x_wconf 87' lang='lat' dir='ltr'><strong>omnem</strong></span> <span class='ocrx_word' id='word_1_169' title='bbox 911 2291 1080 2364; x_wconf 86' lang='lat' dir='ltr'><strong>pareutum</strong></span> <span class='ocrx_word' id='word_1_170' title='bbox 1103 2284 1236 2344; x_wconf 85' lang='lat' dir='ltr'><strong>faculta-</strong></span> 
     </span>
     <span class='ocr_line' id='line_1_24' title="bbox 129 2362 1238 2448; baseline -0.001 -22"><span class='ocrx_word' id='word_1_171' title='bbox 129 2375 195 2426; x_wconf 88' lang='lat' dir='ltr'><strong>tem</strong></span> <span class='ocrx_word' id='word_1_172' title='bbox 221 2362 282 2422; x_wconf 88' lang='lat' dir='ltr'><strong>lilii</strong></span> <span class='ocrx_word' id='word_1_173' title='bbox 303 2362 466 2446; x_wconf 86' lang='lat' dir='ltr'><strong>accipiant·</strong></span> <span class='ocrx_word' id='word_1_174' title='bbox 483 2373 515 2425; x_wconf 88' lang='lat' dir='ltr'><strong>et</strong></span> <span class='ocrx_word' id='word_1_175' title='bbox 532 2372 709 2427; x_wconf 88' lang='lat' dir='ltr'><strong>assumant:</strong></span> <span class='ocrx_word' id='word_1_176' title='bbox 732 2363 772 2425; x_wconf 93' lang='lat' dir='ltr'><strong>de</strong></span> <span class='ocrx_word' id='word_1_177' title='bbox 796 2364 907 2447; x_wconf 88' lang='lat' dir='ltr'><strong>quinta</strong></span> <span class='ocrx_word' id='word_1_178' title='bbox 925 2373 1049 2428; x_wconf 88' lang='lat' dir='ltr'><strong>tautum</strong></span> <span class='ocrx_word' id='word_1_179' title='bbox 1071 2375 1161 2448; x_wconf 87' lang='lat' dir='ltr'><strong>parte</strong></span> <span class='ocrx_word' id='word_1_180' title='bbox 1179 2387 1238 2448; x_wconf 89' lang='lat' dir='ltr'><strong>pa·</strong></span> 
     </span>
     <span class='ocr_line' id='line_1_25' title="bbox 128 2444 1238 2531; baseline 0.001 -25"><span class='ocrx_word' id='word_1_181' title='bbox 128 2444 286 2522; x_wconf 86' lang='lat' dir='ltr'><strong>rentibus,</strong></span> <span class='ocrx_word' id='word_1_182' title='bbox 304 2445 331 2505; x_wconf 92' lang='lat' dir='ltr'><strong>si</strong></span> <span class='ocrx_word' id='word_1_183' title='bbox 358 2445 482 2526; x_wconf 87' lang='lat' dir='ltr'><strong>aliquid</strong></span> <span class='ocrx_word' id='word_1_184' title='bbox 509 2445 738 2508; x_wconf 69' lang='lat' dir='ltr'><strong>inde&#39;testasse</strong></span> <span class='ocrx_word' id='word_1_185' title='bbox 758 2447 947 2528; x_wconf 90' lang='lat' dir='ltr'><strong>contigerit,</strong></span> <span class='ocrx_word' id='word_1_186' title='bbox 973 2456 1128 2531; x_wconf 88' lang='lat' dir='ltr'><strong>potestate</strong></span> <span class='ocrx_word' id='word_1_187' title='bbox 1156 2469 1238 2510; x_wconf 90' lang='lat' dir='ltr'><strong>cou-</strong></span> 
     </span>
     <span class='ocr_line' id='line_1_26' title="bbox 130 2528 1238 2608; baseline 0.003 -21"><span class='ocrx_word' id='word_1_188' title='bbox 130 2547 227 2589; x_wconf 90' lang='lat' dir='ltr'><strong>cessa.</strong></span> <span class='ocrx_word' id='word_1_189' title='bbox 269 2529 422 2588; x_wconf 89' lang='lat' dir='ltr'><strong>Ceterum</strong></span> <span class='ocrx_word' id='word_1_190' title='bbox 440 2528 467 2588; x_wconf 90' lang='lat' dir='ltr'><strong>si</strong></span> <span class='ocrx_word' id='word_1_191' title='bbox 495 2550 578 2590; x_wconf 90' lang='lat' dir='ltr'><strong>unus</strong></span> <span class='ocrx_word' id='word_1_192' title='bbox 597 2548 638 2589; x_wconf 85' lang='lat' dir='ltr'><strong>ex</strong></span> <span class='ocrx_word' id='word_1_193' title='bbox 659 2528 887 2606; x_wconf 68' lang='lat' dir='ltr'><strong>ambobus,‚id</strong></span> <span class='ocrx_word' id='word_1_194' title='bbox 912 2537 970 2608; x_wconf 91' lang='lat' dir='ltr'><strong>est,</strong></span> <span class='ocrx_word' id='word_1_195' title='bbox 993 2530 1043 2591; x_wconf 80' lang='lat' dir='ltr'><strong>vir</strong></span> <span class='ocrx_word' id='word_1_196' title='bbox 1065 2540 1120 2592; x_wconf 87' lang='lat' dir='ltr'><strong>aut</strong></span> <span class='ocrx_word' id='word_1_197' title='bbox 1144 2551 1238 2608; x_wconf 83' lang='lat' dir='ltr'><strong>uxor,</strong></span> 
     </span>
     <span class='ocr_line' id='line_1_27' title="bbox 131 2609 1239 2693; baseline 0.006 -26"><span class='ocrx_word' id='word_1_198' title='bbox 131 2620 303 2689; x_wconf 86' lang='lat' dir='ltr'><strong>antequam</strong></span> <span class='ocrx_word' id='word_1_199' title='bbox 325 2609 420 2670; x_wconf 91' lang='lat' dir='ltr'><strong>unius</strong></span> <span class='ocrx_word' id='word_1_200' title='bbox 443 2611 578 2693; x_wconf 90' lang='lat' dir='ltr'><strong>copulae</strong></span> <span class='ocrx_word' id='word_1_201' title='bbox 600 2609 782 2673; x_wconf 86' lang='lat' dir='ltr'><strong>societatem</strong></span> <span class='ocrx_word' id='word_1_202' title='bbox 811 2612 963 2684; x_wconf 86' lang='lat' dir='ltr'><strong>adissent,</strong></span> <span class='ocrx_word' id='word_1_203' title='bbox 992 2613 1181 2693; x_wconf 89' lang='lat' dir='ltr'><strong>quicunque</strong></span> <span class='ocrx_word' id='word_1_204' title='bbox 1198 2634 1239 2674; x_wconf 90' lang='lat' dir='ltr'><strong>ex</strong></span> 
     </span>
     <span class='ocr_line' id='line_1_28' title="bbox 130 2691 1239 2777; baseline 0.005 -27"><span class='ocrx_word' id='word_1_205' title='bbox 130 2691 283 2752; x_wconf 90' lang='lat' dir='ltr'><strong>ambobus</strong></span> <span class='ocrx_word' id='word_1_206' title='bbox 307 2691 342 2751; x_wconf 90' lang='lat' dir='ltr'><strong>iu</strong></span> <span class='ocrx_word' id='word_1_207' title='bbox 365 2691 496 2754; x_wconf 90' lang='lat' dir='ltr'><strong>alterius</strong></span> <span class='ocrx_word' id='word_1_208' title='bbox 524 2693 656 2754; x_wconf 90' lang='lat' dir='ltr'><strong>nomine</strong></span> <span class='ocrx_word' id='word_1_209' title='bbox 676 2693 865 2777; x_wconf 87' lang='lat' dir='ltr'><strong>scripturam</strong></span> <span class='ocrx_word' id='word_1_210' title='bbox 893 2695 932 2756; x_wconf 90' lang='lat' dir='ltr'><strong>de</strong></span> <span class='ocrx_word' id='word_1_211' title='bbox 959 2695 1054 2758; x_wconf 91' lang='lat' dir='ltr'><strong>rebus</strong></span> <span class='ocrx_word' id='word_1_212' title='bbox 1080 2696 1146 2756; x_wconf 89' lang='lat' dir='ltr'><strong>suis</strong></span> <span class='ocrx_word' id='word_1_213' title='bbox 1164 2716 1239 2777; x_wconf 92' lang='lat' dir='ltr'><strong>pro·</strong></span> 
     </span>
     <span class='ocr_line' id='line_1_29' title="bbox 74 2774 1240 2874; baseline 0.004 -41"><span class='ocrx_word' id='word_1_214' title='bbox 74 2837 78 2851; x_wconf 23' lang='lat' dir='ltr'><strong>q</strong></span> <span class='ocrx_word' id='word_1_215' title='bbox 117 2774 222 2852; x_wconf 67' lang='lat' dir='ltr'><strong>⁴batus</strong></span> <span class='ocrx_word' id='word_1_216' title='bbox 243 2774 341 2834; x_wconf 88' lang='lat' dir='ltr'><strong>fuerit</strong></span> <span class='ocrx_word' id='word_1_217' title='bbox 360 2774 597 2854; x_wconf 89' lang='lat' dir='ltr'><strong>conscripsisse,</strong></span> <span class='ocrx_word' id='word_1_218' title='bbox 622 2775 710 2836; x_wconf 92' lang='lat' dir='ltr'><strong>omni</strong></span> <span class='ocrx_word' id='word_1_219' title='bbox 734 2777 837 2874; x_wconf 83' lang='lat' dir='ltr'><strong>vigori</strong></span> <span class='ocrx_word' id='word_1_220' title='bbox 861 2777 997 2838; x_wconf 82' lang='lat' dir='ltr'><strong>valitura</strong></span> <span class='ocrx_word' id='word_1_221' title='bbox 1017 2777 1183 2839; x_wconf 87' lang='lat' dir='ltr'><strong>consistat:</strong></span> <span class='ocrx_word' id='word_1_222' title='bbox 1206 2785 1240 2838; x_wconf 90' lang='lat' dir='ltr'><strong>et</strong></span> 
     </span>
     <span class='ocr_line' id='line_1_30' title="bbox 128 2856 1238 2940; baseline 0.006 -25"><span class='ocrx_word' id='word_1_223' title='bbox 128 2857 200 2918; x_wconf 90' lang='lat' dir='ltr'><strong>talis</strong></span> <span class='ocrx_word' id='word_1_224' title='bbox 224 2856 351 2918; x_wconf 87' lang='lat' dir='ltr'><strong>testatio</strong></span> <span class='ocrx_word' id='word_1_225' title='bbox 371 2877 430 2938; x_wconf 92' lang='lat' dir='ltr'><strong>per</strong></span> <span class='ocrx_word' id='word_1_226' title='bbox 451 2857 563 2919; x_wconf 69' lang='lat' dir='ltr'><strong>e‘orum</strong></span> <span class='ocrx_word' id='word_1_227' title='bbox 590 2879 711 2936; x_wconf 85' lang='lat' dir='ltr'><strong>vocem,</strong></span> <span class='ocrx_word' id='word_1_228' title='bbox 725 2878 782 2938; x_wconf 91' lang='lat' dir='ltr'><strong>qur</strong></span> <span class='ocrx_word' id='word_1_229' title='bbox 807 2868 917 2940; x_wconf 89' lang='lat' dir='ltr'><strong>postea</strong></span> <span class='ocrx_word' id='word_1_230' title='bbox 936 2881 977 2922; x_wconf 85' lang='lat' dir='ltr'><strong>ex</strong></span> <span class='ocrx_word' id='word_1_231' title='bbox 996 2858 1063 2922; x_wconf 90' lang='lat' dir='ltr'><strong>illis</strong></span> <span class='ocrx_word' id='word_1_232' title='bbox 1081 2858 1149 2921; x_wconf 89' lang='lat' dir='ltr'><strong>nati</strong></span> <span class='ocrx_word' id='word_1_233' title='bbox 1164 2860 1238 2922; x_wconf 88' lang='lat' dir='ltr'><strong>fuc-</strong></span> 
     </span>
     <span class='ocr_line' id='line_1_31' title="bbox 129 2939 842 3017; baseline 0.006 -18"><span class='ocrx_word' id='word_1_234' title='bbox 129 2939 207 3017; x_wconf 89' lang='lat' dir='ltr'><strong>rint,</strong></span> <span class='ocrx_word' id='word_1_235' title='bbox 230 2960 296 2999; x_wconf 89' lang='lat' dir='ltr'><strong>non</strong></span> <span class='ocrx_word' id='word_1_236' title='bbox 321 2939 384 3000; x_wconf 86' lang='lat' dir='ltr'><strong>erit</strong></span> <span class='ocrx_word' id='word_1_237' title='bbox 407 2940 477 3001; x_wconf 91' lang='lat' dir='ltr'><strong>ullo</strong></span> <span class='ocrx_word' id='word_1_238' title='bbox 497 2939 593 3001; x_wconf 88' lang='lat' dir='ltr'><strong>modo</strong></span> <span class='ocrx_word' id='word_1_239' title='bbox 619 2942 842 3004; x_wconf 79' lang='lat' dir='ltr'><strong>convellenda.</strong></span> 
     </span>
    </p>
   </div>
   <div class='ocr_carea' id='block_1_6' title="bbox 276 3087 970 3157">
    <p class='ocr_par' dir='ltr' id='par_1_6' title="bbox 276 3087 970 3157">
     <span class='ocr_line' id='line_1_32' title="bbox 276 3087 970 3157; baseline 0.009 -10"><span class='ocrx_word' id='word_1_240' title='bbox 276 3105 305 3147; x_wconf 64' lang='lat' dir='ltr'><strong>e„</strong></span> <span class='ocrx_word' id='word_1_241' title='bbox 476 3089 545 3155; x_wconf 84' lang='lat' dir='ltr'><strong>XX.</strong></span> <span class='ocrx_word' id='word_1_242' title='bbox 586 3111 648 3152; x_wconf 78' lang='lat' dir='ltr'><strong>rus.</strong></span> <span class='ocrx_word' id='word_1_243' title='bbox 676 3112 775 3157; x_wconf 75' lang='lat' dir='ltr'><strong>„xeos</strong></span> <span class='ocrx_word' id='word_1_244' title='bbox 816 3112 885 3152; x_wconf 81' lang='lat' dir='ltr'><strong>nex.</strong></span> <span class='ocrx_word' id='word_1_245' title='bbox 968 3087 970 3095; x_wconf 69' lang='grc'>’</span> 
     </span>
    </p>
   </div>
   <div class='ocr_carea' id='block_1_7' title="bbox 156 3181 1219 3372">
    <p class='ocr_par' dir='ltr' id='par_1_7' title="bbox 156 3181 1219 3372">
     <span class='ocr_line' id='line_1_33' title="bbox 156 3181 1219 3294; baseline 0.005 -30"><span class='ocrx_word' id='word_1_246' title='bbox 156 3199 197 3265; x_wconf 86' lang='lat' dir='ltr'><strong>Ut</strong></span> <span class='ocrx_word' id='word_1_247' title='bbox 217 3206 271 3288; x_wconf 84' lang='lat' dir='ltr'><strong>qui</strong></span> <span class='ocrx_word' id='word_1_248' title='bbox 281 3205 378 3290; x_wconf 84' lang='lat' dir='ltr'><strong>filios</strong></span> <span class='ocrx_word' id='word_1_249' title='bbox 398 3227 462 3268; x_wconf 85' lang='lat' dir='ltr'><strong>nou</strong></span> <span class='ocrx_word' id='word_1_250' title='bbox 483 3206 665 3286; x_wconf 83' lang='lat' dir='ltr'><strong>reliquerit,</strong></span> <span class='ocrx_word' id='word_1_251' title='bbox 687 3204 835 3288; x_wconf 85' lang='lat' dir='ltr'><strong>faciendi</strong></span> <span class='ocrx_word' id='word_1_252' title='bbox 861 3205 902 3265; x_wconf 85' lang='lat' dir='ltr'><strong>de</strong></span> <span class='ocrx_word' id='word_1_253' title='bbox 929 3181 1020 3268; x_wconf 83' lang='lat' dir='ltr'><strong>rebus</strong></span> <span class='ocrx_word' id='word_1_254' title='bbox 1040 3209 1116 3294; x_wconf 51' lang='lat' dir='ltr'><strong>suis·</strong></span> <span class='ocrx_word' id='word_1_255' title='bbox 1130 3206 1219 3292; x_wconf 84' lang='lat' dir='ltr'><strong>quod</strong></span> 
     </span>
     <span class='ocr_line' id='line_1_34' title="bbox 429 3288 938 3372; baseline 0 -24"><span class='ocrx_word' id='word_1_256' title='bbox 429 3288 578 3366; x_wconf 78' lang='lat' dir='ltr'><strong>voluerit,</strong></span> <span class='ocrx_word' id='word_1_257' title='bbox 611 3289 724 3350; x_wconf 84' lang='lat' dir='ltr'><strong>habeat</strong></span> <span class='ocrx_word' id='word_1_258' title='bbox 740 3300 938 3372; x_wconf 80' lang='lat' dir='ltr'><strong>potestatem,</strong></span> 
     </span>
    </p>
   </div>
   <div class='ocr_carea' id='block_1_8' title="bbox 96 3393 1239 4142">
    <p class='ocr_par' dir='ltr' id='par_1_8' title="bbox 96 3393 1239 4142">
     <span class='ocr_line' id='line_1_35' title="bbox 212 3393 1237 3479; baseline 0.005 -26"><span class='ocrx_word' id='word_1_259' title='bbox 212 3393 325 3455; x_wconf 92' lang='lat' dir='ltr'><strong>Omnis</strong></span> <span class='ocrx_word' id='word_1_260' title='bbox 339 3393 501 3478; x_wconf 90' lang='lat' dir='ltr'><strong>ingenuus</strong></span> <span class='ocrx_word' id='word_1_261' title='bbox 516 3396 567 3458; x_wconf 89' lang='lat' dir='ltr'><strong>vir</strong></span> <span class='ocrx_word' id='word_1_262' title='bbox 579 3404 675 3479; x_wconf 89' lang='lat' dir='ltr'><strong>atque</strong></span> <span class='ocrx_word' id='word_1_263' title='bbox 688 3394 840 3474; x_wconf 86' lang='lat' dir='ltr'><strong>foemina,</strong></span> <span class='ocrx_word' id='word_1_264' title='bbox 851 3395 919 3458; x_wconf 86' lang='lat' dir='ltr'><strong>sire</strong></span> <span class='ocrx_word' id='word_1_265' title='bbox 933 3395 1051 3458; x_wconf 91' lang='lat' dir='ltr'><strong>nobilis</strong></span> <span class='ocrx_word' id='word_1_266' title='bbox 1070 3397 1136 3458; x_wconf 87' lang='lat' dir='ltr'><strong>sive</strong></span> <span class='ocrx_word' id='word_1_267' title='bbox 1155 3397 1237 3458; x_wconf 84' lang='lat' dir='ltr'><strong>inle-</strong></span> 
     </span>
     <span class='ocr_line' id='line_1_36' title="bbox 128 3474 1236 3563; baseline 0.006 -28"><span class='ocrx_word' id='word_1_268' title='bbox 128 3474 206 3553; x_wconf 89' lang='lat' dir='ltr'><strong>rior,</strong></span> <span class='ocrx_word' id='word_1_269' title='bbox 226 3477 283 3557; x_wconf 92' lang='lat' dir='ltr'><strong>qui</strong></span> <span class='ocrx_word' id='word_1_270' title='bbox 309 3476 391 3538; x_wconf 90' lang='lat' dir='ltr'><strong>lilios</strong></span> <span class='ocrx_word' id='word_1_271' title='bbox 417 3477 471 3541; x_wconf 84' lang='lat' dir='ltr'><strong>rel</strong></span> <span class='ocrx_word' id='word_1_272' title='bbox 498 3489 630 3563; x_wconf 89' lang='lat' dir='ltr'><strong>nepotes</strong></span> <span class='ocrx_word' id='word_1_273' title='bbox 653 3486 709 3540; x_wconf 86' lang='lat' dir='ltr'><strong>aut</strong></span> <span class='ocrx_word' id='word_1_274' title='bbox 738 3488 932 3562; x_wconf 90' lang='lat' dir='ltr'><strong>pronepotes</strong></span> <span class='ocrx_word' id='word_1_275' title='bbox 960 3501 1025 3539; x_wconf 91' lang='lat' dir='ltr'><strong>non</strong></span> <span class='ocrx_word' id='word_1_276' title='bbox 1054 3479 1236 3559; x_wconf 89' lang='lat' dir='ltr'><strong>reliquerit,</strong></span> 
     </span>
     <span class='ocr_line' id='line_1_37' title="bbox 128 3558 1238 3644; baseline 0.005 -28"><span class='ocrx_word' id='word_1_277' title='bbox 128 3558 268 3618; x_wconf 86' lang='lat' dir='ltr'><strong>faciendi</strong></span> <span class='ocrx_word' id='word_1_278' title='bbox 295 3560 334 3622; x_wconf 91' lang='lat' dir='ltr'><strong>de</strong></span> <span class='ocrx_word' id='word_1_279' title='bbox 357 3560 454 3621; x_wconf 89' lang='lat' dir='ltr'><strong>rebus</strong></span> <span class='ocrx_word' id='word_1_280' title='bbox 474 3559 539 3622; x_wconf 88' lang='lat' dir='ltr'><strong>suis</strong></span> <span class='ocrx_word' id='word_1_281' title='bbox 569 3561 730 3644; x_wconf 91' lang='lat' dir='ltr'><strong>quidquid</strong></span> <span class='ocrx_word' id='word_1_282' title='bbox 752 3561 912 3640; x_wconf 84' lang='lat' dir='ltr'><strong>voluerit,</strong></span> <span class='ocrx_word' id='word_1_283' title='bbox 946 3560 1169 3624; x_wconf 90' lang='lat' dir='ltr'><strong>indubitanter</strong></span> <span class='ocrx_word' id='word_1_284' title='bbox 1194 3562 1238 3621; x_wconf 92' lang='lat' dir='ltr'><strong>li·</strong></span> 
     </span>
     <span class='ocr_line' id='line_1_38' title="bbox 130 3630 1239 3727; baseline 0.005 -29"><span class='ocrx_word' id='word_1_285' title='bbox 130 3639 268 3700; x_wconf 89' lang='lat' dir='ltr'><strong>centiam</strong></span> <span class='ocrx_word' id='word_1_286' title='bbox 288 3640 434 3702; x_wconf 81' lang='lat' dir='ltr'><strong>habebit:</strong></span> <span class='ocrx_word' id='word_1_287' title='bbox 454 3663 516 3704; x_wconf 89' lang='lat' dir='ltr'><strong>nec</strong></span> <span class='ocrx_word' id='word_1_288' title='bbox 533 3645 572 3705; x_wconf 91' lang='lat' dir='ltr'><strong>ab</strong></span> <span class='ocrx_word' id='word_1_289' title='bbox 596 3645 667 3706; x_wconf 89' lang='lat' dir='ltr'><strong>aliis</strong></span> <span class='ocrx_word' id='word_1_290' title='bbox 687 3630 886 3726; x_wconf 88' lang='lat' dir='ltr'><strong>quibuslibet</strong></span> <span class='ocrx_word' id='word_1_291' title='bbox 904 3643 1058 3727; x_wconf 82' lang='lat' dir='ltr'><strong>proximis</strong></span> <span class='ocrx_word' id='word_1_292' title='bbox 1080 3667 1120 3705; x_wconf 88' lang='lat' dir='ltr'><strong>ex</strong></span> <span class='ocrx_word' id='word_1_293' title='bbox 1145 3665 1239 3726; x_wconf 88' lang='lat' dir='ltr'><strong>supe-</strong></span> 
     </span>
     <span class='ocr_line' id='line_1_39' title="bbox 129 3722 1237 3809; baseline 0.006 -30"><span class='ocrx_word' id='word_1_294' title='bbox 129 3722 207 3780; x_wconf 88' lang='lat' dir='ltr'><strong>riori</strong></span> <span class='ocrx_word' id='word_1_295' title='bbox 234 3722 288 3781; x_wconf 83' lang='lat' dir='ltr'><strong>rel</strong></span> <span class='ocrx_word' id='word_1_296' title='bbox 317 3745 357 3784; x_wconf 84' lang='lat' dir='ltr'><strong>ex</strong></span> <span class='ocrx_word' id='word_1_297' title='bbox 385 3734 567 3787; x_wconf 84' lang='lat' dir='ltr'><strong>transverso</strong></span> <span class='ocrx_word' id='word_1_298' title='bbox 597 3725 801 3791; x_wconf 78' lang='lat' dir='ltr'><strong>venientibus</strong></span> <span class='ocrx_word' id='word_1_299' title='bbox 828 3726 947 3809; x_wconf 90' lang='lat' dir='ltr'><strong>poterit</strong></span> <span class='ocrx_word' id='word_1_300' title='bbox 975 3725 1136 3788; x_wconf 90' lang='lat' dir='ltr'><strong>ordinatio</strong></span> <span class='ocrx_word' id='word_1_301' title='bbox 1167 3727 1237 3788; x_wconf 90' lang='lat' dir='ltr'><strong>eius</strong></span> 
     </span>
     <span class='ocr_line' id='line_1_40' title="bbox 129 3803 1238 3892; baseline 0.007 -33"><span class='ocrx_word' id='word_1_302' title='bbox 129 3803 161 3860; x_wconf 91' lang='lat' dir='ltr'><strong>in</strong></span> <span class='ocrx_word' id='word_1_303' title='bbox 184 3824 380 3886; x_wconf 89' lang='lat' dir='ltr'><strong>quocunqne</strong></span> <span class='ocrx_word' id='word_1_304' title='bbox 403 3807 566 3870; x_wconf 81' lang='lat' dir='ltr'><strong>convelli:</strong></span> <span class='ocrx_word' id='word_1_305' title='bbox 589 3809 667 3892; x_wconf 87' lang='lat' dir='ltr'><strong>quia</strong></span> <span class='ocrx_word' id='word_1_306' title='bbox 684 3816 772 3869; x_wconf 92' lang='lat' dir='ltr'><strong>recta</strong></span> <span class='ocrx_word' id='word_1_307' title='bbox 792 3807 879 3870; x_wconf 86' lang='lat' dir='ltr'><strong>linea</strong></span> <span class='ocrx_word' id='word_1_308' title='bbox 900 3807 1076 3871; x_wconf 89' lang='lat' dir='ltr'><strong>decurrens</strong></span> <span class='ocrx_word' id='word_1_309' title='bbox 1096 3831 1161 3870; x_wconf 91' lang='lat' dir='ltr'><strong>non</strong></span> <span class='ocrx_word' id='word_1_310' title='bbox 1182 3810 1238 3868; x_wconf 90' lang='lat' dir='ltr'><strong>ha·</strong></span> 
     </span>
     <span class='ocr_line' id='line_1_41' title="bbox 127 3884 1238 3971; baseline 0.005 -27"><span class='ocrx_word' id='word_1_311' title='bbox 127 3884 182 3946; x_wconf 88' lang='lat' dir='ltr'><strong>bet</strong></span> <span class='ocrx_word' id='word_1_312' title='bbox 204 3885 383 3967; x_wconf 86' lang='lat' dir='ltr'><strong>originem,</strong></span> <span class='ocrx_word' id='word_1_313' title='bbox 410 3910 492 3971; x_wconf 89' lang='lat' dir='ltr'><strong>quae</strong></span> <span class='ocrx_word' id='word_1_314' title='bbox 525 3913 600 3954; x_wconf 90' lang='lat' dir='ltr'><strong>cum</strong></span> <span class='ocrx_word' id='word_1_315' title='bbox 631 3890 833 3957; x_wconf 90' lang='lat' dir='ltr'><strong>successione</strong></span> <span class='ocrx_word' id='word_1_316' title='bbox 864 3901 996 3952; x_wconf 91' lang='lat' dir='ltr'><strong>naturae</strong></span> <span class='ocrx_word' id='word_1_317' title='bbox 1022 3890 1238 3953; x_wconf 87' lang='lat' dir='ltr'><strong>hereditatem</strong></span> 
     </span>
     <span class='ocr_line' id='line_1_42' title="bbox 126 3967 1237 4056; baseline 0.006 -29"><span class='ocrx_word' id='word_1_318' title='bbox 126 3967 227 4049; x_wconf 92' lang='lat' dir='ltr'><strong>possit</strong></span> <span class='ocrx_word' id='word_1_319' title='bbox 248 3969 404 4050; x_wconf 89' lang='lat' dir='ltr'><strong>accipere.</strong></span> <span class='ocrx_word' id='word_1_320' title='bbox 433 3971 494 4032; x_wconf 72' lang='lat' dir='ltr'><strong>&#39;Ex</strong></span> <span class='ocrx_word' id='word_1_321' title='bbox 516 3971 667 4037; x_wconf 88' lang='lat' dir='ltr'><strong>intestato</strong></span> <span class='ocrx_word' id='word_1_322' title='bbox 689 3982 805 4051; x_wconf 86' lang='lat' dir='ltr'><strong>autem,</strong></span> <span class='ocrx_word' id='word_1_323' title='bbox 831 3971 920 4033; x_wconf 88' lang='lat' dir='ltr'><strong>iuxta</strong></span> <span class='ocrx_word' id='word_1_324' title='bbox 946 3973 1054 4056; x_wconf 84' lang='lat' dir='ltr'><strong>legum</strong></span> <span class='ocrx_word' id='word_1_325' title='bbox 1076 3975 1237 4053; x_wconf 85' lang='lat' dir='ltr'><strong>ordinem,</strong></span> 
     </span>
     <span class='ocr_line' id='line_1_43' title="bbox 96 4050 1092 4142; baseline 0.013 -34"><span class='ocrx_word' id='word_1_326' title='bbox 96 4100 100 4108; x_wconf 82' lang='grc'>,</span> <span class='ocrx_word' id='word_1_327' title='bbox 128 4050 267 4111; x_wconf 88' lang='lat' dir='ltr'><strong>debitam</strong></span> <span class='ocrx_word' id='word_1_328' title='bbox 291 4052 351 4114; x_wconf 87' lang='lat' dir='ltr'><strong>sibi</strong></span> <span class='ocrx_word' id='word_1_329' title='bbox 375 4052 557 4119; x_wconf 88' lang='lat' dir='ltr'><strong>hereditare</strong></span> <span class='ocrx_word' id='word_1_330' title='bbox 579 4061 733 4142; x_wconf 82' lang='lat' dir='ltr'><strong>poterunt</strong></span> <span class='ocrx_word' id='word_1_331' title='bbox 756 4055 826 4118; x_wconf 91' lang='lat' dir='ltr'><strong>iure</strong></span> <span class='ocrx_word' id='word_1_332' title='bbox 847 4057 1092 4122; x_wconf 85' lang='lat' dir='ltr'><strong>successionem.</strong></span> 
     </span>
    </p>
   </div>
   <div class='ocr_carea' id='block_1_9' title="bbox 0 0 1328 4874">
    <p class='ocr_par' dir='ltr' id='par_1_9' title="bbox 0 0 1328 4874">
     <span class='ocr_line' id='line_1_44' title="bbox 0 0 1328 4874; baseline 0 0"><span class='ocrx_word' id='word_1_333' title='bbox 0 0 1328 4874; x_wconf 95' lang='lat' dir='ltr'><strong> </strong></span> 
     </span>
    </p>
   </div>
  </div>
 </body>
</html>
