2648 4874
285 315 390 370 arors
408 291 701 372 wrsrnoraoauar
731 317 798 374 ιιι.
819 317 855 372 ιι.
874 317 991 376 r1r.1.
1125 299 1202 380 423

93 477 214 541 goram,
235 475 297 538 per
321 475 420 537 quem
442 475 590 518 connexa
615 464 647 516 et
667 454 795 517 subdita
821 456 964 520 mamhra
985 461 1040 529 rel
1063 461 1202 548 disposi-

92 541 138 601 tio
159 547 298 622 regeret,
320 537 374 600 rel
402 536 606 622 providentia
626 537 801 600 ordinaret.
843 540 927 602 Hinc
954 550 1002 604 est
1024 553 1058 606 ct
1078 547 1203 630 perito-

91 644 163 684 rum
186 619 388 684 medicorum
403 619 577 702 praecipua
598 641 685 695 cura,
709 630 745 681 ut
766 631 840 682 ante
863 622 972 706 capiti,
990 647 1087 707 quam
1105 650 1203 690 mem·

90 704 155 765 bris
177 701 339 783 incipiant
357 701 509 762 adhibere
529 701 697 765 medelam.
739 703 831 781 Quae
856 703 931 766 ideo
956 726 1020 768 non
1041 707 1201 772 immerito

92 784 322 852 ordinabiliter
351 784 497 845 exerceri
525 783 659 850 caeteris
685 795 859 864 censetur,
897 809 971 850 cum
1003 789 1042 851 ab
1071 791 1202 856 artificis
1268 797 1271 806 ⁴

91 867 210 951 peritia
233 865 315 926 haec
345 863 522 949 dispensari
552 875 743 947 patescunt3¹
772 870 849 949 quia
875 869 902 931 si
933 873 1072 934 salutare
1106 883 1205 958 caput

92 947 256 1028 extiterit,
286 946 444 1012 rationem
466 948 608 1032 colligit,
631 951 771 1031 qualiter
801 951 907 1012 curari
929 955 1072 1017 membra
1098 967 1205 1020 cetera

91 1032 225 1116 possint.
273 1031 354 1102 Nam
376 1031 404 1093 si
431 1053 536 1096 arcem
565 1031 712 1094 molestia
742 1035 951 1118 occupaverit
978 1038 1107 1122 capitis,
1138 1060 1204 1102 nou

90 1115 211 1202 poterit
231 1112 268 1182 in
289 1121 375 1174 artus
396 1113 472 1176 dare
495 1113 709 1181 derivationes
729 1117 860 1196 salutis,
892 1139 970 1201 quas
1000 1119 1034 1180 in
1063 1143 1099 1184 sa
1123 1142 1205 1183 con-

91 1195 265 1280 sumpserit
281 1195 364 1278 iugis
385 1217 495 1264 caussa
513 1196 664 1277 langoris.
707 1199 896 1264 Ordinanda
916 1202 1017 1284 igitur
1038 1213 1118 1266 „unt
1133 1204 1204 1288 pri-

92 1302 144 1340 mo
158 1278 289 1360 negotia
299 1278 500 1359 Principum,
513 1278 645 1338 tutanda
657 1280 753 1358 salus,
768 1282 972 1346 dcl'cndcnda
985 1285 1062 1354 vita.
1082 1286 1204 1368 Sisque

92 1364 127 1432 in
156 1371 246 1422 statu
271 1372 304 1428 et
325 1360 461 1442 negotiis
483 1360 629 1443 plebium
655 1362 815 1430 ordinatio
842 1363 1035 1448 dirigenda,
1064 1377 1102 1429 ut
1125 1369 1204 1430 dum

92 1447 180 1508 salus
205 1453 391 1524 competens
412 1441 607 1525 prospicitur
631 1445 774 1532 Regum,
796 1445 860 1508 lida
880 1451 1065 1520 valentibus
1088 1459 1203 1522 tenea·

93 1539 149 1598 tur
175 1525 310 1591 salvatio
333 1525 554 1615 populorum„

460 1671 501 1740 V,
542 1695 604 1740 ras.
645 1696 733 1742 acus.
774 1696 845 1743 aar.

133 1830 217 1888 Item
237 1823 278 1886 de
301 1836 451 1909 tempore,
472 1843 533 1906 quo
555 1821 690 1886 debeant
711 1822 794 1904 leges
821 1822 1144 1894 emendataemalcre.

177 1933 342 2010 Quoniam
365 1930 543 1994 novitatem
565 1932 675 2014 legum
694 1941 835 1994 vetustas
859 1933 1017 1994 malorum
1038 1934 1149 2017 exigit,
1173 1947 1207 2003 et

94 2015 254 2078 innovare
286 2015 375 2098 leges
399 2024 584 2076 veternosas
615 2014 841 2097 peccaminum
867 2015 1041 2099 antiquitas
1072 2016 1207 2100 impera-

93 2100 163 2171 vit;
189 2097 264 2158 ideo
291 2099 379 2180 leges
404 2096 438 2164 in
467 2096 532 2158 hoc
552 2097 638 2157 libro
662 2097 858 2182 conscriptas
882 2099 920 2159 ab
949 2119 1035 2160 anno
1062 2101 1209 2161 secundo

94 2182 200 2244 bonae
227 2179 400 2241 memoriae
424 2179 547 2246 domini
574 2189 606 2241 et
625 2179 779 2263 genitoris
803 2183 868 2243 mei·
888 2179 1124 2242 chindasvindi
1145 2183 1208 2248 Re·

97 2265 161 2346 gis,
193 2263 381 2330 ime-unctis
413 2263 558 2344 personis
587 2284 623 2328 ac
650 2263 800 2345 gentibus
829 2273 956 2324 nostrae
981 2262 1205 2344 amplitudinis

96 2345 232 2429 imperio
255 2346 442 2427 subiugatis,
459 2345 549 2405 omni
570 2345 685 2412 robore
706 2345 908 2408 decernimus
928 2367 965 2406 ac
984 2345 1055 2428 iugi
1075 2367 1207 2406 mansu·

97 2451 148 2490 ras
178 2428 378 2490 obseruantia
399 2449 645 2498 consecramus:
675 2428 719 2487 ita
737 2439 773 2492 ut
791 2429 914 2498 relictis
934 2429 1022 2506 iltis,
1040 2450 1119 2508 quas
1138 2451 1205 2490 non

96 2511 241 2590 aequitas
266 2511 450 2589 iudicantis,
473 2511 530 2572 sed
553 2511 664 2574 libitus
694 2510 896 2594 impresserat
919 2509 1107 2595 potestatis,
1135 2533 1208 2573 eva·

96 2593 265 2672 cuntisque
292 2593 422 2655 iudiciis
451 2602 484 2655 et
508 2594 656 2656 omnibus
675 2594 841 2677 scripturis
865 2615 976 2657 earum
999 2592 1205 2655 ordinatione

96 2675 272 2753 confectis,
299 2675 360 2738 hae
382 2676 468 2740 solae
490 2678 618 2742 valeant
645 2678 744 2759 leges,
766 2698 845 2758 quas
869 2687 923 2737 aut
947 2698 988 2738 cx
1014 2676 1207 2760 antiquitate

95 2759 180 2826 iuste
209 2758 384 2837 novimus,
421 2769 476 2822 aut
504 2768 677 2836 tenemus,
711 2769 766 2819 ant
798 2759 887 2824 idem
913 2757 1042 2842 genitor
1075 2769 1206 2836 noster,

93 2843 147 2901 rel
172 2861 232 2922 pro
258 2843 419 2922 aequitate
440 2841 608 2925 culparum
631 2843 717 2903 visus
744 2850 792 2902 est
817 2863 883 2902 non
907 2841 1067 2910 immerito
1091 2841 1208 2903 condi-

95 2923 203 3000 disse,
224 2923 357 3004 prolatis
384 2943 443 2985 seu
467 2925 622 2986 connexis
654 2925 726 2986 aliis
748 2924 885 3006 legibus,
908 2946 987 3007 quas
1013 2923 1114 2984 nostri
1139 2926 1206 2986 cul·

94 3005 192 3066 minis
215 3006 383 3087 fastigium
402 3005 550 3074 iudiciali
567 3007 752 3090 praesidens
776 3007 895 3067 throno
919 3028 1026 3069 coram
1046 3007 1206 3068 universis

92 3088 156 3148 Dei
184 3088 302 3148 sanctis
324 3089 560 3167 sacerdotibus,
591 3089 783 3169 cunctisque
810 3089 928 3151 officiis
955 3088 1128 3170 palatinis,
1153 3090 1206 3150 iu·
1249 3083 1252 3095 ’

93 3170 193 3231 hante
222 3171 364 3238 Domino
391 3181 487 3254 atque
515 3172 667 3249 fauente,
692 3171 894 3241 audientium
922 3171 1098 3232 universali
1126 3193 1207 3232 con-

93 3273 192 3313 sensu
218 3253 321 3314 edidit
349 3262 382 3314 et
401 3255 567 3332 formavit,
591 3278 628 3318 ac
652 3276 729 3315 suae
756 3255 876 3336 gloriae
899 3253 1004 3316 titulis
1020 3255 1204 3316 annotavit:

93 3336 139 3394 ita
160 3342 280 3414 uttam
302 3335 362 3396 hae
387 3357 469 3418 qnae
494 3337 557 3396 iam
584 3339 727 3419 prolatae
754 3338 952 3414 consistunt,
982 3357 1079 3416 quam
1105 3335 1204 3413 illae,

92 3434 173 3498 quas
193 3417 298 3478 adhuc
323 3419 442 3479 exoriri
466 3441 624 3487 novorum
644 3419 850 3501 negotiorum
868 3427 1005 3482 eventus
1027 3417 1204 3500 impulerit,

92 3499 203 3563 valido
228 3521 265 3561 ac
285 3500 457 3566 iustissimo
479 3503 592 3588 rigore
609 3503 816 3588 perdurent,
833 3514 866 3566 et
890 3511 1039 3566 aeternae
1059 3500 1205 3564 solidita·

92 3581 137 3648 tis
160 3581 231 3647 iura
251 3583 425 3651 retineant·

380 3729 438 3798 Vl.
493 3755 557 3800 ras.
598 3755 664 3796 aas.
705 3753 792 3804 acas.
831 3752 901 3801 aar.

89 3879 142 3940 De
167 3878 355 3964 Principum
380 3879 552 3964 cupiditate
576 3879 766 3966 dampnata,
794 3901 962 3963 eorumque
986 3883 1087 3946 initiis
1109 3881 1201 3944 ordl-

88 3961 225 4041 tmndr's,
259 3974 290 4022 et
314 3963 472 4046 quomodo
492 3963 707 4045 conficiendae
733 3976 805 4025 crant
824 3965 998 4048 scripturae
1019 3968 1053 4026 in
1076 3968 1202 4026 nominc
1263 4021 1265 4025 a

165 4048 171 4069 '¹
488 4047 674 4130 Principum
693 4046 813 4128 factae.

174 4160 382 4226 Eminentiae
405 4161 564 4224 celsitudo
588 4172 736 4224 terrenae
758 4172 836 4223 tunc
864 4149 1027 4224 ¹salubrius
1050 4159 1201 4228 sublimia

87 4241 247 4334 probatur
292 4245 442 4333 appetere
468 4291 479 4326 ,
510 4267 585 4314 cum
619 4246 718 4315 saluti
755 4245 976 4335 proximorum
1010 4243 1065 4334 pia
1098 4246 1202 4311 cerni·
