2632 4822
344 256 571 312 nsurrannm
592 252 721 311 iacun
748 256 813 309 ms.
843 256 892 313 vt.
921 253 926 260 ’
1120 238 1192 316 785
1270 249 1271 252 ’

79 414 111 464 et
134 396 252 478 fideles
275 399 398 479 nostri,
420 398 460 458 de
489 396 634 480 partibus
661 395 815 456 Thusciae
837 410 868 458 et
888 397 1056 458 Neustriae
1081 401 1193 463 nobis·

80 505 151 546 cnm
179 479 373 562 adsuerant,
400 495 431 542 et
454 482 531 540 laec
559 479 665 540 omnia
690 479 775 538 inter
799 499 832 538 se
860 480 1012 542 collocuti
1039 487 1131 561 sunt,
1164 498 1196 548 et

80 554 170 627 nobis
201 565 433 636 renunciantes,
458 563 619 623 nobiscnm
642 562 767 644 pariter
788 574 965 622 statuerunt
988 575 1080 644 atque
1111 564 1197 648 defi-

79 650 217 724 niernnt,
244 659 276 707 et
295 659 365 706 cnm
384 645 640 729 praesentialiter
653 641 814 723 fuissent,
836 646 975 727 capitula
998 646 1059 705 ista
1085 648 1198 710 relicta

78 731 224 792 omnibns
242 729 442 813 placuerunt,
469 739 499 788 et
518 739 715 810 praesentem
742 725 927 786 adsensum
944 739 1119 790 statuerunt
1139 751 1199 792 no-

80 813 200 874 biseum
225 824 260 872 nt
286 811 490 872 nihilominus
512 830 573 893 per
592 807 737 870 ordinem
755 809 984 878 scriberentur.

163 923 282 988 LXIX.
324 923 449 1003 (XVI.)
492 922 528 985 Si
546 922 633 983 inter
651 918 763 984 fratres
783 943 842 1006 per
861 920 933 984 XL.
954 946 1055 988 annos
1075 949 1201 1012 posses·
1298 984 1303 992 .

81 1009 129 1072 sio
152 1009 253 1069 inerit
272 1008 312 1070 de
337 1008 444 1086 rebus,
467 1027 524 1068 seu
548 1007 589 1066 de
613 1005 704 1082 casis,
727 1006 781 1067 rel
803 1005 977 1086 detersis,
1000 1031 1083 1092 quae
1112 1012 1201 1073 indi·

80 1093 169 1154 visae
189 1100 276 1168 sunt,
298 1091 352 1152 vel
376 1091 462 1151 inter
482 1092 644 1172 parentes,
673 1087 729 1170 qui
751 1109 810 1169 per
831 1088 897 1152 XL.
921 1110 1021 1152 anuos
1045 1095 1201 1176 possedit,

81 1174 223 1257 qualiter
248 1173 422 1256 praesumit
444 1172 572 1248 dicere,
599 1191 663 1253 peri
678 1180 913 1236 sacramentum
939 1173 980 1234 ad
1006 1186 1116 1237 sancta
1139 1178 1202 1240 Dei

80 1256 259 1340 Evangelia
287 1256 438 1333 affirmet,
460 1255 548 1335 quod
571 1253 611 1315 de
636 1275 706 1331 avo,
731 1262 787 1314 aut
809 1253 849 1315 de
875 1263 976 1335 patre,
998 1267 1052 1317 aut
1071 1259 1111 1320 de
1135 1261 1205 1320 fra·-

82 1350 143 1416 tre,
172 1350 229 1400 ant
253 1339 293 1399 de
317 1339 428 1422 aliq'uo
449 1345 585 1420 parente
606 1335 690 1419 ipsas
707 1357 759 1397 res
785 1356 857 1399 suas
881 1336 997 1399 haheat
1014 1341 1125 1419 factas,
1148 1349 1203 1404 aut
1229 1394 1232 1401 ι

80 1443 141 1509 per
163 1422 381 1501 donationem,
403 1429 459 1481 aut
483 1417 778 1498 commutationem,
799 1428 855 1480 aut
874 1440 934 1503 per
948 1422 1202 1487 aestimationem

82 1513 138 1566 aut
167 1525 225 1588 per
246 1505 535 1587 comparationem,
559 1511 614 1562 aot
636 1503 799 1584 quomodo
822 1506 1073 1587 praesumpserit
1093 1507 1203 1570 dicere

83 1597 139 1648 aut
161 1587 334 1649 affirmare:
357 1599 391 1650 et
410 1587 507 1647 liceat
533 1586 563 1646 ei
589 1596 699 1668 postea
723 1585 806 1668 ipsas
833 1606 885 1646 res
906 1584 1045 1650 illibatas
1072 1589 1203 1670 habere,

84 1680 117 1732 et
145 1671 321 1754 possidere.
372 1671 464 1733 Aliae
492 1691 570 1730 vero
594 1689 667 1745 res,
698 1689 781 1750 quae
808 1667 929 1729 divisae
963 1671 1089 1733 fuerint
1116 1675 1205 1735 inter

82 1754 197 1814 fratres
211 1774 268 1814 seu
288 1763 433 1835 nepotes,
449 1753 502 1815 vei
515 1753 567 1811 ubi
587 1772 738 1812 mensura
753 1760 852 1812 tracta
878 1759 936 1827 est,
951 1763 1035 1814 sorte
1050 1764 1154 1817 stante
1172 1759 1204 1836 g)

84 1835 317 1916 adaequentur.
358 1837 438 1896 Nam
460 1835 513 1894 ubi
531 1855 588 1916 per
609 1833 676 1896 XL.
698 1855 800 1895 annos
816 1855 967 1894 mensura
987 1835 1120 1901 minime
1141 1861 1206 1900 am·

82 1916 256 1995 hulaverit,
290 1926 322 1978 et
349 1939 459 1980 caussa
484 1918 616 1999 probata
640 1918 750 1994 fuerit,
773 1917 862 1999 quod
886 1916 958 1977 iure
985 1920 1098 2000 quieto
1124 1944 1204 2005 pos·

84 1999 229 2077 sedisset,
252 1999 337 2062 sicut
357 2022 452 2083 supra
473 1999 604 2080 legitur,
628 2021 686 2082 per
712 2008 947 2060 sacramentum
973 2001 1122 2083 finiatur,
1145 2026 1205 2067 ex-

85 2092 179 2166 cepto
207 2081 234 2142 si
255 2083 470 2160 communiter
494 2083 618 2164 aliquid
646 2082 846 2163 possedisset.
911 2082 956 2144 tl.
979 2084 1028 2146 35.
1051 2107 1079 2165 7.

156 2182 238 2219 sonu.
273 2167 351 2217 Petre
368 2175 398 2218 te
422 2166 543 2235 appellat
563 2165 710 2227 Martinus,
735 2172 800 2216 tuus
816 2163 916 2228 frater,
944 2166 1021 2236 quod
1047 2175 1125 2221 tenes
1151 2166 1205 2222 sibi

86 2236 160 2286 malo
178 2235 272 2287 ordine
291 2244 389 2288 terram
406 2236 436 2288 in
454 2235 504 2288 tali
532 2237 601 2287 loco.
640 2238 702 2306 lpsa
726 2243 797 2286 terra
822 2252 883 2287 mea
909 2239 1016 2306 propria
1044 2247 1092 2291 est.
1128 2240 1205 2310 Quid

86 2305 140 2356 tibi
164 2305 304 2376 pertinet?
346 2309 389 2357 Tu
412 2307 481 2360 mihi
508 2306 632 2371 donasti,
660 2313 707 2357 aut
733 2307 920 2372 commutast13
949 2316 998 2360 aut
1028 2309 1202 2378 vendidisti,

88 2384 137 2427 aut
153 2391 202 2444 per
220 2375 432 2428 extimacionem
450 2376 564 2442 dedisti,
585 2385 612 2429 ct
632 2391 679 2441 ego
696 2393 746 2444 per
763 2376 816 2426 xt.
835 2393 918 2428 annos
937 2375 1027 2433 habco
1044 2381 1202 2449 possessim.

157 2447 235 2498 Petre
260 2455 289 2497 te
306 2449 429 2517 appellat
445 2445 594 2508 Martinus,
619 2455 682 2498 tuus
704 2445 795 2507 frater,
824 2447 900 2516 quod
917 2455 949 2500 tu
966 2457 1045 2500 tenes
1064 2451 1114 2503 sibi
1130 2452 1203 2503 mato

86 2512 182 2566 ordine
199 2524 298 2567 terram
315 2517 344 2572 in
361 2518 412 2570 tali
429 2519 498 2569 loco.
536 2519 596 2586 Ipsa
613 2525 684 2567 terra
693 2533 761 2582 ,inea
778 2517 944 2586 propriacst.
982 2518 1057 2588 Quid
1073 2521 1125 2573 tibi
1142 2538 1205 2591 per·

85 2585 177 2638 tinet?
212 2586 310 2638 Noster
326 2597 403 2658 pater
420 2588 487 2639 mihi
505 2585 643 2653 vendidit,
673 2593 701 2637 et
720 2602 768 2651 ego
785 2603 833 2655 per
850 2587 910 2640 XL.
930 2605 1015 2639 annos
1033 2588 1124 2643 habeo
1142 2609 1204 2662 pos·

85 2655 201 2710 sessam,
233 2658 308 2708 lutet
332 2675 408 2710 snam
427 2658 629 2729 possessionem.
667 2657 694 2706 Si
717 2655 831 2708 dixerit:
858 2659 940 2710 Pater
957 2670 1050 2712 noster
1067 2660 1134 2712 mihi
1154 2661 1203 2713 do-

84 2726 178 2791 navit,
210 2735 238 2778 et
257 2744 305 2793 ego
326 2746 376 2798 per
398 2729 451 2780 XL.
474 2745 558 2779 annos
577 2724 666 2777 habeo
689 2743 852 2794 possessam:
881 2727 1006 2781 similiter
1027 2729 1100 2783 iuret
1125 2749 1202 2784 suam

83 2795 290 2866 possessionem.
328 2798 356 2850 Si
375 2799 436 2851 vult
453 2799 545 2851 dicere
570 2798 628 2866 ipse
651 2797 699 2866 qui
721 2797 861 2866 appellati
888 2799 931 2850 Tu
954 2816 1010 2851 non
1030 2801 1136 2854 servisti
1157 2817 1202 2852 me
1285 2845 1286 2852 ,

84 2867 202 2919 melius:
223 2877 271 2921 aut
289 2869 388 2938 probet
407 2869 466 2940 ipse
484 2867 532 2938 qui
550 2875 644 2931 tenet,
672 2866 747 2936 quod
764 2866 861 2920 melias
881 2868 1015 2935 servisset,
1035 2879 1083 2924 ant
1104 2871 1203 2943 perdat
1225 2941 1227 2948 y

85 2944 194 2989 teriam.
775 2982 777 2986 .
1186 2975 1188 2980 -

155 3008 233 3057 Petra
250 3014 279 3058 te
302 3006 425 3077 appellat
440 3005 589 3068 Martinus,
618 3005 693 3076 quod
716 3013 748 3058 tu
773 3015 849 3058 teucs
875 3006 926 3058 sibi
949 3019 1048 3079 terram
1066 3009 1139 3060 malo
1157 3026 1201 3063 or·

86 3075 151 3127 dine
169 3074 199 3124 in
219 3075 270 3126 tali
288 3077 359 3129 loco.
402 3078 445 3128 Tu
469 3076 588 3129 dividisti
611 3093 718 3134 mecum
744 3075 829 3144 ipsam
854 3084 972 3142 terram,
999 3088 1027 3131 et
1050 3096 1116 3130 ecce
1140 3077 1203 3131 bre·

24 3141 27 3147 “
84 3161 159 3266 pem,
192 3147 273 3195 »sut
296 3145 372 3197 dicat
390 3145 489 3197 falsum
507 3147 630 3201 brevem«
656 3155 704 3198 aut
722 3145 770 3196 det
792 3163 929 3216 poenam,
954 3165 1026 3220 quae
1044 3148 1146 3214 legitur
1171 3149 1201 3200 in

106 3229 169 3266 revr.
1165 3261 1166 3264 ,

156 3283 233 3334 Patre
251 3288 280 3333 te
298 3283 420 3352 appellat
436 3283 569 3337 Martinus
585 3293 650 3337 tuus
678 3285 778 3348 frater,
806 3284 881 3354 quod
905 3294 937 3337 tu
958 3295 1035 3338 tenes
1057 3285 1109 3336 sibi
1127 3287 1201 3338 malo

86 3351 181 3404 ordine
206 3359 304 3403 terram
326 3353 356 3403 in
380 3353 431 3404 tali
457 3353 528 3408 loco.
565 3355 626 3425 ipsa
647 3362 717 3406 terra
739 3371 805 3419 ,mea
829 3356 936 3425 propria
964 3366 1012 3408 est
1050 3357 1125 3426 Quid
1148 3356 1201 3408 tibi

84 3421 226 3492 pertinet?
260 3422 411 3476 possessam
428 3421 518 3476 habco
534 3442 584 3495 per
607 3424 691 3476 XXX.
719 3441 811 3475 annos.
855 3425 908 3478 Dic
930 3425 1127 3495 possessionem
1152 3444 1202 3498 per

86 3495 139 3544 XL.
158 3509 253 3544 annos.

155 3564 233 3614 Petre
249 3569 279 3613 te
297 3561 419 3630 appellat
435 3561 568 3615 Martinus
584 3571 649 3614 tuus
664 3569 787 3632 patruus,
814 3562 889 3632 quod
906 3571 938 3616 tu
952 3571 1034 3618 'tenes
1057 3565 1108 3617 sibi
1127 3567 1201 3618 malo

85 3631 180 3684 ordine
199 3628 296 3683 terrarii
314 3632 343 3683 in
360 3631 410 3682 tali
428 3633 501 3687 loco.
537 3635 598 3702 Ipsa
616 3641 686 3685 terra
701 3649 768 3683 mea·
788 3633 894 3702 propria
915 3642 955 3686 est
980 3654 1028 3706 per
1052 3637 1203 3690 successio·

84 3720 147 3754 nem
165 3702 248 3772 patris
267 3701 320 3752 mei
335 3702 487 3754 marcoardi
505 3703 591 3754 fratris
607 3703 657 3754 tui.
701 3700 776 3771 Quid
793 3703 845 3754 sibi
863 3704 1007 3773 pertinet?
1034 3707 1076 3758 Tu
1092 3707 1201 3762 donasti

86 3772 111 3824 ei
135 3772 221 3842 ipsam
239 3781 356 3836 terram3
384 3782 451 3836 aut,
476 3772 639 3839 vendidisti;
667 3779 728 3834 aut,
755 3775 943 3840 commutasti,
973 3784 1037 3839 arat,
1064 3794 1113 3846 per
1135 3777 1201 3835 esti·

83 3843 237 3894 morionem
262 3841 370 3894 dedisti.
408 3844 450 3895 Ee
465 3842 533 3912 quid
553 3842 620 3910 ego?
646 3841 721 3912 Quid
739 3851 817 3913 pater
838 3844 936 3898 meus?
972 3848 1023 3898 Per
1040 3846 1092 3898 XL.
1115 3866 1199 3901 annos

83 3911 215 3964 habemus
234 3928 382 3983 possessam

154 3985 232 4035 Petre
251 3992 280 4036 te
307 3984 428 4052 appellat
450 3977 593 4045 Martinus,
617 3991 682 4034 tuus
701 3999 805 4052 nepos,
824 3984 899 4053 quod
916 3993 1041 4038 totenes
1058 3985 1109 4037 sibi
1128 3988 1200 4039 malo

84 4051 179 4104 ordine
196 4062 294 4108 terram
312 4053 341 4105 in
362 4055 411 4106 tali
427 4055 498 4107 loco.
535 4053 597 4125 Ipsa
608 4061 679 4106 terra
693 4071 755 4106 mea
771 4055 879 4126 propria
898 4064 947 4109 est.
982 4056 1057 4130 Quid
1073 4056 1124 4110 tihi
1140 4075 1202 4130 per·

153 4233 184 4309 5)
202 4238 242 4294 nl.
263 4239 349 4296 Editt.
367 4253 454 4295 sortes
470 4253 580 4294 stantes.
619 4239 730 4294 Herold.
751 4243 935 4296 sortissantes.

853 4351 904 4417 50
