2648 4874
289 275 392 330 11111
411 275 785 330 111111110101111.
804 275 838 336 1.
855 275 928 332 111.
947 277 968 334 r.
1105 265 1178 337 513

65 417 244 480 elesiarum
261 414 408 476 libertate
432 413 612 493 donantur,
634 435 695 476 nec
712 423 818 476 tamen
839 413 1001 480 absolutae
1023 419 1179 488 libertatis

64 501 204 562 licentia
224 498 409 582 potiuntur:
431 495 464 554 in
486 517 525 557 eo
548 497 637 579 quod
659 497 709 558 illi
736 499 907 577 ecelesiae,
931 501 970 562 de
996 525 1057 586 qua
1081 507 1177 590 origi-

65 605 145 644 nem
166 583 309 657 ducunt,
336 600 396 662 per
413 578 603 660 obsequium
617 579 802 662 illigantur=
830 581 886 662 qui
905 592 1011 645 tamen
1037 589 1113 650 dum
1132 589 1180 649 di.

63 687 161 727 verso
185 665 300 724 ordine
319 661 531 743 ingenuarum
551 679 760 745 personarum
784 665 983 726 connubium
1011 681 1178 754 expetunt,

65 757 183 808 contra
205 751 381 821 'naturam‚
423 743 510 824 quod
545 745 605 827 ipsi
637 765 703 804 non
735 753 826 823 sunt,
882 769 1037 830 generare
1072 751 1178 814 inten-

67 832 172 900 dunt3
195 837 227 888 et
247 827 334 910 quod
351 827 383 884 in
408 836 615 908 augmentum
631 826 781 910 publicae
798 827 943 890 utilitatis
963 831 1075 894 debuit
1096 857 1180 896 cres·

67 933 165 985 cere,
202 909 265 970 hoc
292 910 326 968 11
354 911 555 970 manifestam
576 909 790 992 illigationem
815 933 970 994 personae
993 916 1044 976 vel
1070 938 1181 978 rerum

67 993 278 1076 cognoscitur
295 991 466 1052 devenire:
502 991 642 1070 dumis,
671 994 728 1075 qui
751 994 874 1057 datam
897 995 1007 1056 infami
1027 999 1180 1084 coniugio

67 1079 230 1153 nascitur,
270 1073 435 1134 inferioris
466 1075 608 1156 parentis
641 1094 805 1158 exequens
842 1098 972 1156 sexum,
1013 1101 1077 1142 una
1106 1105 1181 1145 cum

66 1161 167 1222 rebus
194 1157 259 1220 suis
287 1156 434 1217 omnibns
457 1155 692 1220 ecclesiasticae
713 1159 862 1222 servituti
884 1160 1052 1228 addicitur.
1094 1167 1182 1243 Qua·

66 1250 205 1327 propter
224 1249 260 1300 ut
281 1239 353 1300 talis
370 1238 410 1300 de
430 1249 556 1300 caetero
571 1248 754 1321 amputetur
768 1243 995 1324 praesumptio,
1017 1249 1181 1328 praesenti

66 1329 140 1406 lege
157 1322 389 1407 praecipimus:
412 1323 648 1404 etquicunque
668 1322 707 1383 de
729 1323 858 1385 familiis
876 1327 1029 1389 ecclesiae
1052 1338 1180 1391 retento

66 1407 252 1492 patrocinio
273 1403 427 1466 eeclesiae
446 1403 564 1486 ipsius,
594 1407 632 1466 de
652 1405 744 1468 cuius
766 1405 919 1468 servitute
941 1408 1060 1485 exivit,
1084 1410 1181 1472 liber·

67 1503 167 1552 tatem
190 1512 208 1548 a
233 1487 398 1550 sacerdote
426 1487 604 1570 acceperit,
643 1485 818 1570 ingenuam
840 1489 987 1551 sibinen
1010 1494 1126 1554 audeat
1146 1494 1180 1554 in

66 1571 274 1634 matrimonio
304 1568 426 1630 sociare
456 1591 635 1652 personam.
687 1571 740 1632 llli
767 1579 873 1632 tamen
896 1572 952 1654 qui
978 1573 1115 1636 absoluti
1142 1577 1181 1638 ab

66 1655 226 1736 obsequio
250 1651 422 1728 eeclesiae,
444 1673 503 1733 per
521 1654 711 1715 canonicam
728 1654 921 1715 sententiam
936 1655 1045 1716 debito
1065 1655 1181 1722 ordine

65 1737 362 1812 manumittuntur,
399 1743 431 1795 et
461 1733 674 1817 ingenuarum
701 1736 875 1798 mulierum
904 1735 1027 1799 innecti
1056 1741 1182 1822 copulis

65 1827 242 1904 poterunt,
261 1827 293 1881 et
312 1817 349 1876 iu
368 1817 459 1899 prole
477 1818 679 1880 omnimodae
705 1819 868 1900 dignitatis
895 1820 1112 1882 testimonium
1129 1824 1183 1884 ob·

64 1903 230 1966 tinebant.
274 1899 370 1978 Quod
396 1900 422 1960 11
452 1899 488 1958 111
510 1900 566 1983 qui
592 1901 651 1961 sub
669 1901 877 1962 ecelesiarum
896 1901 1049 1985 obsequio
1068 1925 1181 1966 manu·

65 1987 271 2061 missisunt,
301 1983 516 2064 ingenuarum
539 1983 713 2044 mulierum
737 1983 889 2064 deinceps
912 1986 980 2044 ausi
999 1985 1124 2046 fuerint
1146 2009 1180 2048 se

66 2067 220 2148 coniugio
238 2065 378 2127 sociare:
398 2066 453 2125 ubi
466 2065 528 2126 hoc
542 2066 683 2148 primum
699 2065 797 2126 iudex
820 2065 1002 2148 agnoverit,
1025 2069 1084 2127 sub
1096 2068 1183 2132 trina

66 2153 243 2214 verberum
269 2148 393 2208 ultione
426 2147 478 2210 vel
507 2148 775 2225 commonitione,
808 2148 892 2210 sicut
913 2149 952 2208 de
974 2149 1125 2233 ingenuis
1148 2161 1180 2212 et

66 2235 166 2296 servis
191 2232 262 2314 lege
283 2231 345 2290 alia
367 2231 566 2307 continetur,
589 2251 643 2291 eos
665 2251 811 2313 separare
828 2251 894 2290 non
912 2230 1045 2298 differat
1080 2234 1180 2311 Quod

65 2317 94 2378 si
124 2317 163 2375 ab
193 2314 331 2374 invicem
358 2313 498 2394 separari
527 2312 694 2373 noluerint
729 2312 984 2393 uniuscuiusque
1010 2335 1179 2396 personae,

68 2399 163 2460 sicuti
192 2399 315 2473 fuerat,
345 2395 533 2456 conditione
551 2405 720 2473 manente,
743 2395 903 2477 quidquid
921 2417 961 2455 ex
982 2397 1047 2460 illis
1067 2408 1180 2459 natum

66 2481 187 2558 fuerit,
209 2480 243 2538 iu
253 2478 412 2559 Principis
429 2486 582 2560 potestate
596 2477 789 2538 serviturum
803 2477 961 2543 deveniat.
994 2479 1056 2540 Res
1070 2489 1178 2542 tamen

67 2585 182 2624 omnes
202 2559 269 2624 sive
290 2562 477 2638 facultates,
507 2580 590 2642 quae
611 2559 650 2620 de
677 2581 813 2643 persona
840 2561 982 2643 ingenua
1006 2563 1040 2620 in
1062 2564 1179 2626 talium

66 2645 260 2706 libertorum
291 2644 362 2705 iure
394 2642 543 2726 quolibet
574 2641 669 2702 modo
696 2644 872 2704 transfusae
899 2651 997 2718 sunt,
1029 2646 1178 2710 cumbis

66 2727 167 2789 etiam
194 2747 273 2809 quae
308 2726 369 2788 sibi
400 2747 441 2786 ex
475 2725 589 2786 talium
618 2745 699 2787 sexu
733 2725 920 2808 progenitus
952 2725 1037 2790 lilius
1074 2730 1180 2811 potuit

89 2807 259 2892 redigere,
288 2807 483 2891 conquirere
504 2809 558 2870 vel
581 2805 722 2884 habere,
765 2817 847 2869 totas
871 2808 905 2867 in
933 2807 1095 2891 integrum
1123 2824 1179 2874 aut

65 2832 205 2954 beredes
239 2891 328 2954 illius
361 2893 522 2972 ingenuae
556 2911 712 2972 personae
746 2889 953 2972 possidendas
992 2892 1176 2957 obtineauts

66 2984 121 3037 aut
141 2975 168 3037 si
181 2975 319 3037 heredes
340 2975 370 3036 ei
392 2973 574 3049 defuerint,
596 2972 629 3032 in
648 2972 810 3054 Principis
826 2973 897 3034 iure
918 2974 1093 3034 deveniant
1107 2999 1178 3058 pos-

67 3078 230 3135 sessurae,
258 3056 398 3138 qualiter
424 3055 566 3116 iudicare
594 3055 633 3116 de
652 3053 703 3116 his
725 3055 804 3138 quid
828 3055 985 3133 voluerit,
1010 3057 1174 3122 absolutae

65 3141 231 3224 potestatis
254 3139 397 3220 potiatur
423 3137 565 3198 licentia.
619 3139 705 3202 Haec
733 3141 793 3200 lex'
815 3159 880 3198 non
908 3139 1010 3199 solum
1034 3140 1065 3198 in
1086 3139 1175 3220 viris,

65 3224 121 3285 sed
144 3233 177 3283 et
198 3223 234 3280 in
255 3219 405 3284 foeminis
426 3220 622 3282 observanda
642 3229 706 3282 est:
736 3221 852 3297 idest,
884 3221 950 3280 sive
977 3220 1018 3282 sit
1039 3222 1176 3284 libertu-
1231 3277 1232 3280 ,

66 3303 224 3367 ecclesiae
247 3304 315 3366 sive
336 3303 467 3381 liberta,
490 3324 572 3385 quae
593 3303 653 3364 sibi
672 3323 842 3386 personam
859 3302 1033 3384 ingenuam
1053 3299 1173 3369 socians

64 3396 258 3470 praesumat.
299 3388 367 3447 Hoc
385 3397 491 3446 tamen
513 3386 547 3444 in
565 3384 625 3446 hac
655 3385 726 3468 lege
749 3386 940 3459 servandum
961 3395 1024 3448 est:
1046 3395 1174 3468 utque,

65 3492 197 3552 cunque
217 3471 256 3530 de
272 3470 453 3553 praeteritis
473 3468 685 3551 usquemodo
706 3490 771 3550 quo
790 3469 870 3530 haee
891 3469 946 3529 lex
967 3471 1176 3533 conderetuir

65 3552 106 3612 de
128 3552 247 3614 talibus
269 3551 455 3634 parentibus
486 3552 607 3632 reperti
633 3553 757 3611 fuerint
783 3551 868 3612 intra
895 3551 1092 3612 tricennium
1121 3575 1174 3635 ge·

65 3634 195 3713 aerati,
218 3657 284 3695 non
310 3634 541 3716 obligationem
560 3642 738 3716 sequantur
758 3633 846 3694 1111111
864 3635 1025 3715 parentis,
1049 3635 1104 3715 qui
1124 3658 1174 3698 ee·

67 3717 185 3778 clesiae
207 3737 266 3800 per
286 3717 477 3798 obsequium
496 3715 658 3797 illigatum
687 3716 745 3775 1111
760 3717 947 3777 conditione
969 3716 1175 3782 omnimodae

67 3798 276 3880 ingenuitatis
292 3809 469 3881 assumpta,
492 3820 565 3859 eum
586 3799 734 3859 omnibus
751 3798 864 3871 rebus,
888 3820 970 3879 quae
989 3799 1028 3858 de
1043 3813 1176 3882 parente

68 3883 170 3942 nobili
193 3883 228 3942 in
253 3882 390 3964 ignobili
411 3891 543 3964 parente
564 3881 712 3963 quolibet
733 3879 829 3942 modo
853 3881 1046 3942 transierant
1068 3882 1100 3941 in
1128 3888 1177 3945 in·

68 3965 239 4044 genuitatis
253 3967 366 4042 forma,
388 3966 439 4026 vel
459 3965 574 4025 decore
590 3961 727 4024 absoluti
742 3965 922 4044 persistant.
958 3965 1038 4023 Data
1055 3973 1087 4023 et
1101 3989 1177 4027 con·

68 4047 191 4108 firmata
218 4049 293 4125 lex,
320 4070 338 4108 a
361 4047 414 4110 die
433 4048 558 4109 decimo
580 4045 800 4108 Kalendarum
819 4047 1060 4122 Ianuariarum,
1090 4071 1175 4112 anno

67 4130 209 4194 feliciter
230 4139 345 4214 quarto
365 4130 458 4215 regni
482 4129 598 4207 nostri,
620 4128 746 4190 Toleto.

919 4231 976 4314 ’33
