2632 4822
146 234 220 313 784
433 243 652 307 1111111111οι
674 247 881 310 1101111111.
905 249 953 310 vt.

144 395 284 473 venire,
314 391 348 452 el
368 400 477 474 postea
497 391 680 456 vendiderit
701 394 757 457 alii
777 393 902 454 homini
925 395 966 455 de
989 389 1095 455 rebus
1125 385 1268 469 snis,l1a··

143 479 218 540 beat
240 478 321 562 ipse,
343 473 401 555 qui
425 496 477 536 eas
503 474 595 535 emit:
626 479 746 540 namsi
775 477 933 560 obligatae
963 478 1098 537 luerint
1121 477 1268 534 nomina·

142 563 220 638 tive,
248 581 314 618 non
340 579 392 616 eas
420 555 519 639 possit
540 559 699 638 vendere,
722 562 800 622 dum
821 575 922 640 nsque
945 561 1047 641 ipsam
1082 558 1267 621 cantionem

143 642 311 708 sanaverit.
354 641 396 699 Et
419 637 475 721 qui
499 640 680 702 cautionem
703 644 808 704 facere
834 643 985 719 voluerit,
1007 653 1066 704 ant
1090 640 1266 702 nominatr-

146 744 187 789 ve
218 725 338 805 obliget
360 722 398 782 dc
420 720 515 781 rebus
536 723 602 783 suis
623 726 763 805 qualiter
784 724 869 785 inter
890 748 945 786 eos
975 725 1194 796 convenerit,
1218 734 1266 784 aut

141 809 239 870 faciut
261 808 359 888 ipsam
375 805 558 864 cautionem
576 805 616 866 de
641 809 736 870 tantis
757 808 864 886 rebus,
886 816 1049 891 qnantum
1074 808 1192 868 inilia
1217 809 1263 870 die

145 891 240 953 solidi
266 890 325 971 ipsi
351 889 492 952 lrrrrunt.
580 887 619 948 ll.
644 913 692 956 ar.
715 911 766 956 ar.

211 991 290 1024 roan.
329 971 408 1023 Putre
435 977 463 1020 te
495 970 617 1039 appellat
646 972 797 1037 Martinus,
831 972 905 1044 qood
935 979 967 1026 tu
992 977 1077 1026 tenes
1114 969 1171 1022 sibi
1195 973 1261 1026 malo

143 1043 238 1095 ordine
262 1052 360 1094 terram
383 1040 412 1090 in
433 1037 482 1090 tali
505 1040 576 1092 loco.
621 1045 681 1110 lpsa
702 1052 772 1094 terra
799 1061 860 1094 mea
881 1043 985 1114 propria
1009 1053 1052 1110 est
1077 1059 1129 1110 per
1154 1052 1259 1108 cartam,

143 1131 226 1185 quam
243 1111 308 1163 mibi
328 1110 392 1162 lecit
408 1111 546 1174 Donatum
568 1118 596 1162 et
611 1128 676 1165 ecce
693 1121 774 1164 carta.
813 1115 848 1164 Et
871 1114 922 1165 tibi
941 1113 1009 1182 quid
1025 1112 1178 1182 pertinet?
1197 1114 1260 1166 Ecce

141 1192 234 1242 carta,
255 1200 337 1252 11111111
357 1177 423 1230 milri
446 1177 577 1242 obligavit
599 1179 667 1252 ipse,
687 1182 798 1252 quodsi
817 1183 845 1233 in
861 1201 942 1251 pusca
962 1182 1078 1234 Domini
1096 1201 1156 1234 nou
1177 1182 1261 1235 dedis-

142 1263 185 1304 set
203 1246 269 1303 mihi
291 1253 339 1302 sol.
359 1251 405 1309 0.,
424 1248 499 1319 quod
521 1248 649 1304 haberem
670 1253 809 1306 licentiam
828 1253 1032 1320 apprehendere
1046 1271 1113 1302 suas
1136 1271 1190 1314 res,
1206 1254 1260 1305 ubi-

144 1341 261 1392 cumque
285 1319 431 1390 potuissem
452 1314 605 1374 convenire.
642 1324 720 1391 lpse,
747 1320 795 1393 qui
814 1321 900 1375 habet
913 1323 1030 1394 priorem
1059 1331 1188 1387 cartam,
1218 1333 1260 1376 aut

143 1389 217 1446 dicat
236 1393 329 1442 falsam
346 1386 529 1458 posteriorem,
549 1397 596 1441 aut
616 1395 714 1444 taceat.

212 1465 290 1515 Pctrc
304 1469 331 1512 te
354 1458 473 1528 appellat
493 1459 641 1524 Martinus,
668 1461 788 1533 quodtu
810 1469 886 1513 tenes
910 1460 962 1512 sibi
986 1462 1063 1512 malo
1086 1461 1188 1514 ordine
1211 1471 1260 1514 ter-

142 1550 198 1584 ram
218 1532 247 1584 in
273 1530 322 1582 tali
345 1531 416 1580 loco.
452 1530 514 1596 lpsa
531 1537 601 1581 terra
622 1549 681 1584 mea
702 1529 807 1601 propria
826 1538 866 1582 est
884 1547 932 1599 pcr
948 1541 1064 1593 cartam,
1089 1549 1179 1601 quarn
1198 1533 1259 1584 milri

141 1603 209 1655 fecit
229 1600 410 1653 Marcoardus.
456 1599 556 1650 Contra
578 1600 662 1666 legem
693 1611 735 1654 est
759 1601 818 1669 ipsa
841 1609 931 1661 carta,
956 1601 1022 1670 quia
1043 1601 1175 1653 habebat
1196 1602 1259 1653 mihi

140 1673 287 1739 obligatam
305 1667 471 1721 nominative
496 1668 581 1737 ipsam
599 1675 708 1724 terram.
726 1671 775 1723 'Et
798 1670 855 1739 ipse
874 1669 920 1740 qui
944 1673 1104 1740 appellatus
1130 1680 1194 1736 est,
1216 1681 1258 1724 aut

141 1737 218 1796 rlicat
238 1742 332 1792 falsam
353 1741 438 1808 ipsam
456 1737 666 1804 obtigacionamt
696 1744 744 1792 arrt
764 1739 812 1792 fiat
830 1757 916 1792 vacua
932 1739 990 1808 ipsa
1008 1751 1096 1794 carta.

210 1813 263 1866 Vel
280 1811 326 1862 ita.
363 1811 440 1860 Petra
457 1817 485 1858 te
501 1809 622 1879 appellat
636 1811 780 1873 Martinus,
799 1810 873 1879 quod
890 1817 970 1872 terra,
991 1830 1065 1881 quae
1080 1812 1111 1863 in
1124 1813 1179 1865 tali
1201 1815 1258 1866 loco

142 1891 201 1944 est,
227 1899 308 1952 qnam
328 1888 358 1930 tu
378 1877 507 1949 possides,
527 1886 642 1931 tuaest.
680 1880 756 1949 Quid
770 1878 805 1931 ad
825 1896 886 1931 eum
900 1881 1041 1948 pertinet?
1078 1883 1156 1934 Ecce
1176 1891 1257 1945 carta,

139 1970 289 2023 perquam
310 1947 375 1999 mihi
396 1948 542 2012 obligavit,
567 1949 589 1999 sl
612 1951 640 2001 in
664 1950 714 2002 tali
736 1961 854 2018 ternpore
877 1966 932 2000 non
955 1951 1079 2002 dedisset
1101 1952 1172 2010 mibi
1202 1955 1247 2004 XX

140 2025 209 2082 sol..
234 2019 308 2092 quod
332 2036 380 2080 ego
403 2017 530 2069 haberem
548 2017 689 2072 licentiam
710 2021 851 2074 vendicare
870 2037 930 2070 suas
952 2038 1004 2081 res,
1023 2021 1201 2092 ubicumque
1212 2041 1259 2092 po*

139 2093 253 2146 tuissem
269 2089 398 2142 invenire.
436 2089 488 2140 llla
506 2097 579 2139 carta
597 2089 670 2142 nihil
688 2089 754 2141 mihi
773 2097 871 2152 nocet,
891 2089 956 2157 quia
979 2091 1117 2160 praecipit
1143 2094 1215 2144 lex:
1238 2091 1258 2143 si

140 2163 202 2233 quis
221 2180 309 2213 onon«
329 2159 488 2223 obligaverit
506 2159 672 2213 nominative
692 2161 776 2212 alicui
798 2177 838 2210 res
856 2177 927 2220 suas,
945 2159 993 2210 sed
1015 2159 1126 2222 dixerit,
1151 2163 1182 2212 in
1201 2162 1260 2232 qui·

140 2232 312 2303 boreamque
335 2229 415 2279 rebus
436 2229 493 2280 eius
514 2238 603 2299 posset
619 2230 750 2291 invenire,
779 2227 825 2278 ubi
841 2228 955 2281 haberet
976 2229 1122 2282 licentiam
1142 2232 1258 2298 ingredi,

141 2312 169 2354 et
190 2311 251 2370 post
270 2300 424 2353 vendiderit
436 2299 501 2350 inde
526 2299 631 2369 aliquid
648 2299 830 2362 nominative3
851 2307 883 2349 ut
900 2300 957 2367 ipse
975 2298 1105 2363 haberet,
1130 2302 1259 2357 01111011-

140 2372 248 2424 drderit.
286 2372 357 2422 Ecce
381 2378 455 2422 carta
479 2369 655 2423 vendicionis.
696 2372 748 2421 llla
769 2377 843 2419 carta
861 2369 928 2420 falsa
945 2378 995 2421 est.

226 2441 358 2503 LXVII.
400 2439 533 2514 (xlv.)
574 2438 831 2513 Dealdionibns‚
854 2438 909 2520 qui
941 2439 980 2498 de
1010 2440 1163 2520 personis
1194 2442 1258 2502 suis

69 2569 71 2576 .
139 2522 284 2582 aldiones
305 2531 391 2598 sunt,
413 2520 439 2583 si
461 2521 568 2604 aliqua
590 2515 793 2604 compellatio
811 2521 891 2581 lacta
913 2519 1023 2596 fuerit,
1045 2523 1181 2602 patroni
1204 2547 1259 2584 eo-

138 2625 212 2666 rum
234 2625 287 2664 eos
310 2604 496 2676 defendant,
514 2626 572 2685 per
586 2614 831 2682 sacramentum,
843 2611 899 2664 aut
918 2624 977 2687 per
998 2624 1156 2687 pugnam,
1172 2607 1258 2668 iuxta

138 2686 245 2769 qualis
265 2707 376 2745 caussa
397 2686 505 2750 suerit.
588 2687 628 2753 ll.
654 2689 705 2764 dd.
731 2709 755 2747 1.

221 2767 372 2827 LXVlll.
415 2767 534 2842 (XV.)
576 2769 610 2831 Si
632 2770 736 2830 aldius
759 2771 990 2850 cuiuscumque
1015 2765 1048 2827 in
1078 2792 1152 2830 casa
1175 2771 1257 2830 alte-

106 2901 108 2906 ,
137 2846 205 2912 rius
229 2848 392 2909 nesciente
414 2850 552 2911 Domino
573 2873 631 2912 suo
652 2852 787 2934 fugerit;
819 2873 919 2932 quum
948 2851 1106 2914 inventus
1135 2855 1254 2927 fuerit,

139 2935 185 2995 sic
209 2934 324 2993 debeat
345 2932 420 2992 dare
442 2925 537 2992 homo
560 2933 638 3013 ipse,
659 2935 716 3016 qui
737 2955 812 2995 enm
832 2933 991 3010 hahuerit,
1014 2954 1148 3016 operas,
1170 2957 1253 3016 quo-

138 3017 235 3077 modo
266 3014 305 3075 de
326 3035 430 3078 servo.
515 3014 538 3073 1.
563 3015 611 3078 25.
634 3017 683 3080 55.

207 3117 286 3151 101111.
322 3097 400 3148 Petro
413 3106 441 3148 te
457 3097 576 3166 appellat
592 3097 734 3161 Martinus,
743 3098 818 3168 quod
839 3105 870 3150 tu
880 3092 999 3151 habuisti
1016 3099 1157 3154 Donatum
1176 3118 1251 3152 suum

138 3168 241 3220 aldium
259 3185 339 3236 super
360 3168 406 3218 tx.
430 3177 525 3219 noctes
546 3169 574 3219 in
599 3185 660 3218 casa
683 3187 748 3232 sua,
773 3187 802 3220 se
825 3167 982 3237 nesciente,
1003 3177 1032 3220 et
1053 3171 1179 3239 perdidit
1196 3181 1253 3224 tan-

139 3249 181 3294 tas
199 3257 303 3310 operas,
323 3253 395 3307 quac
411 3237 558 3290 valuerunt
573 3239 622 3292 sol.
642 3237 696 3290 XX.

209 3387 321 3444 LEGES
348 3389 551 3442 LUTPRANDI
578 3387 681 3442 REGIS
700 3387 746 3440 DE
764 3385 864 3443 ANNO
883 3388 992 3442 REGNl
1009 3391 1092 3444 EIUS
1112 3392 1188 3446 XIV.

222 3532 293 3588 Iam
305 3523 431 3607 quidem
453 3525 548 3584 octies
574 3524 609 3582 in
628 3522 750 3603 antiqui
765 3521 862 3582 edicti
880 3543 1023 3606 corpore,
1046 3524 1156 3605 aliqua
1166 3547 1256 3604 prae.

144 3611 278 3673 vidimus
305 3619 502 3684 augmentare
521 3606 670 3688 capitula,
694 3624 772 3684 quae
794 3605 883 3665 nobis
902 3621 932 3665 et
950 3609 1067 3666 nostris
1086 3607 1255 3669 lodicibus

140 3710 234 3778 atque
257 3690 427 3767 fidelibus,
455 3688 624 3748 secundum
652 3689 749 3746 Deum
775 3699 859 3746 recta
888 3703 1150 3770 compa,'uerunt,·
1173 3710 1254 3751 1111110

143 3761 269 3858 quidem
302 3797 338 3832 eu
371 3771 459 3848 quod
488 3772 603 3830 1111111110
634 3788 742 3828 causae
772 3768 817 3828 ad
843 3767 1046 3852 efficiendum
1072 3771 1253 3850 incognitae

143 3874 232 3920 erant
252 3878 330 3936 111111
355 3855 411 3913 alii
426 3875 485 3937 per
506 3847 760 3912 consuetudinem
779 3852 836 3910 alii
844 3873 904 3934 per
920 3853 1086 3912 arbitrium
1107 3854 1253 3916 iudicare

144 3939 350 4004 aestimabant
368 3935 602 4020 praevidimus.-
628 3947 661 3992 ut
685 3934 788 3993 nullus
806 3955 897 3993 error
921 3955 986 3992 0110
1013 3933 1166 4013 deberet,
1197 3935 1256 3996 seri

143 4024 285 4086 omnibus
303 4017 469 4098 manifesta
491 4019 641 4078 clarescat
662 4017 726 4079 lex.
768 4014 905 4096 Ideoque
925 4017 982 4075 boc
1003 4019 1181 4096 statuimus,
1202 4042 1254 4078 an-

142 4121 251 4167 notare
283 4101 420 4186 capitula
452 4102 526 4160 anni
554 4100 673 4158 scilieet
703 4099 801 4175 Regni
836 4099 946 4173 nostri,
982 4099 1051 4158 Deo
1081 4100 1254 4178 largiente,

144 4188 232 4252 XIV.
256 4185 321 4246 Cal.
346 4183 557 4260 Martiarum,
584 4180 761 4242 Indictione
788 4180 843 4240 IX.
897 4181 1096 4264 Quinetiam
1124 4184 1254 4244 Iudices
