2648 4874
141 253 234 328 450,
336 261 439 320 uasis
459 260 751 319 wisiuomoauu
769 261 835 314 mn.
855 258 985 314 uuir.
1002 257 1054 316 ιιι.

565 399 641 465 Vll.
681 369 853 474 armoni..
916 428 920 436 =

61 529 62 536 ’
149 526 191 592 Ut
206 523 446 596 sicutlucrum,¹
460 520 506 580 ita
521 530 551 578 et
567 516 736 601 dampnum
748 527 933 582 reuertatur
952 515 999 576 ad
1015 515 1250 578 mandatorem

288 624 292 634 ·
321 605 361 665 de
382 601 555 664 commodis
571 601 665 660 etiam
678 597 863 659 ‘mandatnm
879 601 1070 680 accipientis.

228 691 320 753 Sicut
340 687 466 747 lucrum
483 683 527 744 ita
541 683 736 764 dampnum,
755 681 852 742 iuxta
865 681 1085 742 conditionem
1098 681 1252 759 mandati,

145 775 186 838 ad
207 795 282 835 eum
295 770 353 853 qui
372 784 515 830 caussam
533 765 730 825 mandaverit
744 773 937 829 revertatur.
978 764 1026 824 lta
1038 774 1075 824 ut
1089 765 1146 845 qui
1161 786 1253 826 caus-

145 877 211 921 sam
235 877 275 916 ex
295 852 445 914 mandato
464 849 601 926 dixerit,
624 856 656 908 et
671 846 811 908 fideliter
831 855 867 906 ut
891 846 1056 929 negotium
1071 859 1252 929 peragatur,

146 938 316 1012 institerit,
337 934 376 993 ab
395 954 434 994 co
453 930 620 991 mandator
635 930 892 993 nec'mandaturu
909 929 1052 1011 repetat,
1074 951 1135 990 nec
1155 932 1254 1012 ipsam

144 1030 256 1106 postea
275 1019 315 1079 ad
335 1017 435 1078 alium
456 1013 626 1074 transferat
653 1011 822 1073 actionem.
869 1010 955 1089 Quia
977 1011 1135 1072 iniustum
1160 1013 1255 1074 valde

146 1110 212 1179 cst,
253 1109 290 1161 ut
318 1097 499 1158 mercedem
531 1094 585 1158 sui
615 1094 734 1155 laboris
766 1093 906 1170 amittat,
941 1093 999 1174 qui
1024 1116 1084 1176 pro
1108 1106 1256 1178 suscepta

146 1205 255 1248 caussa
275 1174 415 1243 fideliter
439 1177 617 1238 elaborasse
641 1177 856 1260 cognoscitur.
899 1177 948 1236 lta
968 1185 1005 1236 ut
1030 1177 1133 1259 isqui
1155 1199 1256 1260 nego,-

145 1269 228 1330 tium
243 1270 499 1348 prosequuturus
514 1267 580 1336 est,
601 1268 676 1319 antu
694 1279 822 1320 caussae
836 1257 1117 1340 principiumcum
1130 1262 1256 1320 manda.-

146 1361 217 1412 tore
234 1345 387 1421 definiat,
415 1350 572 1425 quantum
588 1361 646 1423 pro
661 1342 833 1418 commodo¹
844 1339 894 1401 sui
914 1341 1032 1415 laboris
1051 1341 1143 1402 finito
1162 1363 1257 1424 nego·

146 1432 194 1493 tio
213 1432 252 1491 ab
268 1451 308 1492 eo
326 1427 368 1490 sit
381 1432 584 1506 accepturus.
626 1423 724 1500 Quod
750 1424 776 1484 si
799 1432 960 1504 receptam
980 1445 1049 1491 rem
1075 1433 1257 1507 prosequu-

147 1508 200 1574 toi
218 1513 303 1572 infra
323 1519 388 1572 tres
406 1526 533 1568 menses
558 1503 695 1568 reddere
723 1499 913 1588 neglexerit
935 1506 1137 1584 mandatori,¹
1160 1508 1258 1588 q'uid·

39 1660 43 1666 ,
146 1577 292 1678 quidde
314 1591 425 1654 eadem
446 1609 557 1649 caussa
584 1608 643 1670 pro
673 1609 867 1671 quacunque
890 1588 1078 1650 delinitione
1102 1589 1258 1671 consequi

147 1677 271 1762 potuit,
293 1673 424 1759 perdat,
453 1679 485 1733 et
504 1671 673 1734 mandator
690 1670 807 1734 iudicis
824 1670 929 1732 instau

933 1671 977 1732 tia
992 1693 1062 1733 rem
1097 1673 1143 1734 ibi
1190 1695 1259 1734 om·

149 1761 316 1844 petentem
335 1752 481 1840 accipiat.
928 1748 932 1760 ·
967 1737 999 1784 's
1080 1696 1094 1736 ⁸
1170 1695 1188 1735 ⁰

549 1867 657 1946 ¹Vlll.
698 1888 846 1944 aurium.
926 1851 932 1860 ⁶

158 1987 201 2053 Ut
221 1987 251 2049 si
272 1995 413 2049 mortuus
426 1979 531 2066 suerit
553 1985 580 2044 is
600 1985 656 2068 qai
675 1983 858 2058 mandatum
886 1984 1029 2068 aceepit,
1062 1983 1261 2047 commodam

290 2065 295 2077 '
372 2069 440 2128 -iili
461 2065 600 2128 debitum
622 2065 751 2126 heredes
773 2068 842 2126 eius.
861 2069 1043 2149 accipiant..

191 2145 194 2154 ’
235 2148 302 2229 Qui
323 2152 508 2213 mandatum
528 2149 617 2226 fecit,
638 2148 664 2209 oi
686 2157 831 2210 mortuus
851 2151 950 2210 fucrit
966 2159 1140 2234 antequam
1154 2171 1262 2211 caussa

153 2235 296 2310 dicatur,
325 2234 512 2294 mandatum
530 2229 618 2313 qu'od
639 2233 779 2308 fecerat,
802 2248 870 2294 non
888 2233 1008 2292 valeat:
1040 2241 1073 2294 et
1094 2233 1153 2314 qui
1171 2253 1262 2292 man·

153 2319 264 2380 datum
291 2315 451 2398 suscepit,
485 2313 512 2374 si
537 2322 708 2396 antequam
738 2335 846 2375 caussa
877 2314 1003 2375 dicatur
1030 2316 1132 2396 fuerit
1159 2326 1260 2376 morte

116 2399 119 2414 '
152 2405 367 2483 praeventus,
399 2396 584 2456 mandatum
602 2395 724 2455 nullam
745 2394 862 2456 habeat
881 2397 1072 2464 firmitatem.
1114 2397 1211 2475 Quod
1236 2397 1262 2458 si

153 2475 333 2561 antequam'
346 2487 543 2554 moreretur,
566 2499 706 2538 caussam
725 2479 843 2539 dixisse
864 2479 1061 2558 dinoscitur,
1093 2490 1189 2562 atque
1205 2501 1263 2561 per

152 2583 243 2626 suam
259 2551 443 2626 instantiam
456 2559 496 2619 ad
511 2559 590 2620 fines
603 2581 704 2641 usque
715 2561 873 2643 legitimos
884 2563 1089 2641 perduxisse,
1112 2571 1262 2622 ettamen

153 2663 285 2727 quoque
306 2664 382 2704 casn
406 2641 627 2702 intercedente
659 2643 797 2703 necdum
821 2643 909 2703 finita
935 2666 986 2705 res
1010 2656 1065 2706 aut
1085 2653 1197 2714 exacta
1211 2666 1264 2704 re·-

61 2730 71 2748 ⁸
153 2727 290 2788 mansit:
324 2724 350 2785 si
375 2724 524 2785 adhunc
552 2725 635 2784 forte
660 2726 836 2786 terminum
858 2726 957 2786 fuerit
983 2749 1093 2789 caussa
1115 2727 1265 2804 deducta,
1292 2743 1297 2747 ·

154 2831 220 2892 quo
235 2829 305 2869 eam
321 2805 377 2866 ille
395 2806 452 2889 qui
468 2828 527 2890 per
541 2807 725 2869 mandatum
739 2817 866 2869 secutus
885 2816 949 2884 est,
968 2807 1031 2869 iam
1049 2817 1122 2870 ante
1142 2810 1270 2883 accole-4

153 2899 297 2967 raserat,
329 2911 423 2952 omne
447 2889 575 2950 luc'rum
602 2889 690 2970 quod
715 2890 782 2973 ipse
799 2891 905 2951 fuerat
923 2890 1110 2971 habiturus,
1132 2889 1265 2954 heredi-

151 2973 213 3036 bus
234 2972 304 3035 cius
325 2994 344 3033 a
364 2969 560 3034 mandatoris
579 2971 725 3054 ‘partibus
746 2973 940 3039 exsolvatur.
1005 3043 1008 3053 Ι

470 3083 531 3148 ΙΧ.
558 3108 635 3154 ‚rm-
664 3107 728 3147 aas.
754 3067 851 3147 *cansa
882 3107 951 3149 aar.
993 3133 998 3143 .

508 3283 565 3343 das
589 3285 727 3344 actiones
750 3297 924 3364 iniungant.

238 3365 327 3427 Nulli
364 3365 460 3426 liccat
486 3365 681 3448 potentiori,
716 3364 813 3448 quam
840 3369 908 3450 ipse
939 3364 1065 3452 estqui
1087 3367 1269 3446 committit,
1314 3441 1318 3445 ι

158 3469 299 3510 caussam
319 3470 407 3508 snam
429 3447 496 3507 ulla
516 3447 642 3508 ratione
662 3449 879 3526 committere,
902 3457 940 3509 ut
961 3471 1028 3510 oon
1050 3453 1195 3534 aequalis
1208 3453 1270 3514 sibi

158 3531 228 3591 eius
250 3532 352 3612 possit
369 3529 514 3612 potentia
536 3528 674 3611 opprimi
694 3533 747 3593 vel
769 3531 893 3593 terreri.
936 3534 1016 3593 Nam
1046 3534 1188 3596 etiamsi
1213 3555 1269 3618 po-

157 3621 229 3673 tens
252 3621 325 3673 cum
345 3633 485 3695 paupere
507 3633 649 3673 caussam
670 3612 839 3690 habuerit,
862 3623 894 3674 ct
913 3635 973 3710 per
993 3634 1028 3676 se
1049 3637 1191 3678 asserere
1214 3615 1272 3676 uo·'

158 3694 274 3772 luerit,
306 3715 372 3756 non
404 3694 498 3755 aliter
526 3715 623 3774 quam
645 3695 773 3776 aequali
793 3717 930 3777 pauperi
951 3706 1008 3758 aut
1027 3699 1161 3761 fortasse
1182 3698 1235 3757 inf
1252 3733 1271 3746 -

157 3775 237 3836 riori
269 3797 287 3836 a
315 3785 447 3860 potente
479 3775 598 3858 poterit
619 3798 728 3839 caussa
749 3779 914 3850 committi.
955 3780 1084 3862 Pauper
1109 3801 1208 3858 vero,
1242 3779 1271 3840 si

157 3857 311 3935 voluerit,
332 3869 396 3918 tam
415 3857 541 3940 potenti
561 3881 651 3920 suam
671 3855 814 3924 caussa'm
827 3861 923 3922 debet
940 3863 1150 3944 committere,
1172 3883 1272 3948 quam
1316 3861 1317 3864 ’

158 3947 272 4022 potens
293 3940 354 4006 itte.
372 3949 437 4021 cst,
459 3961 533 4002 cum
553 3961 619 4024 quo
640 3941 806 4028 negotium
826 3943 957 4008 videtur
976 3943 1105 4009 habere.

158 3199 312 3286 Qualibus
330 3199 476 3285 personis
493 3213 658 3285 potentes,
685 3213 714 3261 et
735 3202 881 3286 qualibus
898 3223 1054 3286 pauperes
1072 3223 1268 3290 prosequen-
