2632 4822
368 267 590 356 trnrnaannr
618 267 743 356 aranu
778 220 847 327 nm
862 227 939 325 ra
1075 246 1182 329 ,817

69 435 182 486 rueme
212 413 290 476 dum
311 419 417 473 autem
437 431 497 495 per
517 409 602 470 viam
629 409 829 487 ambularet,
856 408 913 494 qui
935 427 1004 471 eam
1026 409 1066 472 ad
1095 431 1187 474 suam

69 512 236 568 vecturam
261 504 451 578 acceperat,
484 491 638 576 contigit,
672 500 710 554 ut
737 493 878 554 infantes
904 491 938 552 in
970 493 1110 574 quodam
1139 496 1187 558 ri·

71 593 110 648 co
134 590 253 646 stantes
275 579 343 664 ipse
368 577 479 660 pullus
497 577 586 638 calce
618 575 844 658 percussisset,
873 583 905 636 et
933 595 1017 635 unus
1047 596 1087 637 ex
1109 575 1186 659 ipsis
1260 622 1262 629 r

70 675 216 730 mortuus
248 670 304 724 est.
375 663 462 723 Dum
495 668 602 720 autem
631 667 781 743 parentes
811 657 1016 740 requirerent
1041 669 1188 722 mortem

70 746 237 823 infantuli,
259 753 293 805 et
312 741 404 806 nobis
426 742 636 817 retulissent,
659 740 702 802 ita
722 741 946 824 prospeximus
970 760 1043 801 cum
1069 743 1187 804 nostris

70 831 244 906 iudicibus,
258 835 296 887 ut
317 827 395 888 duas
417 835 522 908 partes
542 823 638 906 pretii
656 832 814 906 quantum
831 823 898 906 ipse
920 822 1060 887 valuerit
1080 823 1189 889 inl'ans

72 920 246 997 componat
265 909 342 987 ille,
365 908 457 970 cuius
479 908 589 992 pullus
611 907 726 968 fuerit:
761 915 793 968 et
813 906 940 968 tertiam
959 913 1084 988 partem
1105 928 1191 968 eom·

70 1005 172 1084 ponat
192 993 262 1070 ille,
284 991 337 1053 cui
358 991 540 1052 iumentum
561 989 747 1071 praestitum
768 987 877 1051 fuerit.
929 987 1010 1050 Nam
1033 993 1096 1052 'nos
1124 983 1201 1051 sci--

72 1101 144 1142 mus
166 1076 254 1160 quod
277 1076 309 1135 in
333 1073 486 1135 anteriori
500 1073 615 1134 Edicto
636 1072 775 1154 legitur:
797 1072 831 1133 Si
845 1071 986 1136 caballus
1007 1091 1081 1132 enm
1101 1074 1191 1136 ealce

73 1165 226 1226 damnum
247 1157 373 1235 fecerit,
387 1156 536 1219 dominus
558 1156 627 1216 eius
648 1155 796 1217 restituat
815 1155 922 1239 ipsum
943 1153 1104 1216 damnum.
1127 1156 1193 1218 Sed

73 1245 152 1329 quia
173 1244 232 1304 iste
262 1241 405 1301 caballus
427 1237 699 1320 praestitusfnit,
728 1247 762 1299 et
786 1239 853 1321 ipse
875 1237 933 1320 qui
954 1258 1029 1299 eum
1050 1239 1193 1322 suscepit

75 1329 110 1389 iu
133 1323 296 1410 praestito,
318 1321 484 1383 rationalis
505 1321 603 1381 homo
624 1320 708 1381 fuit:
737 1331 771 1383 et
794 1321 900 1403 potuit
921 1319 1054 1399 dicere,
1084 1319 1110 1382 si
1132 1342 1193 1382 ue-

75 1411 217 1496 gleetum
238 1427 305 1466 nou
327 1403 564 1482 habuisset,ad
585 1401 670 1484 ipsos
693 1402 845 1482 infantes,
867 1410 904 1464 ut
924 1424 958 1466 se
980 1403 1208 1480 custodirent,

75 1502 114 1554 ut
133 1491 196 1552 hoc
218 1489 338 1548 malum
357 1508 427 1557 ¹non
458 1484 668 1568 proveniret:
702 1485 775 1547 ideo
810 1507 869 1569 pro
894 1485 961 1569 ipsa
994 1485 1194 1570 negligentia
1231 1555 1233 1562 ¹

54 1587 56 1590 ‘
77 1577 147 1640 eius
169 1571 319 1649 diximus,
334 1579 370 1630 ut
390 1570 518 1631 tertiam
538 1577 662 1650 partem
681 1568 778 1651 pretii
801 1577 981 1650 componat.
1025 1569 1050 1630 l.
1072 1585 1123 1634 ar.
1141 1569 1172 1630 6.

144 1671 225 1710 aona.
261 1656 341 1707 Patre
355 1661 384 1704 te
400 1652 522 1724 appellat
544 1648 692 1713 Martinus,
712 1652 787 1720 quod
804 1659 835 1704 tu
850 1649 971 1703 habebas
988 1649 1024 1703 ad
1042 1651 1196 1706 conductu·

67 1745 134 1782 ram
151 1727 306 1778 iumentum
323 1725 442 1786 Donati,
470 1729 498 1773 et
513 1721 652 1790 pullulum
677 1720 841 1792 indomitum
864 1721 918 1774 fuit
938 1729 1063 1774 secutum
1081 1731 1195 1774 matrem

76 1815 164 1858 suam,
182 1803 211 1847 et
230 1795 288 1863 ipse
311 1794 435 1862 pullulus
454 1790 558 1845 occidit
577 1805 639 1844 cum
656 1793 734 1844 calce
751 1809 837 1846 unum
854 1809 933 1844 suum
950 1791 1048 1855 filium,
1067 1791 1116 1862 qui
1139 1799 1196 1846 sta⁴

77 1865 127 1920 bat
143 1867 173 1917 in
191 1865 254 1916 loco
271 1863 334 1920 tali.
708 1887 709 1890 ¹

148 1936 227 1986 Petre
245 1943 274 1986 te
292 1932 413 2001 appellat
429 1931 573 1998 Martinus,
585 1929 660 2002 qnod
675 1947 746 1984 unus
761 1934 826 1983 tuus
843 1929 969 1984 caballus
988 1928 1092 1986 occidit
1109 1948 1196 1984 unum

37 2045 41 2053 ,
80 2004 168 2058 filium
187 2019 250 2056 cum
269 2004 358 2056 calce.

157 2095 387 2173 ,cxxxvua
429 2097 616 2172 (LXXXV.)
658 2097 745 2158 Haec
758 2104 865 2158 autem
884 2095 931 2157 rei
946 2095 1065 2159 veritas
1078 2117 1195 2178 perve-

81 2180 132 2242 nit
152 2180 192 2241 ad
214 2200 289 2257 uos,
319 2179 407 2262 qnod
428 2179 560 2262 quidam
581 2179 678 2240 bomo
708 2179 836 2240 diabolo
867 2177 1039 2261 instigante
1062 2179 1197 2241 dixisset

84 2265 125 2326 ad
146 2283 275 2326 serrum
297 2262 458 2323 alienum:
493 2262 576 2322 Veni
598 2275 629 2323 et
654 2261 762 2334 occide
785 2259 949 2322 dominnm
975 2269 1062 2321 tunm
1083 2275 1114 2322 et
1137 2281 1194 2342 ego

84 2347 143 2408 titi
168 2345 266 2405 babeo
280 2343 394 2425 facere
420 2345 615 2417 bonitatem,
639 2365 733 2429 qnam
757 2344 898 2404 volneris
919 2349 961 2409 sl.
1002 2344 1064 2404 Ille
1087 2355 1196 2406 autem

82 2434 253 2513 'persuasus
275 2426 396 2509 abipso
418 2426 549 2488 intravit
570 2427 603 2485 in
625 2449 766 2489 caussam
786 2425 888 2508 ipsam
907 2426 1032 2503 malam,
1055 2433 1087 2487 et
1106 2428 1196 2489 idem

83 2510 140 2593 qni
163 2531 236 2570 eum
257 2510 356 2570 suasit
375 2508 409 2569 in
432 2517 520 2570 tanta
540 2509 662 2571 malitia
683 2510 856 2588 perductus
871 2517 929 2582 est,
944 2516 981 2569 ut
997 2518 1030 2570 et
1043 2527 1196 2590 praeseu-

83 2592 205 2654 tialiter
226 2591 350 2653 diceret
378 2591 483 2653 eidem
513 2612 634 2674 puero:
674 2593 751 2652 Feri
776 2592 879 2676 ipsum
907 2589 1070 2654 dominnm
1098 2601 1196 2670 tunm.

81 2676 125 2740 Et
144 2676 211 2758 ipse
234 2674 342 2757 cipro
363 2674 501 2756 peccatis
521 2675 648 2735 feritam
669 2673 756 2740 fecit.
797 2674 840 2735 Et
856 2672 1095 2735 iterumdixit:
1117 2671 1196 2735 Feri

84 2779 154 2820 enm
180 2755 304 2828 adhuc,
329 2778 401 2821 nam
424 2761 453 2818 si
477 2778 540 2820 non
551 2755 685 2837 feceris,
709 2776 764 2836 ego
791 2769 820 2816 te
839 2753 946 2836 ferire
971 2757 1080 2818 babeo.
1121 2757 1194 2840 lpse

83 2850 190 2902 autem
214 2860 296 2921 puer
325 2859 501 2901 conversus
521 2839 600 2900 fecit
622 2839 726 2900 eidem
748 2837 880 2899 domino
901 2837 1034 2898 alteram
1053 2837 1194 2916 feritam,

84 2933 118 2986 et
136 2931 280 2983 mortuus
303 2929 360 2982 est.
400 2924 486 2982 Dum
507 2934 613 2983 autem
632 2921 800 3003 requisitio
823 2920 863 2980 de
885 2931 986 2982 morte
1007 2920 1132 3002 ipsius,
1161 2927 1195 2981 et

84 3007 127 3068 de
148 3003 379 3087 compositione
400 3003 503 3083 lieret,
525 3003 677 3066 volebant
697 3004 798 3085 aliqui
820 3002 939 3079 dicere,
962 3003 1051 3084 quod
1071 3013 1197 3064 tantum

84 3085 218 3157 deberet
238 3107 431 3167 componere
452 3088 488 3164 is,
511 3087 569 3170 qui
585 3107 686 3169 puero
704 3086 812 3163 suasit,
835 3093 867 3145 et
888 3085 921 3143 in
943 3105 999 3144 sua
1016 3086 1197 3166 praesentia

85 3167 252 3230 bominem
272 3167 372 3246 ferire
394 3168 502 3245 iussit,
528 3177 684 3252 quantum
705 3167 847 3228 anterius
872 3166 1023 3227 Edictum
1050 3169 1199 3228 continet
1273 3168 1283 3182 “

87 3251 128 3312 de
151 3247 287 3309 consilio
308 3250 428 3312 mortis.
471 3250 535 3311 Sed
558 3250 647 3310 nobis
669 3250 849 3330 nostrisque
864 3247 1026 3309 iudicibus
1046 3247 1109 3308 boc
1125 3251 1198 3309 nnl-

87 3333 121 3394 lo
143 3331 238 3392 modo
260 3330 401 3412 placuit,
431 3331 585 3412 quoniam
612 3331 784 3392 consilium
805 3331 915 3392 mortis
945 3330 979 3389 in
1012 3333 1140 3393 occulto
1162 3331 1198 3394 fit

88 3413 343 3476 concinnatum:
380 3423 412 3472 et
440 3413 635 3494 aliquotiens
670 3413 857 3494 perficitur,
891 3412 1086 3493 aliquotiens
1121 3434 1199 3477 non.

87 3499 168 3559 Nam
188 3494 251 3558 hoc
265 3494 478 3557 homicidium
489 3495 744 3577 praesentialiter
760 3497 881 3556 factum
902 3504 960 3560 est.
999 3495 1041 3555 Et
1055 3517 1112 3558 nos
1131 3518 1198 3556 non

89 3579 225 3640 dicimus
252 3578 315 3640 boc
345 3599 413 3639 esse
443 3577 638 3655 consilium,
667 3577 798 3658 quando
826 3577 923 3638 homo
951 3576 1043 3638 alteri
1072 3577 1199 3639 bomini

87 3661 285 3722 verbotenus
318 3667 351 3723 et
386 3660 643 3741 praesentialiter
684 3660 884 3736 ostendendo
913 3657 1018 3721 dieitt
1064 3659 1147 3721 Veni
1169 3673 1200 3720 et

1 3761 2 3767 ’
80 3743 152 3827 fert
176 3745 334 3802 bominem
357 3744 461 3818 istum.
504 3743 651 3824 Ideoque
672 3742 729 3823 qui
749 3742 813 3804 tale
835 3743 955 3812 malum
976 3742 1145 3820 commisit,
1167 3751 1200 3803 et

87 3827 134 3890 sic
153 3825 323 3907 probatum
342 3825 460 3903 fuerit,
483 3845 549 3885 non
579 3833 749 3908 componat
775 3825 858 3886 sicut
887 3825 920 3884 in
943 3834 1053 3886 nostro
1083 3827 1199 3888 Edicto

86 3908 260 3987 affiximus,
281 3907 344 3968 hoe
366 3916 429 3985 est,
460 3916 496 3967 ut
517 3908 631 3988 perdat
657 3927 786 3968 omnem
808 3928 896 3968 suam
917 3907 1143 3986 substantiam,
1167 3917 1200 3969 et

1 4069 2 4072 Ἴ
86 3991 231 4052 medium
253 3989 411 4073 accipiant
432 3989 581 4054 heredes¹
596 3989 765 4072 defuncti,
795 3999 827 4053 et
848 3991 991 4053 medium
1015 3990 1116 4054 curtis
1135 3992 1201 4054 lte·

159 4219 186 4288 s)
205 4221 256 4276 tta.
277 4220 344 4277 cod.
364 4239 415 4294 ago
435 4221 488 4276 n'bi
505 4219 591 4278 tabeo
605 4221 700 4294 facere
718 4222 900 4300 retentorem,

826 4321 879 4396 ΞΩ.
