2684 4868
98 235 176 318 602'
293 261 401 318 crois
420 263 713 340 wlsruoraonun
739 270 804 327 nv.
824 271 871 326 ix.
896 271 968 328 rar.
987 271 1009 328 1.

93 407 158 470 'rita
179 405 255 468 siin
278 405 499 490 postmodum,
529 407 615 490 apud
636 409 814 492 quemlibet
834 411 955 491 fuerit,
994 413 1218 481 inveniatur-c

96 491 253 568 domino,
282 507 347 549 non
369 498 475 572 potest
497 497 651 574 tanquam
673 515 747 556 reus
769 495 892 571 teneri,
914 495 972 578 qui
994 498 1139 561 nesciens
1161 503 1218 562 fu-

97 574 234 656 gitivum
254 573 446 634 mercenarii
473 571 543 634 Ioco
564 578 750 658 susceperit.
792 578 951 640 Dominus
971 600 1048 640 vero
1068 584 1215 664 fugitivi,

96 657 282 718 mercedem
311 676 394 739 quae
423 655 541 736 piacita
563 660 670 719 fuerat
691 672 918 744 consequatur.
974 664 1069 741 Quod
1097 665 1122 725 si
1144 688 1215 726 ser-

97 763 157 802 vus
179 763 196 804 a
219 740 352 800 domino
375 737 415 799 de
438 740 514 822 fuga
535 741 690 803 reductus
713 743 832 803 iterum
849 744 992 827 fugerit,
1014 755 1047 806 et
1066 748 1213 825 eumssite·

95 833 165 886 rato
187 823 367 907 fugientem
388 822 568 905 receperit,
597 823 654 908 qui
676 827 913 888 mercenarium
943 850 1018 889 eum
1049 837 1121 890 ante
1149 852 1214 892 sus·

96 915 245 990 ceperat,
280 903 436 966 continuo
461 915 517 966 aut
537 907 639 969 iudici
668 909 772 969 tradat
800 918 855 969 eut
885 910 1017 970 domino
1049 912 1214 974 remittere

99 1011 163 1050 non
194 998 348 1054 moretur.
393 989 528 1050 Certum
548 989 575 1052 si
597 990 660 1053 hoc
683 1013 746 1054 non
770 992 901 1071 fecerit,
935 994 1089 1055 damnum
1110 996 1217 1058 occul·

96 1072 210 1134 tatoris
232 1071 376 1154 accipiat.

135 1186 231 1253 XIII.
273 1185 310 1246 Si
323 1182 487 1267 fugitivus
508 1189 543 1248 in
566 1187 660 1251 domo
683 1191 893 1274 cuiuscunque
910 1188 1012 1271 fuerit
1032 1193 1186 1254 inventus.

181 1271 214 1332 Si
249 1269 405 1352 fugitivus
434 1269 468 1328 in
503 1271 598 1332 domo
633 1272 792 1356 potentis,
827 1283 883 1334 aut
911 1273 1085 1336 cuiuslibet
1115 1275 1218 1338 fuerit

96 1354 270 1426 inventus,
304 1352 359 1434 qui
383 1351 521 1413 liberum
544 1375 576 1414 se
599 1374 668 1416 esee
691 1355 798 1432 dicat,
829 1364 884 1418 aut
915 1359 1046 1420 fortasse
1075 1379 1142 1418 non
1166 1359 1218 1418 di-

97 1445 169 1508 cat,
199 1434 361 1518 repetenti
387 1435 457 1496 sine
488 1436 643 1498 dilatione
667 1437 832 1505 reddatur.
893 1440 956 1501 Ille
986 1461 1066 1502 vero
1087 1441 1144 1523 qui
1165 1462 1216 1503 re·

97 1519 202 1602 cepit,
231 1540 264 1580 se
293 1517 415 1579 iudicio
438 1528 549 1580 caveat
570 1520 610 1581 ad
631 1520 796 1598 futurum,
824 1522 922 1584 nuliis
953 1532 1026 1584 ante
1055 1522 1217 1586 iudicium

95 1603 266 1666 tormentis
286 1623 360 1664 eum
380 1601 591 1680 traditurum,
617 1602 721 1664 donec
746 1613 802 1663 aut
821 1604 880 1665 iste
899 1627 988 1667 suam
1008 1605 1154 1667 vindicet
1173 1607 1219 1666 Ii·
1261 1626 1265 1640 ·

98 1687 276 1762 bartatem,
321 1693 376 1744 aut
411 1694 498 1745 certe
534 1686 590 1746 iile
620 1686 777 1769 approbet
811 1708 960 1765 servum,
1000 1689 1058 1769 qui
1087 1687 1215 1772 repetit.

98 1769 197 1846 Quiod
217 1769 244 1830 si
260 1767 390 1848 ,petitor
417 1766 477 1828 ista
500 1788 615 1829 cavere
638 1769 803 1848 noluerit,
837 1771 991 1853 fugitivus
1013 1771 1070 1833 iIIe
1093 1773 1152 1833 suh
1174 1772 1218 1832 il-

95 1851 178 1930 liue,
209 1853 295 1933 apud
313 1871 411 1932 quem
438 1851 590 1913 inventus
617 1862 684 1929 eet,
717 1852 925 1915 fideiussione
952 1854 1075 1914 tamdiu
1098 1853 1219 1916 consis-

96 1944 163 2012 tat,
197 1933 354 2016 quamdiu
377 1934 508 2016 agnosci
529 1933 646 2016 possit,
677 1935 818 2017 quidde
843 1938 958 2000 eodem
977 1937 1220 2000 rationabiliter

97 2017 344 2100 iudcxabsque
377 2016 595 2080 retardatione
626 2017 769 2080 definiat.

193 2167 282 2230 XIV.
323 2167 374 2228 De
395 2164 540 2228 mercede
561 2167 628 2228 eius
648 2168 704 2250 qui
720 2165 924 2252 prendiderit
935 2164 1123 2250 fugitivum.

179 2250 214 2311 Si
244 2249 317 2333 quis
348 2249 520 2333 fugitivum
551 2249 850 2331 comprehenderit,
880 2271 940 2333 per
974 2249 1082 2313 XXX.
1112 2249 1216 2312 millia

96 2332 150 2397 vel
172 2334 259 2394 infra
269 2333 448 2396 tremissem
461 2332 613 2415 accipiat:
639 2352 698 2414 per
717 2342 849 2396 centum
867 2342 973 2394 autem
987 2332 1089 2394 millia
1108 2355 1211 2394 uuum

96 2415 238 2479 solidum
259 2437 318 2498 pro
338 2415 500 2476 beneficio
529 2425 754 2496 consequatur.
809 2416 927 2498 Sicque
962 2417 1039 2477 dum
1068 2416 1212 2478 creverit

97 2519 255 2563 nanterus
273 2497 430 2575 millium,
462 2505 584 2560 crescat
617 2506 650 2559 et
684 2519 837 2560 numerus
870 2499 1065 2560 solidorum:
1101 2498 1146 2560 ita
1173 2506 1211 2560 ut

96 2581 155 2662 qui
182 2579 344 2643 invenerit
376 2579 568 2661 fugitivum,
599 2601 674 2642 eum
700 2602 776 2642 oum
802 2581 898 2643 rebus
927 2581 1095 2658 omnibus,
1130 2599 1211 2663 quas

97 2685 175 2728 oum
200 2685 240 2724 eo
272 2663 454 2739 invenerit,
487 2673 691 2744 praesentare
715 2685 773 2724 suo
802 2665 933 2725 domino
962 2685 1029 2724 non
1057 2673 1216 2726 moretur.
1250 2712 1253 2717 .

96 2740 242 2826 Quodsi
265 2745 422 2828 fugitivus
444 2745 483 2805 ab
505 2767 544 2807 eo
564 2766 583 2805 a
604 2767 670 2827 quo
690 2747 797 2807 fuerat
819 2756 928 2844 captur
947 2745 1087 2828 fugerit,
1110 2747 1212 2809 domi-

97 2851 163 2895 nus
181 2827 268 2903 uerri
296 2829 336 2890 ab
364 2828 478 2892 eodem
499 2837 732 2890 sacramentum
761 2829 915 2911 accipiat,
949 2829 1038 2910 quod
1060 2850 1125 2890 non
1157 2829 1211 2911 ip·
1243 2845 1245 2850 ’

11 2909 15 2916 ’
97 2910 163 2976 aira
183 2911 302 2977 ‘fraude
324 2910 376 2976 val
397 2911 503 2974 studio
530 2910 687 2994 fugitivus
708 2912 863 2989 evaserit,
895 2922 928 2974 et
954 2912 1078 2973 nullam
1097 2909 1211 2993 postea

38 3049 41 3066 ,
96 2995 293 3058 calumniam
319 2995 535 3077 pertimescat.
600 2995 643 3056 Et
670 2994 698 3057 ei
731 3004 804 3077 post
835 2995 945 3056 datum
976 3003 1210 3057 sacramentum

96 3079 224 3160 aliquid
244 3101 262 3139 a
284 3077 424 3162 lugitivo
452 3076 659 3139 convincitur
680 3098 840 3159 accepisse
861 3077 1035 3156 mercedis,
1065 3086 1119 3138 aut
1140 3079 1210 3137 eius
1321 3085 1325 3094 “

94 3163 213 3226 fraude
250 3162 405 3223 doceatur
437 3160 628 3238 admissum,
666 3169 704 3220 ut
726 3159 881 3242 fugitivus
911 3161 951 3222 ad
980 3158 1215 3242 longinquiora
1278 3181 1281 3186 ’

93 3244 314 3328 pertenderit:
346 3245 371 3305 si
392 3243 546 3325 fugitivus
566 3242 666 3304 fuerit
686 3244 856 3321 inventus,
878 3243 963 3328 paris
983 3243 1091 3305 meriti
1113 3243 1214 3302 alium

93 3345 225 3389 cerrum
258 3326 391 3388 domino
421 3328 596 3389 reformare
622 3336 766 3410 cogatur.
827 3326 885 3387 Sin
919 3335 1026 3388 autem
1057 3327 1213 3387 inventus

94 3429 162 3474 uon
192 3409 309 3489 fucrit,
342 3410 423 3473 duos
449 3410 594 3473 eiusdem
616 3410 723 3472 meriti
745 3430 855 3474 servos
882 3409 1017 3471 domino
1037 3408 1108 3470 eius
1128 3427 1215 3472 com·

94 3493 239 3578 paratur
254 3492 437 3557 exsolvere.

133 3595 151 3612 '⁵
359 3593 361 3596 ¹
527 3605 602 3672 XV.
630 3629 778 3684 rarione.

232 3728 271 3788 Si
291 3747 400 3790 servus
413 3724 544 3809 fugiens
566 3747 598 3787 se
621 3747 687 3786 esse
709 3725 881 3786 mentiatur
900 3725 1079 3804 ingenuum.

116 3849 119 3867 1
169 3809 223 3877 tsi
234 3831 346 3873 servus
373 3810 414 3870 in
431 3811 508 3892 fuga
532 3809 655 3892 positus
677 3808 717 3870 ad
734 3809 861 3890 ignotos
883 3805 1070 3882 advenerit,
1094 3813 1126 3865 et
1152 3800 1215 3865 sibi

95 3892 268 3957 multorom
289 3893 466 3975 ingenuam
490 3892 524 3952 in
549 3891 702 3972 coniugio
724 3891 942 3974 copulaverit,
980 3911 1020 3950 eo
1048 3887 1137 3970 quod
1163 3885 1216 3946 di·
1300 3968 1303 3972 ἱ

97 3985 147 4041 cat
169 3997 202 4038 se
236 3975 416 4054 Ingenuum
448 3995 535 4036 essct
581 3983 615 4034 et
647 3975 710 4036 hoc
735 3975 853 4036 mulier
880 3973 934 4035 veI
968 3972 1038 4033 eius
1067 3979 1219 4053 parentes*

95 4059 141 4123 ita
169 4053 298 4128 ,factum
332 4057 576 4131 convincatur,
604 4066 659 4118 aut
683 4066 771 4118 certe
796 4057 895 4119 iudex
927 4057 1025 4118 talem
1051 4053 1218 4136 probatio·

98 4163 175 4212 nem
196 4151 331 4224 aperte
359 4140 507 4201 mulieris
533 4139 730 4221 inspexerit:
754 4140 832 4200 dum
853 4140 1002 4200 dominns
1022 4137 1110 4200 servi
1130 4135 1217 4194 hanc

96 4227 267 4296 veritatem
293 4226 480 4307 agnoverit,
506 4223 591 4284 nihii
614 4222 675 4304 ipsi
702 4222 833 4286 mulieri
855 4223 1068 4306 dampniaut
1091 4219 1221 4282 calum*
