2684 4868
149 288 224 368 ott
245 319 252 336 ·
345 305 451 390 mors
468 305 763 376 wisrsornosun
779 303 848 374 us.
866 305 899 364 v.
917 303 987 366 sn.
1007 307 1071 364 vn.
1155 371 1159 380 ,

148 452 231 514 haee
251 449 303 512 sel
333 448 482 512 voluntas
507 448 599 512 nulla
628 447 753 512 ratione
783 445 941 518 subsistat.
982 449 1071 513 Illud
1098 446 1188 512 enim
1214 445 1280 514 eist‘

143 544 272 598 ¹tantum
316 531 420 594 ietutis
441 531 715 617 contemplatione
728 531 957 612 concedimus,
978 543 1015 596 ut
1028 555 1085 616 pm
1094 532 1267 594 animabus

147 618 215 680 suis
237 555 395 678 ecciesiae
411 615 463 676 vel
478 615 673 700 pauperibus
690 614 730 676 de
751 614 823 675 aliis
843 615 1046 677 facultatibus
1067 615 1261 710 largianturr

147 711 181 762 et
202 699 229 761 si
250 706 378 783 praeter
397 706 497 759 terras
518 698 571 759 rel
593 697 754 783 mancipia
769 696 817 758 nil
831 697 970 760 habeant
990 699 1158 774 facultatis,
1179 706 1261 759 tune

148 784 188 846 de
211 783 305 844 terris
327 789 423 864 atque
454 779 625 864 mancipiis
654 779 700 842 eis
728 780 893 842 vendendi
921 780 1092 843 tribuimus
1119 789 1260 863 potesta-

140 875 222 927 tem.
265 867 314 926 Ita
335 873 392 941 ut,
422 863 506 926 sicut
526 885 620 948 supra
641 863 764 926 dictum
785 871 851 941 est,
880 884 899 923 a
920 863 1019 926 servis
1050 861 1164 924 nostris
1186 872 1261 922 tan·

145 948 336 1025 tummodo,
365 947 454 1028 quod
475 943 622 1010 conservi
644 967 757 1008 eorum
782 944 1008 1024 vendiderint,
1039 955 1261 1028 comparetnra

147 1052 210 1092 neo
231 1030 316 1092 liber
334 1029 423 1091 ullus
443 1030 484 1091 ad
507 1028 823 1094 contractumhuius
844 1029 1019 1113 emptionis
1041 1030 1168 1111 aspiret.
1188 1031 1266 1090 Pre-

147 1115 234 1175 cium
256 1122 361 1176 antem
383 1113 472 1194 quod
495 1114 535 1175 de
555 1122 641 1175 terra
660 1112 714 1173 vel
735 1111 905 1195 mancipiis
926 1113 1110 1189 accesserit,
1132 1131 1266 1193 erogare

28 1198 33 1205 '
144 1219 204 1282 pro
224 1196 390 1260 animabus
412 1196 479 1258 suis
510 1194 659 1259 eeclesiis
684 1195 738 1258 vel
757 1195 951 1280 pauperibus
973 1217 1040 1256 non
1062 1203 1223 1260 vetentur.

355 1335 358 1342 ’
391 1335 520 1407 ¹XVII.
581 1359 645 1406 aas.
686 1357 754 1402 aas.
794 1360 883 1405 acus.
924 1359 994 1405 aux.

144 1452 199 1518 Ne
214 1452 324 1516 liberti
344 1453 408 1553 vel,
415 1456 583 1538 progenies
603 1474 712 1517 eorum
736 1473 806 1516 oum
825 1456 1011 1540 posteritate
1029 1452 1163 1537 patroni
1166 1495 1181 1528 ,
1206 1461 1262 1546 aut

282 1537 427 1618 coniugia
450 1549 633 1600 connectant
655 1549 710 1598 aut
734 1538 780 1598 eis
798 1537 968 1598 insolentes
986 1539 1138 1598 existant.

225 1620 398 1684 interdum
421 1620 558 1682 vidimus
580 1639 746 1682 excessum
767 1617 997 1703 licentiamque
1019 1639 1204 1696 servornm,
1228 1625 1262 1680 et

141 1704 255 1768 dolere
282 1704 384 1764 coacti
406 1702 748 1786 sumusfignominiam
769 1701 985 1769 dominorum.
1014 1701 1155 1781 Quidam
1174 1697 1263 1761 enim

142 1811 161 1848 a
188 1785 329 1848 dominis
360 1785 425 1847 suis
459 1785 607 1848 libertate
645 1793 818 1869 percepta,
851 1784 1069 1868 generationis
1102 1782 1287 1867 progenie·

34 1865 56 1917 Ἀ
142 1870 357 1946 decurrente,
387 1877 578 1953 attemptarit
599 1879 654 1930 ant
675 1868 736 1952 ipsi
760 1875 815 1930 aut
834 1870 1003 1951 posteritas
1026 1887 1159 1945 eorum,
1187 1886 1264 1928 cum

140 1951 299 2037 progenie
321 1951 528 2014 dominorum
545 1951 597 2014 vel
620 1951 775 2014 indecens
796 1951 949 2050 copulare
971 1949 1179 2032 coniugium,
1207 1950 1263 2010 vel

139 2034 303 2097 molestias
332 2034 454 2097 inferre
491 2034 670 2117 posteritati
703 2031 1011 2096 mau‘umrttentium.
1070 2032 1192 2115 Sicque
1226 2031 1262 2093 in

82 2141 87 2150 ’
141 2119 311 2181 adversum
332 2126 421 2196 parte
442 2138 613 2197 conversa,
644 2117 720 2200 quia
741 2117 885 2198 ingenita
907 2117 1038 2178 libertas
1061 2115 1181 2199 gratiae
1204 2114 1261 2176 do-

141 2221 185 2261 no
207 2201 246 2261 sn
268 2199 405 2276 nobilis,
438 2200 513 2262 ideo
542 2221 697 2283 generosa
733 2200 884 2263 nobilitas
912 2197 1077 2260 inferioris
1109 2205 1197 2259 tactu
1220 2197 1263 2260 fit

139 2283 255 2365 turpis.
297 2280 402 2363 Atque
424 2282 501 2345 inde
523 2283 649 2346 claritas
686 2283 814 2364 generis
845 2282 1002 2345 sordescit
1029 2281 1261 2343 commixtione

140 2365 265 2427 abiecta
300 2365 515 2444 conditionis,
548 2367 636 2428 unde
669 2367 815 2428 abdicata
843 2365 979 2428 servitus
1000 2363 1121 2426 attollit
1145 2363 1261 2426 titulos

141 2446 311 2509 libertatis.
369 2447 411 2507 Ut
435 2469 512 2532 ergo
543 2460 575 2510 et
596 2458 730 2510 naturae
760 2448 916 2532 splendor
941 2457 1030 2510 ortus
1060 2446 1111 2509 sui
1149 2445 1261 2528 ‹tigui-

142 2538 206 2590 tate
230 2549 296 2589 nou
330 2537 456 2606 careat,
488 2539 521 2592 et
544 2530 683 2594 servitus
708 2532 838 2594 sibimet¹
855 2529 1068 2593 reminiscens
1091 2528 1259 2601 indebita,

141 2621 174 2673 et
196 2612 383 2673 inconcessa
409 2633 473 2673 non
503 2622 648 2695 appetat,
683 2614 766 2677 bene
797 2613 946 2691 iubetur,
982 2621 1019 2674 ut
1045 2612 1073 2674 si
1094 2633 1262 2694 ,quorum-

140 2695 224 2768 libet
251 2693 442 2776 quicunque
463 2694 592 2773 liberti,
624 2697 692 2759 sive
724 2719 764 2760 ex
780 2717 901 2759 eorum
922 2696 1020 2779 stirpe
1048 2694 1263 2778 quandocun-

141 2799 206 2861 que
229 2775 410 2858 progeniti,
454 2798 634 2862 exgenere
656 2780 946 2851 manumissorum,
977 2777 1030 2841 vel
1058 2799 1099 2839 ex
1133 2776 1180 2839 eis
1203 2778 1259 2840 de·

142 2868 294 2923 currente
303 2901 315 2931 ‚
341 2861 487 2941 quamvis
508 2861 606 2944 longa
625 2863 799 2946 progenie,
826 2860 1016 2945 coniugium
1035 2881 1261 2944 praesumpse-

141 2943 210 3006 rint
229 2950 436 3024 attemptaret
465 2955 521 3006 ant
539 2946 786 3008 manumissores
805 2945 858 3007 vel
880 2964 993 3005 eornm
1017 2942 1259 3028 posteritatem,

57 3063 59 3068 ·
141 3025 205 3111 ipsi
228 3025 283 3086 rel
307 3045 420 3086 eorum
439 3027 629 3125 progenies,
658 3039 749 3090 extra
774 3028 857 3090 iusta
885 3027 1014 3110 negotia
1043 3046 1102 3087 sna
1124 3036 1260 3108 propter

101 3103 106 3120 ‘
142 3131 217 3172 suas
240 3107 293 3170 vel
316 3117 450 3191 propter
471 3111 609 3172 aliorum
637 3111 781 3174 actiones
806 3107 1081 3184 convexaret-int,
1112 3117 1169 3168 aut
1194 3108 1260 3169 lae·

143 3192 265 3267 serint,
287 3189 398 3273 eisque
420 3191 581 3255 molestias
598 3193 666 3258 sive
695 3193 833 3276 dampna
854 3191 1097 3268 concusserint,
1124 3191 1178 3252 rel
1202 3190 1261 3252 ali-

143 3275 226 3358 qnid
250 3272 403 3336 adversus
429 3296 484 3360 eos
508 3277 650 3338 factione
673 3297 870 3360 quacunque
893 3275 995 3358 egisse
1025 3272 1088 3336 risi
1113 3273 1259 3353 inerint,

146 3357 180 3420 in
203 3375 315 3419 eorum
339 3378 421 3439 quos
439 3359 682 3424 molestaverint
700 3359 887 3422 evidentem
905 3357 1093 3420 servitutem
1113 3375 1190 3416 mox
1210 3377 1262 3419 re·

145 3440 253 3506 deant.
315 3437 401 3516 Quia
429 3439 564 3524 impium
585 3441 662 3504 satis
686 3451 749 3519 est,
783 3451 821 3503 ut
846 3441 924 3502 dnm
949 3437 1093 3502 conditio
1117 3439 1261 3502 servitu·
1326 3505 1330 3522 Ι

145 3524 187 3584 tis
209 3521 405 3600 absolvitur,
432 3522 571 3606 dignitas
599 3524 757 3586 libertatis
787 3523 997 3606 impediatur:
1021 3519 1058 3584 'et
1080 3519 1159 3582 dum
1186 3542 1259 3584 ser·-

144 3627 204 3668 vus
226 3602 381 3687 erigitur,
403 3603 491 3668 lilius
510 3606 696 3679 abdicatum
717 3613 813 3690 atque
836 3606 912 3669 inde
933 3605 994 3666 lilii
1020 3604 1159 3699 dampna
1193 3625 1260 3668 sue

142 3687 287 3766 tineent,
308 3685 396 3750 uud'e
423 3687 464 3750 ad
490 3690 674 3754 nocendum
690 3689 862 3775 potiuntur
878 3685 966 3752 servi
992 3687 1138 3750 licentra.

448 3817 571 3888 XVIII.
608 3843 672 3884 rus.
693 3842 758 3888 css.
779 3843 866 3884 acus.
887 3842 956 3882 aar.

98 4001 103 4013 Ι
171 3901 180 3924 i
205 3931 254 3995 Ne
274 3929 382 3992 liberti
405 3934 546 4015 religiosi
561 3935 618 3997 -ad
638 3934 820 4018 obsequium
843 3934 1036 3997 reducantur
1058 3931 1197 3998 heredis.

227 4013 399 4092 Quoslibet
435 4017 476 4078 de
517 4031 787 4102 quorumeunque
824 4018 949 4081 libertis
986 4029 1042 4081 aut
1073 4015 1261 4100 specialiter

144 4093 354 4164 ecelesiastici
375 4096 516 4181 dignitas
537 4101 723 4164 sublimarit
745 4100 896 4178 honoris,
918 4111 974 4162 ant
997 4099 1148 4184 praefixis
1167 4117 1259 4160 sane·

36 4179 38 4194 '
143 4193 253 4245 torum
287 4177 368 4240 locis
397 4181 566 4266 deputavit
593 4186 644 4246 vel
673 4183 753 4245 ordo
788 4184 975 4266 religionis,
1013 4180 1259 4256 subordinatio

143 4260 420 4344 nianamiuentis,
440 4284 506 4331 non
519 4277 618 4332 erunt
630 4267 671 4330 ad
681 4262 862 4330 dominium
870 4266 1154 4354 patrociniumque
1163 4264 1260 4330 redu·
