2648 4874
270 319 378 380 ansts
396 317 768 378 wtsleotttoatnt'ttn.
789 323 825 378 a.
845 321 916 378 am
936 329 958 384 1.
1106 310 1182 388 tte

369 461 456 526 XXI.
496 481 558 524 sas.
589 483 655 530 oss.
690 483 774 531 cans.
809 485 877 527 aar.

73 584 108 650 Si
125 581 230 648 iudex
247 578 325 645 dolo
346 578 395 639 vei
411 575 585 640 calliditate
602 590 660 640 unt
673 599 767 640 unum
787 593 843 641 unt
860 585 966 646 ambas
985 589 1180 652 causantium

328 672 437 748 partes
456 658 626 746 dispendio
637 660 743 743 faciut
763 665 925 733 sustinere.

148 743 346 830 Tranquille
378 763 416 806 ac
445 742 585 805 sollicite
614 741 765 806 instantia
793 749 1027 829 magnitudinis
1056 761 1182 817 nostrae

68 839 261 920 praemonet
276 826 400 904 iudices
413 843 540 904 omnes,
561 845 628 888 non
644 825 763 890 debere
774 829 909 892 dilatare
924 832 1119 916 causidicos,
1141 857 1184 898 ne

71 914 156 1000 gravi
193 910 367 996 dispendIo
395 909 600 990 aliquatenus
622 918 809 974 onerentur.
859 913 1006 991 Quodsi
1031 917 1107 978 dolo
1130 919 1183 980 vei

70 996 250 1062 calliditate
272 993 381 1075 aliqua
400 991 441 1053 ad
464 991 527 1052 hoc
551 990 701 1053 videntur
721 991 820 1057 iudex
850 995 980 1060 differre
1004 999 1184 1081 negotium,

70 1090 106 1144 ut
120 1101 189 1141 una
213 1084 364 1161 pareant
381 1073 491 1136 ambae
509 1074 713 1157 naufragium
735 1080 916 1160 perferant,
938 1081 1101 1162 quidquid
1123 1083 1185 1148 di..

67 1163 183 1248 pendii
203 1179 305 1242 super
326 1165 399 1219 octo
425 1156 514 1234 dies,
546 1157 639 1220 adie
667 1167 798 1240 coeptae
831 1161 985 1235 actionis,
1019 1177 1184 1230 causantes

68 1241 293 1331 pertulerint,
327 1237 458 1302 reddito
488 1247 689 1301 sacramento
718 1249 821 1304 totum
846 1244 892 1306 eia
922 1244 1021 1306 iudex
1045 1247 1183 1310 reddere

69 1327 295 1412 compellatur.
349 1321 385 1384 si
406 1329 515 1384 autem
536 1322 588 1384 vel
617 1320 804 1406 aegritudo,
840 1326 893 1389 vel
917 1326 1067 1410 publicae
1092 1331 1186 1392 utili·
1258 1331 1260 1340 '

69 1412 141 1473 tatis
158 1407 299 1472 indictio
316 1425 368 1467 sus
393 1403 522 1466 enderit
538 1404 679 1466 iudicem
698 1407 914 1490 speragando
933 1409 1084 1493 negotio,
1106 1414 1184 1475 nul.

68 1493 133 1556 lam
148 1510 274 1553 moram
290 1487 365 1551 exhi
409 1495 441 1548 et
456 1486 674 1569 litigantibus:
696 1489 753 1551 sed
769 1492 829 1552 sub
845 1489 904 1553 bae
920 1512 975 1554 eos
993 1491 1183 1556 definitione

70 1575 245 1639 confestim
257 1571 422 1647 absolvat,
444 1576 480 1630 ut
499 1569 540 1632 ad
558 1591 701 1633 caussam
714 1572 966 1658 expediendum,
987 1578 1183 1662 competenti

70 1663 237 1744 tempore,
259 1652 483 1718 indubitanter
501 1662 683 1719 occurrant

464 1797 578 1865 XXII.
618 1821 768 1879 arctoos.

197 1917 288 2006 Quid
306 1917 445 2006 primum
460 1913 562 1978 iudex
579 1935 710 1978 servare
728 1916 859 1998 debeat,
877 1931 912 1983 ut
928 1940 1056 1985 cuasam
1089 1927 1093 1934 '

487 1999 563 2061 bene
586 2011 760 2078 cognoscat.

149 2084 256 2148 Iudex
284 2092 321 2145 nt
350 2081 436 2145 bene
458 2101 601 2144 caussam
631 2093 822 2178 cognoscat,
850 2084 993 2166 primum
1013 2095 1110 2151 testes
1135 2089 1184 2148 iu·

69 2178 230 2267 terrogetc
259 2165 378 2228 deinde
396 2164 571 2310 scripturas
598 2163 758 2246 inquirat,
795 2173 832 2226 ut
855 2167 973 2230 veritas
992 2172 1092 2251 possit
1115 2193 1184 2232 ecr-

71 2255 135 2316 tius
163 2249 328 2328 inveniti,
359 2271 401 2311 ne
434 2271 451 2308 a
511 2257 746 2309 sacramentum
780 2247 877 2310 facile
904 2251 1065 2317 veniatur.
1086 2308 1089 2316 ,
1112 2255 1182 2314 Hoc

72 2336 159 2398 enim
181 2331 324 2395 institiae
346 2331 454 2428 potius
479 2329 642 2414 indagatio
667 2349 745 2392 vera
770 2333 991 2413 commendat,
1021 2346 1057 2398 ut
1077 2335 1183 2421 scrip-

69 2429 163 2480 turae
196 2437 238 2478 ex
272 2415 422 2480 omnibus
449 2413 684 2492 intercurrant,
724 2421 757 2474 et
787 2412 916 2476 iurandi
948 2418 1120 2483 necessitas
1147 2441 1181 2482 se

71 2499 240 2584 inopinata
274 2497 407 2560 omniuo
439 2496 621 2582 suspendat.
681 2492 721 2556 In
748 2494 801 2558 his
829 2519 907 2560 vero
944 2502 1047 2564 causis
1076 2523 1183 2562 suora-

69 2590 183 2645 menta
208 2587 428 2666 praestentur,
464 2578 499 2640 in
555 2577 650 2641 uibus
671 2575 796 2640 nuliam
816 2579 1009 2664 scripturam
1032 2583 1086 2647 vel
1108 2605 1183 2668 pro·

68 2665 254 2744 irationem,
290 2686 349 2727 seu
375 2671 464 2725 certa
499 2601 621 2724 indicia
647 2659 789 2724 veritatis
816 2661 971 2726 discussio
1005 2664 1181 2728 iudicantis

70 2746 246 2812 invenerit.
287 2749 328 2811 Iu
359 2745 478 2829 quibus
506 2752 612 2806 tamen
646 2742 781 2822 caussis,
822 2752 856 2806 et
883 2766 902 2807 a
932 2765 998 2844 quo
1023 2749 1184 2810 iuramen-

68 2841 142 2894 tum
163 2829 270 2907 detur,
297 2850 356 2911 pro
387 2829 456 2892 sola
481 2824 730 2912 investigatione
757 2823 915 2909 iustitiae,
944 2851 978 2892 au
996 2829 1112 2898 iudicis
1127 2854 1184 2917 po·

68 2921 183 2980 testate
205 2911 366 2979 consistat.

370 3055 492 3125 XXIII.
534 3077 596 3120 aas.
619 3077 683 3123 aas.
704 3077 792 3124 ncnc.
819 3077 887 3126 nex.

73 3176 112 3240 Si
137 3176 348 3258 cuiuscunque
379 3173 509 3238 macris
538 3184 593 3234 aut
620 3171 745 3236 ordinis
774 3172 876 3236 iudex
915 3173 1041 3238 dicatur
1073 3165 1184 3239 dederi

186 3271 366 3344 suspectus,
387 3257 443 3320 aed
469 3256 499 3318 si
519 3253 623 3398 inde}
650 3268 761 3318 contra
782 3256 866 3338 leges
886 3271 1071 3344 praecantat

430 3387 431 3390 ,
552 3358 586 3398 su
611 3359 706 3404 saure.
841 3392 844 3401 .

156 3423 192 3486 Si
222 3421 296 3504 quis
322 3418 487 3502 iadicem,
516 3419 571 3485 vel
597 3421 774 3500 Comitem,
801 3429 856 3483 ant
877 3422 1034 3486 vicariam
1053 3423 1186 3488 Comitis

73 3529 134 3571 seu
165 3505 358 3589 tIuphadam
385 3514 549 3586 suspectos
581 3502 699 3565 habere
733 3525 767 3565 se
799 3505 936 3584 dixerit,
970 3518 1003 3572 et
1030 3508 1070 3569 ad
1092 3530 1186 3570 snum

73 3594 200 3652 Ducem
227 3588 351 3649 aditum
378 3585 556 3648 accedendi
583 3587 782 3670 poposcerit,
813 3589 865 3650 vel
892 3590 1024 3652 fortasse
1045 3591 1187 3652 eundem

73 3675 201 3736 Ducem
228 3678 414 3751 suspectum
442 3667 561 3731 habere
587 3690 621 3730 se
656 3669 790 3730 dixerit:
826 3693 891 3730 non
921 3674 980 3734 suh
1004 3671 1064 3734 hac
1094 3695 1188 3734 occa-

71 3755 167 3816 sione
181 3753 320 3837 petitor,
343 3773 380 3814 ac
397 3751 584 3835 praesertim
602 3772 726 3834 pauper
750 3751 923 3834 quislibet,
946 3755 1086 3838 patiatur
1102 3758 1189 3817 ultro

73 3837 285 3900 dilationem:
306 3835 364 3896 sed
385 3834 447 3915 ipsi
469 3834 526 3915 qui
547 3832 694 3894 iudicant
719 3833 788 3896 eins
812 3837 996 3918 negotium,
1027 3837 1114 3898 unde
1139 3861 1190 3900 su·

73 3919 177 4000 specti
206 3919 361 3980 dicuntur
385 3915 517 3995 haberi,
547 3937 623 3977 cum
649 3915 809 4000 Episcopo
837 3918 993 3998 civitatis,
1027 3919 1067 3980 ud
1091 3920 1192 4016 liqui-

74 4003 155 4063 dum
182 4001 358 4064 discutiant
384 4009 480 4081 atque
507 4006 721 4082 pertracteot5
752 4009 783 4060 et
808 3999 848 4060 de
871 4023 935 4083 quo
958 4001 1193 4082 iudicaverint,
1224 4023 1226 4028 ’

74 4085 198 4168 pariter
213 4082 420 4146 conscribant
438 4081 705 4162 subscribantque
723 4081 889 4150 iudicium.
931 4086 973 4147 Et
992 4086 1195 4167 qui'suspee-

73 4177 145 4228 tum
170 4167 315 4228 iudicem
339 4165 459 4227 habere
478 4187 514 4226 se
536 4164 683 4241 dixerat,
705 4165 732 4224 si
750 4173 861 4226 contra
880 4168 1021 4230 eundem
1041 4167 1195 4248 deinceps

75 4250 177 4314 suerit
206 4248 396 4334 querelatur
407 4292 417 4326 ,
451 4247 622 4332 completis
643 4248 753 4331 prius,
775 4269 858 4332 quae
879 4272 939 4334 per
956 4250 1112 4314 iudicium
1133 4260 1199 4314 sta·
