2632 4822
129 249 205 326 812
415 265 633 326 crunnum
662 267 787 324 trouu
822 263 887 332 rra.
903 271 954 330 rr

129 411 179 472 De
198 407 249 472 tte
260 403 413 493 seminis,
434 429 514 494 quae
533 406 667 470 adustae
684 409 750 470 sint
769 420 800 472 et
819 411 883 474 sibi
894 411 983 474 intra
999 421 1146 475 aculem
1163 427 1252 500 copu-

532 491 666 552 laverint
685 493 842 560 martium.

213 571 363 638 CXXIX.
403 573 575 669 (LXXVI.)
617 573 854 638 Interveniente
881 574 1060 638 vanissima
1083 585 1119 638 et
1142 599 1250 661 super·
1313 633 1314 660 ,

129 656 251 720 stitiosu
271 656 324 717 rel
347 655 463 740 cupida
483 655 632 718 suasione
653 675 692 717 ex
714 658 944 754 perversione,
975 659 1136 742 apparuit
1158 663 1249 722 modo
1311 661 1314 718 l

130 741 164 802 iu
198 739 250 800 his
281 739 495 822 temporibus,
537 759 621 821 quae
649 738 764 801 inicus
787 741 879 803 nobis
900 741 954 802 vel
977 742 1113 802 cunctis
1136 745 1249 805 nostris
1312 753 1314 772 ³

129 821 295 884 ludicibus
324 820 511 882 coniunctio
543 841 611 882 esse
640 822 832 904 comparuit:
865 822 1025 906 quoniam
1057 825 1191 887 adultae
1219 835 1246 886 et

129 903 193 966 ium
209 909 350 966 maturae
372 904 483 966 aetatis
503 903 643 966 leminea
664 905 857 988 copulabant
871 905 931 970 sibi
951 927 1077 990 puerps
1100 909 1247 992 parvulos

129 995 163 1050 et
183 987 265 1047 inira
286 995 422 1049 aetatem
443 985 637 1069 legitimam,
667 995 699 1047 et
721 986 889 1070 dicebant,
912 989 1001 1086 quod
1023 989 1090 1051 viri
1114 991 1244 1076 legitimi

130 1090 200 1132 esse
221 1069 394 1144 deberent,
429 1068 507 1131 dum
530 1069 638 1130 adhuc
665 1069 725 1152 ipsi
754 1092 864 1132 secum
884 1071 1019 1134 minime
1042 1075 1245 1134 commisceri
1312 1137 1314 1160 ,

130 1151 283 1215 valerent.
323 1153 418 1214 Nune
439 1151 545 1234 itaque
567 1161 704 1214 statuere
725 1152 962 1236 praevidimus,
983 1156 1142 1217 utnulla
1163 1179 1246 1217 amo-
1312 1175 1314 1178 ·

129 1233 171 1298 do
192 1233 314 1296 femina
332 1233 396 1296 hoc
416 1235 522 1296 facere
565 1244 741 1310 raesurnut,
764 1236 826 1297 nisi
839 1237 953 1320 pater,
974 1248 1031 1300 ant
1053 1259 1137 1300 avus
1157 1240 1246 1321 pueri

129 1339 204 1379 cum
241 1315 392 1400 legitimis
422 1257 607 1400 perennius
637 1316 768 1399 puellae
800 1319 865 1382 hoc
897 1321 1006 1382 facere
1036 1321 1245 1404 praeviderit.
1313 1381 1314 1390 ,

127 1401 208 1463 Nam
228 1399 255 1461 si
276 1419 358 1482 puer
377 1408 451 1484 post
471 1408 605 1460 mortem
624 1399 719 1482 patris
750 1411 811 1469 aut,
833 1400 882 1463 evi
909 1399 995 1464 intra
1022 1411 1170 1466 aetatem
1196 1425 1245 1464 re·
1312 1395 1314 1410 ⁴

128 1481 299 1558 manserit,
323 1492 369 1545 -ct
397 1481 428 1544 ei
459 1503 493 1544 se
524 1481 768 1566 qualiscumque
798 1484 935 1563 femina,
972 1494 1159 1568 antequam
1179 1487 1242 1569 ipse

127 1585 211 1650 puer
229 1563 310 1629 XlV
330 1585 452 1624 annum
473 1564 506 1642 1)
525 1564 704 1648 compleat,
727 1566 878 1650 copulare
898 1568 1158 1652 praesumserit,
1195 1568 1243 1630 di·
1312 1581 1314 1594 ¹

127 1646 233 1710 cendo
253 1646 342 1730 quod
363 1645 524 1730 legitimus
545 1646 615 1709 eius
644 1646 776 1709 maritus
803 1670 872 1710 esse
905 1649 1037 1728 debeat,
1084 1651 1179 1712 irrita
1206 1650 1243 1712 sit
1312 1655 1314 1662 ”

125 1731 194 1815 ipsu
209 1727 408 1807 coniunctio,
430 1737 462 1790 et
482 1737 669 1812 separentur
682 1730 722 1792 ab
737 1730 884 1794 invicem.
926 1732 1064 1793 femina
1081 1755 1162 1796 vero
1179 1733 1242 1814 ipsa
1313 1767 1314 1778 2

125 1821 302 1876 revertatur
320 1832 421 1874 vacua
441 1833 516 1873 cum
537 1811 709 1894 opprobrio
731 1835 806 1890 suo,
835 1823 868 1877 et
896 1835 964 1875 nou
991 1813 1113 1878 lrabeat
1133 1823 1242 1899 potes-

125 1889 224 1959 t'atem
245 1894 309 1955 alio
329 1895 399 1955 viro
420 1915 454 1956 se
477 1899 648 1977 copulare,
677 1895 754 1957 dum
775 1896 842 1980 ipse
863 1918 947 1979 puer
967 1896 1002 1956 in
1024 1907 1168 1963 aetatem
1188 1919 1240 1959 su-
1312 1941 1313 1946 κ

124 1979 299 2064 predictam
319 1975 511 2060 pervenerit.
552 1977 586 2037 Si
615 1976 748 2060 quidem
767 1978 898 2063 impleta
925 1987 1028 2040 aetate
1057 2001 1147 2064 puer
1173 1980 1239 2066 ipse

126 2061 187 2124 sibi
209 2083 280 2123 eum
300 2061 341 2122 ad
360 2081 495 2122 uxorem
515 2059 633 2132 habere
654 2061 811 2140 voluerit,
845 2061 960 2124 habeat
989 2062 1185 2142 licentiam,
1210 2070 1239 2122 et

125 2143 153 2206 si
175 2165 245 2207 eam
266 2143 426 2222 noluerit,
458 2142 553 2204 tollat
573 2163 708 2204 uxorem
727 2143 841 2222 aliam,
868 2146 997 2227 qualem
1017 2145 1181 2223 voluerit,
1209 2153 1241 2206 et

124 2228 274 2326 potuerit.
313 2225 377 2288 llla
404 2245 480 2287 vero
510 2223 536 2286 si
565 2225 606 2286 ad
636 2225 736 2286 ulium
766 2227 917 2288 maritum
937 2226 1170 2305 ambulaverit,
1210 2235 1240 2288 et

126 2329 194 2391 rpse
215 2309 372 2393 puerulus
392 2329 463 2369 eam
482 2307 601 2368 habere
624 2306 782 2386 noluerit,
817 2331 883 2369 uon
905 2307 935 2370 ei
955 2311 1059 2394 possit
1080 2310 1132 2371 vir
1155 2331 1242 2387 suus,

126 2389 184 2479 qui
206 2413 276 2453 eam
295 2390 424 2469 tulerit,
446 2389 589 2473 pleniter
608 2389 764 2451 methium
785 2393 827 2468 m)
848 2391 942 2466 dare,
975 2391 1059 2453 sicut
1082 2393 1126 2454 ad
1146 2393 1240 2452 aliem

126 2473 287 2558 puellam,
309 2473 366 2534 sed
385 2472 607 2534 tantummodo
628 2471 790 2550 medium,
812 2472 896 2533 sient
915 2473 956 2534 ad
974 2473 1107 2538 viduam
1128 2477 1240 2535 mulie·

125 2577 205 2620 rem.
245 2555 311 2634 Qui
339 2577 417 2617 vero
442 2575 578 2640 puerum
609 2554 714 2637 ipsum
743 2555 895 2633 suaserit,
923 2556 990 2618 sive
1017 2574 1138 2639 parens
1173 2558 1241 2618 eius

127 2637 185 2716 sit,
207 2636 271 2700 sire
293 2647 463 2699 extranens
482 2636 591 2717 homo,
612 2644 783 2719 componat
803 2638 922 2699 solidos
942 2637 992 2715 C„
1012 2640 1162 2701 medium
1176 2643 1240 2704 Re

128 2721 179 2806 gi,
202 2731 235 2782 et
255 2721 396 2781 medium
418 2721 458 2781 ad
479 2720 583 2802 ipsum
601 2741 747 2803 puerum.
810 2719 852 2781 ll.
872 2721 902 2783 8.
922 2719 954 2784 8.

196 2819 276 2856 rorrr.
309 2803 389 2854 Patre
416 2809 445 2854 te
471 2803 592 2872 appellat
620 2800 777 2865 Martinus,
814 2801 861 2872 qui
882 2813 922 2856 cst
940 2803 1091 2858 advocatus
1109 2806 1145 2858 de
1162 2815 1242 2877 parte

127 2871 260 2944 publica,
287 2872 363 2942 quod
380 2874 521 2935 Donatus,
544 2871 593 2942 qui
612 2881 652 2925 est
669 2871 698 2921 in
716 2879 765 2922 tua
781 2872 888 2934 tutela,
921 2871 1007 2928 habet
1025 2876 1060 2928 a'd
1080 2877 1239 2942 coniugium

129 2961 212 2997 rursm
229 2941 358 2994 feminam
376 2940 508 2994 edultum.
545 2944 624 2995 Petro
639 2951 668 2994 te
687 2941 974 3010 appellationum,
1001 2946 1098 3014 quod,
1127 2949 1240 3017 quaudo

128 3011 355 3140 {iiiiii
370 3019 503 3135 32²5th
520 3011 636 3134 titi
649 3010 1241 3139 {litttts‘tltmuliltuit?

130 3152 203 3205 cium
229 3119 365 3204 decimum
389 3101 498 3204 annium.
541 3149 569 3204 Si
591 3151 705 3215 dixerit3
731 3099 771 3204 Xe
790 3119 862 3206 to'rto
884 3101 931 3206 mi
949 3155 1091 3222 appellat,
1120 3156 1238 3210 exdicat

130 3222 179 3273 Sin
197 3231 305 3286 autem,
325 3221 463 3276 dividetur
480 3219 515 3272 ab
532 3238 574 3286 es,
595 3231 623 3272 et
638 3221 771 3274 sustineat
792 3239 908 3290 poenam
931 3223 1077 3287 adulterii,
1098 3226 1121 3277 si
1143 3244 1242 3296 paren-

128 3300 170 3344 tes
192 3293 333 3346 adversum
354 3309 417 3345 cum
439 3290 550 3359 egerint.
586 3292 664 3343 Patre
681 3297 710 3342 te
726 3293 846 3361 appellat
861 3293 1012 3357 Martinus,
1040 3297 1118 3364 quod
1139 3306 1169 3349 tu
1191 3296 1239 3348 ad-

129 3361 252 3414 hortatus
272 3380 300 3415 es
325 3379 405 3426 eum,
439 3362 550 3432 quaudo
571 3370 628 3414 erat
647 3360 718 3412 inire
737 3370 872 3424 esteten,
899 3363 983 3435 quod.
998 3366 1141 3436 acciperet
1156 3384 1240 3419 unam

129 3431 257 3486 feminam
278 3433 457 3486 adulteratam
474 3432 509 3484 ad
526 3431 700 3498 coniugium,
726 3437 755 3484 et
771 3432 886 3502 accepit.

207 3567 320 3624 LEGES
338 3568 538 3623 autentum
559 3557 729 3623 stersus
746 3568 844 3623 ANNO
861 3567 971 3624 BEGNI
987 3567 1070 3624 ulus
1087 3569 1166 3625 XXI.

129 3722 209 3769 nuc
231 3724 307 3767 surr
328 3721 420 3764 reuss
444 3721 523 3778 Quos
545 3722 716 3764 cucurosus
735 3720 893 3765 alumno
919 3723 1052 3766 unornrr
1078 3722 1246 3773 rnrrcrrs.

185 3820 234 3880 De
256 3818 405 3890 aridiore,
432 3818 486 3878 cni
504 3841 524 3878 a
546 3819 619 3879 viro
639 3838 694 3880 suo
716 3817 799 3878 mola
819 3818 948 3880 licentio
968 3818 1045 3879 dato
1057 3817 1177 3898 suerit.

211 3899 335 3964 CXXX.
376 3897 576 3978 (LXXVII.)
618 3897 652 3960 Si
684 3897 758 3981 quis
790 3899 908 3961 dixerit
936 3901 1244 3982 coniugi,'malam

127 3983 292 4047 licentiam
315 3982 439 4043 dandos
473 3981 563 4044 Vnde
585 3994 616 4042 et
640 3983 807 4045 concumbe
835 4005 904 4045 eum
919 3979 988 4044 ‘tati
1008 3984 1158 4065 homine,
1188 3995 1246 4048 aut

199 4155 229 4224 t)
243 4149 356 4210 'tierold
375 4155 439 4208 ΧΠ.
459 4171 569 4204 annum.
606 4154 657 4206 Uu.
677 4152 745 4208 Cod.
769 4168 840 4224 puer
857 4153 941 4209 tertio
959 4153 1063 4212 decimo
1083 4160 1246 4228 compleue-

129 4226 169 4280 rit
185 4245 269 4281 onero.
339 4223 376 4295 m)
394 4227 436 4281 at.
452 4223 536 4278 Codd.
554 4224 682 4298 mestum,
709 4224 868 4294 meplyumu
