2684 4868
299 265 404 322 rnsrs
421 261 712 322 wrsrcornoaun
729 261 794 320 an.
812 262 845 317 v.
864 261 936 316 rin
955 261 1003 317 iv.
1127 245 1199 320 521

83 431 139 471 sus
162 403 262 470 alieni
288 405 403 468 nititur
434 402 605 486 applicare.
648 400 837 466 praedictae
863 421 942 462 vero
970 401 1103 466 serviles
1122 425 1200 490 per·

82 513 203 567 sonae,
230 489 259 552 si
287 488 436 549 animalia
467 485 631 567 quaelibet
663 485 759 546 bruta
792 482 1021 562 vendiderint,
1054 507 1114 548 een
1147 509 1201 554 res

82 592 296 656 quascunque
331 580 362 631 et
396 578 582 631 ornamenta
614 565 837 644 distraxerint,
885 586 968 646 quae
1006 574 1113 629 tamen
1144 581 1202 632 aut

82 656 132 717 sni
163 657 229 716 sint
259 651 397 736 peculii,
438 659 494 712 aut
525 671 543 710 a
571 649 708 711 dominis
741 648 807 711 suis
836 647 888 712 rel
916 647 987 710 aliis
1010 651 1200 733 negotiandi

83 739 254 799 occasione
278 734 481 796 distrahenda
494 733 718 816 perceperint,
739 731 784 792 ita
804 729 995 816 perenniter
1022 731 1201 795 firmasnb-

83 821 215 881 sistant:
252 827 290 879 ut
309 817 335 877 si
354 815 502 878 dominus
525 814 668 876 eiusdem
691 813 774 876 servi
798 813 848 875 rei
877 812 1015 876 ancillae
1036 815 1094 897 qui
1116 837 1200 878 ren-

82 903 187 979 didit,
218 899 404 962 rescindere
421 896 643 960 uenditionem
668 897 768 979 ipsam
791 894 950 973 voluerit,
975 917 1034 958 seu
1055 917 1124 960 rem
1144 899 1200 960 do·

84 984 164 1044 mini
196 1003 279 1064 quae
304 980 436 1042 vendita
464 989 530 1059 est,
560 1000 625 1040 non
652 978 734 1041 servi
755 978 940 1060 peculium,
973 979 1031 1040 sed
1051 980 1101 1041 sni
1130 1002 1200 1044 esse

83 1066 209 1150 proprii
235 1063 372 1125 dorninii
398 1055 586 1140 deseruerit,
609 1083 674 1122 non
700 1061 795 1121 aliter
810 1059 957 1122 venditio
978 1063 1199 1142 rescindatur,

85 1149 147 1210 nisi
182 1148 240 1208 ille
269 1146 325 1228 qni
347 1143 593 1206 rescindendam
620 1144 841 1204 venditionem
864 1143 1036 1227 proponit,
1064 1156 1120 1207 aut
1140 1167 1202 1230 per

83 1239 180 1291 testes
214 1229 394 1312 legitimos,
428 1233 485 1286 aut
514 1246 574 1308 per
600 1235 833 1288 sacramentum
865 1247 978 1302 sunm,
1015 1247 1082 1289 non
1112 1230 1200 1293 servi

85 1313 270 1397 peculium,
299 1311 357 1372 sed
379 1329 473 1372 sunm
495 1307 663 1392 proprium
682 1310 796 1370 doceat
822 1329 889 1369 esse
921 1309 1012 1390 qnod
1042 1311 1197 1392 quaerit,

86 1404 118 1456 et
131 1395 204 1456 sine
221 1395 388 1456 voluntate
410 1413 467 1454 sua
487 1391 656 1453 venditum
676 1392 776 1453 fuisse
797 1391 888 1473 quod
907 1391 1076 1472 acquirere
1098 1393 1198 1476 cupit.

84 1477 124 1538 Et
146 1477 210 1538 hoc
234 1477 365 1558 quidem
387 1475 428 1535 de
450 1473 568 1536 vilibus
590 1481 644 1534 aut
671 1473 778 1557 parvis
798 1473 913 1535 rebus:
944 1495 1018 1532 nam
1039 1473 1080 1536 de
1100 1477 1199 1536 maio-

84 1560 173 1620 ribus
205 1569 239 1620 et
266 1557 452 1620 necessariis
472 1555 506 1616 in
529 1555 652 1618 domini
673 1564 829 1641 potestate
856 1556 920 1617 erit
945 1554 1124 1640 iufringere
1145 1565 1201 1621 ant

85 1642 230 1704 stabilire
254 1640 429 1725 negotium.

493 1749 582 1817 XIV.
622 1770 770 1829 serious.

113 1871 151 1932 Si
171 1892 277 1932 servus
300 1869 442 1931 venditus
469 1869 503 1930 in
527 1869 667 1952 priorem
699 1867 861 1930 dominum
887 1872 1005 1930 crimen
1031 1870 1170 1936 ediderint.

173 1955 209 2016 Si
231 1953 304 2037 quis
325 1974 456 2014 serrum
474 1972 568 2014 suurn
590 1950 791 2028 vendiderit,
818 1952 937 2034 etipse
966 1973 1078 2034 servus
1098 1954 1202 2036 priori

92 2037 223 2098 domino
254 2036 387 2118 aliquod
417 2034 539 2098 crimen
561 2033 734 2096 obiecerits
763 2032 820 2093 iile
842 2035 899 2116 qui
921 2034 1087 2115 vendidit,
1114 2038 1202 2099 reci-

90 2120 175 2203 piat,
199 2139 299 2202 quem
320 2118 530 2195 vendiderat,
549 2115 694 2201 precium
714 2114 901 2178 redditurus
921 2117 1076 2199 emptori:
1097 2128 1133 2201 ut
1149 2120 1202 2201 ip-

92 2224 125 2263 se
157 2202 191 2260 in
222 2223 316 2263 servo
344 2223 403 2262 sno
431 2201 553 2262 crimen
585 2199 672 2281 quod
699 2197 760 2262 sibi
783 2197 942 2258 obiectum
966 2207 1014 2260 est
1034 2199 1201 2284 inquirere

91 2284 146 2347 rel
167 2283 335 2346 vindicare
356 2283 492 2345 studeat.
534 2281 575 2344 ld
595 2291 704 2343 autem
724 2290 758 2342 et
778 2280 818 2341 de
840 2281 967 2343 ancillis
988 2283 1204 2365 praecipimus

93 2366 260 2428 custodiri.
302 2367 394 2429 Idem
414 2375 521 2427 tamen
543 2383 654 2438 servus
675 2362 729 2428 rel
749 2362 886 2442 ancilia,
915 2385 973 2426 sen
995 2366 1139 2445 venditi,
1161 2368 1202 2428 si·

92 2471 134 2512 re
155 2449 285 2527 donati,
314 2449 365 2512 vel
387 2446 590 2525 commutati,
625 2446 661 2508 in
690 2445 835 2529 priorum
859 2445 1065 2508 dominorum
1098 2449 1204 2534 capite

92 2553 159 2591 non
182 2542 412 2612 torqueantur:
445 2550 551 2612 neque
574 2528 725 2592 credatur
746 2527 794 2592 eis
807 2571 818 2608 ‚
851 2527 935 2591 siin
957 2530 1119 2614 prioribus
1142 2534 1202 2596 do·

93 2613 192 2675 minis
212 2617 333 2676 crimen
361 2613 549 2678 obiecerint.

514 2732 584 2798 XV.
623 2751 773 2808 anricus.
819 2783 842 2808 ἵ.

241 2846 283 2909 Ut
303 2847 392 2908 servi
410 2847 530 2910 venditi
541 2845 731 2928 facultatem
750 2847 898 2911 dominus
917 2857 1058 2931 quaerut.

175 2929 211 2990 si
238 2929 310 3010 quis
333 2951 459 2992 servum
480 2953 572 2991 suum
593 2930 778 2991 vendiderit
797 2930 944 2993 nesciens
976 2929 1044 2991 eius
1066 2926 1205 2990 facuita-
1290 2930 1297 2939 '

89 3021 177 3088 tem,
207 3011 339 3074 habebit
359 3011 546 3096 inquirendi
568 3011 703 3073 liberam
723 3022 929 3096 potestatem,
953 3021 990 3073 ut
1012 3009 1074 3072 sibi
1098 3009 1203 3072 vindi·

91 3107 141 3158 oet
166 3095 248 3192 ille,
270 3095 334 3239 quti
350 3095 496 3159 vendidit
513 3115 663 3174 servum,
683 3101 758 3158 cum
778 3095 922 3202 potuerit
951 3094 1100 3157 invenire
1135 3113 1205 3153 rem

91 3200 175 3241 servi
210 3199 274 3240 ren
299 3200 372 3240 11..

505 3289 599 3357 XVI.
641 3312 790 3368 anricus.

318 3407 357 3468 Sa·
377 3429 483 3470 servas
503 3409 544 3468 sit
564 3405 604 3468 de
625 3427 682 3468 sao
700 3407 976 3491 peculio‘emptur.

175 3489 210 3550 Si
232 3511 344 3552 servus
365 3491 557 3574 de'peculio
579 3511 637 3552 suo
659 3489 758 3552 fuerit
780 3498 924 3571 emptus,
956 3499 989 3552 ct
1014 3488 1077 3551 hoc
1099 3487 1204 3550 domi·

90 3593 155 3634 nus
176 3573 246 3634 eius
268 3573 352 3634 forte
374 3575 545 3652 nescierit,
580 3573 620 3634 de
650 3572 772 3634 domini
794 3572 842 3633 sui
866 3577 1019 3652 potestate
1042 3593 1108 3633 non
1131 3595 1206 3635 exe-

91 3662 141 3715 ats
162 3655 239 3737 quia
261 3677 327 3716 non
348 3656 516 3740 precium,
543 3656 599 3718 sed
620 3661 673 3718 re's
700 3654 787 3716 servi
815 3653 865 3716 sui
886 3652 1035 3717 dominus
1056 3655 1134 3717 dum
1153 3656 1204 3740 ig-

91 3749 187 3800 norat
208 3739 341 3822 accepit.
755 3745 757 3750 “

214 3854 327 3948 XVII.
373 3853 416 3917 Ur
436 3853 543 3915 nullus·
562 3873 683 3914 servans
703 3873 793 3913 surim
811 3841 931 3912 vendat
949 3852 1080 3916 incitus.

172 3969 361 4053 Saepissime
390 3969 478 4052 leges
505 3970 657 4030 oriuntur
685 3989 727 4030 ex
754 3967 891 4030 unnssist
926 3978 1054 4028 etcum
1078 3969 1204 4052 aliquid

90 4051 242 4114 insolitae
261 4052 384 4114 fraudis
413 4053 540 4130 existit,
570 4073 699 4114 neeesse
718 4060 772 4128 cst
794 4059 904 4112 contra
928 4051 1086 4112 notandae
1108 4054 1203 4113 calli-

90 4135 199 4198 ditatis
237 4135 384 4196 astutiam
413 4144 621 4218 praeceptum
651 4149 753 4194 novae
790 4133 1028 4195 constituti-onis
1074 4135 1205 4217 apponi.

91 4219 314 4304 Comperimus
335 4219 512 4281 multorum
532 4239 639 4282 servos
659 4217 711 4282 tel
732 4215 865 4280 ancillas
880 4215 920 4279 ed
935 4215 1104 4280 ecclesiam
1123 4239 1206 4304 quo-
