<?xml version="1.0" encoding="UTF-8"?>
<!DOCTYPE html PUBLIC "-//W3C//DTD XHTML 1.0 Transitional//EN"
    "http://www.w3.org/TR/xhtml1/DTD/xhtml1-transitional.dtd">
<html xmlns="http://www.w3.org/1999/xhtml" xml:lang="en" lang="en">
 <head>
  <title>
</title>
<meta http-equiv="Content-Type" content="text/html;charset=utf-8" />
  <meta name='ocr-system' content='tesseract 3.04.00' />
  <meta name='ocr-capabilities' content='ocr_page ocr_carea ocr_par ocr_line ocrx_word'/>
</head>
<body>
  <div class='ocr_page' id='page_1' title='image "./corpusiurisgerm00visigoog_0430.png"; bbox 0 0 2632 4822; ppageno 0'>
   <div class='ocr_carea' id='block_1_1' title="bbox 483 227 1210 313">
    <p class='ocr_par' dir='ltr' id='par_1_1' title="bbox 483 227 1210 323">
     <span class='ocr_line' id='line_1_1' title="bbox 483 227 1210 313; baseline 0.001 -10"><span class='ocrx_word' id='word_1_1' title='bbox 483 245 808 304; x_wconf 78' lang='lat' dir='ltr'><strong>rnossarsruarar</strong></span> <span class='ocrx_word' id='word_1_2' title='bbox 1070 227 1210 313; x_wconf 71' lang='lat'><strong>,837</strong></span> 
     </span>
    </p>
   </div>
   <div class='ocr_carea' id='block_1_2' title="bbox 88 384 1213 744">
    <p class='ocr_par' dir='ltr' id='par_1_2' title="bbox 88 384 1213 744">
     <span class='ocr_line' id='line_1_2' title="bbox 91 384 1213 461; baseline -0.013 -2"><span class='ocrx_word' id='word_1_3' title='bbox 91 403 252 458; x_wconf 79' lang='lat' dir='ltr'><strong>Advocatus.</strong></span> <span class='ocrx_word' id='word_1_4' title='bbox 290 395 440 446; x_wconf 82' lang='lat' dir='ltr'><strong>Possessam</strong></span> <span class='ocrx_word' id='word_1_5' title='bbox 458 388 548 442; x_wconf 83' lang='lat' dir='ltr'><strong>habeo</strong></span> <span class='ocrx_word' id='word_1_6' title='bbox 567 405 616 458; x_wconf 86' lang='lat' dir='ltr'><strong>per</strong></span> <span class='ocrx_word' id='word_1_7' title='bbox 634 387 715 441; x_wconf 82' lang='lat' dir='ltr'>xxx.</span> <span class='ocrx_word' id='word_1_8' title='bbox 735 405 829 440; x_wconf 78' lang='lat' dir='ltr'><strong>annos.</strong></span> <span class='ocrx_word' id='word_1_9' title='bbox 865 387 945 444; x_wconf 86' lang='lat' dir='ltr'><strong>Petre</strong></span> <span class='ocrx_word' id='word_1_10' title='bbox 961 392 991 440; x_wconf 80' lang='lat' dir='ltr'><strong>te</strong></span> <span class='ocrx_word' id='word_1_11' title='bbox 1010 384 1213 461; x_wconf 80' lang='lat' dir='ltr'><strong>a&#39;ppellatMar·</strong></span> 
     </span>
     <span class='ocr_line' id='line_1_3' title="bbox 90 457 1213 536; baseline -0.004 -18"><span class='ocrx_word' id='word_1_12' title='bbox 90 475 179 533; x_wconf 69' lang='lat' dir='ltr'><strong>tinus,</strong></span> <span class='ocrx_word' id='word_1_13' title='bbox 199 464 274 536; x_wconf 92' lang='lat' dir='ltr'><strong>quod</strong></span> <span class='ocrx_word' id='word_1_14' title='bbox 292 482 351 536; x_wconf 85' lang='lat' dir='ltr'><strong>pars</strong></span> <span class='ocrx_word' id='word_1_15' title='bbox 369 460 529 514; x_wconf 87' lang='lat' dir='ltr'><strong>Monasterii</strong></span> <span class='ocrx_word' id='word_1_16' title='bbox 549 459 644 512; x_wconf 83' lang='lat' dir='ltr'><strong>Sancti</strong></span> <span class='ocrx_word' id='word_1_17' title='bbox 662 457 754 522; x_wconf 88' lang='lat' dir='ltr'><strong>Petri,</strong></span> <span class='ocrx_word' id='word_1_18' title='bbox 782 457 856 510; x_wconf 86' lang='lat' dir='ltr'><strong>unde</strong></span> <span class='ocrx_word' id='word_1_19' title='bbox 873 467 905 510; x_wconf 90' lang='lat' dir='ltr'><strong>tu</strong></span> <span class='ocrx_word' id='word_1_20' title='bbox 925 473 952 508; x_wconf 84' lang='lat' dir='ltr'><strong>es</strong></span> <span class='ocrx_word' id='word_1_21' title='bbox 970 458 1144 522; x_wconf 56' lang='lat' dir='ltr'><strong>Advocatum</strong></span> <span class='ocrx_word' id='word_1_22' title='bbox 1169 471 1213 514; x_wconf 84' lang='lat' dir='ltr'><strong>te-</strong></span> 
     </span>
     <span class='ocr_line' id='line_1_4' title="bbox 89 524 1210 596; baseline -0.01 -1"><span class='ocrx_word' id='word_1_23' title='bbox 89 551 138 595; x_wconf 88' lang='lat' dir='ltr'><strong>net</strong></span> <span class='ocrx_word' id='word_1_24' title='bbox 155 539 206 592; x_wconf 80' lang='lat' dir='ltr'><strong>sibi</strong></span> <span class='ocrx_word' id='word_1_25' title='bbox 226 535 298 588; x_wconf 88' lang='lat' dir='ltr'><strong>malo</strong></span> <span class='ocrx_word' id='word_1_26' title='bbox 318 532 416 587; x_wconf 83' lang='lat' dir='ltr'>ordine</span> <span class='ocrx_word' id='word_1_27' title='bbox 433 540 532 584; x_wconf 85' lang='lat' dir='ltr'><strong>terram</strong></span> <span class='ocrx_word' id='word_1_28' title='bbox 550 530 580 581; x_wconf 89' lang='lat' dir='ltr'><strong>in</strong></span> <span class='ocrx_word' id='word_1_29' title='bbox 604 524 655 581; x_wconf 86' lang='lat' dir='ltr'><strong>tali</strong></span> <span class='ocrx_word' id='word_1_30' title='bbox 675 530 744 581; x_wconf 93' lang='lat' dir='ltr'><strong>loco.</strong></span> <span class='ocrx_word' id='word_1_31' title='bbox 782 531 860 581; x_wconf 88' lang='lat' dir='ltr'><strong>Petre</strong></span> <span class='ocrx_word' id='word_1_32' title='bbox 874 537 902 580; x_wconf 86' lang='lat' dir='ltr'><strong>tc</strong></span> <span class='ocrx_word' id='word_1_33' title='bbox 924 529 1046 596; x_wconf 84' lang='lat' dir='ltr'><strong>appellat</strong></span> <span class='ocrx_word' id='word_1_34' title='bbox 1065 531 1210 596; x_wconf 83' lang='lat' dir='ltr'><strong>Martinus,</strong></span> 
     </span>
     <span class='ocr_line' id='line_1_5' title="bbox 90 598 1212 682; baseline -0.007 -20"><span class='ocrx_word' id='word_1_35' title='bbox 90 612 165 682; x_wconf 89' lang='lat' dir='ltr'><strong>quod</strong></span> <span class='ocrx_word' id='word_1_36' title='bbox 179 625 238 679; x_wconf 87' lang='lat' dir='ltr'><strong>pars</strong></span> <span class='ocrx_word' id='word_1_37' title='bbox 252 604 411 658; x_wconf 80' lang='lat' dir='ltr'><strong>Monosterii</strong></span> <span class='ocrx_word' id='word_1_38' title='bbox 427 600 520 654; x_wconf 88' lang='lat' dir='ltr'><strong>Sancti</strong></span> <span class='ocrx_word' id='word_1_39' title='bbox 542 599 624 661; x_wconf 84' lang='lat' dir='ltr'><strong>Petri,</strong></span> <span class='ocrx_word' id='word_1_40' title='bbox 644 598 717 651; x_wconf 87' lang='lat' dir='ltr'><strong>unde</strong></span> <span class='ocrx_word' id='word_1_41' title='bbox 733 607 765 651; x_wconf 94' lang='lat' dir='ltr'><strong>tu</strong></span> <span class='ocrx_word' id='word_1_42' title='bbox 784 616 811 650; x_wconf 89' lang='lat' dir='ltr'><strong>es</strong></span> <span class='ocrx_word' id='word_1_43' title='bbox 828 599 1000 660; x_wconf 83' lang='lat' dir='ltr'><strong>Advocatus,</strong></span> <span class='ocrx_word' id='word_1_44' title='bbox 1019 610 1097 653; x_wconf 83' lang='lat' dir='ltr'><strong>tenet</strong></span> <span class='ocrx_word' id='word_1_45' title='bbox 1113 610 1212 654; x_wconf 86' lang='lat' dir='ltr'><strong>terram</strong></span> 
     </span>
     <span class='ocr_line' id='line_1_6' title="bbox 88 669 1213 744; baseline -0.008 -10"><span class='ocrx_word' id='word_1_46' title='bbox 88 683 162 734; x_wconf 86' lang='lat' dir='ltr'><strong>malo</strong></span> <span class='ocrx_word' id='word_1_47' title='bbox 181 677 276 732; x_wconf 85' lang='lat' dir='ltr'><strong>ordine</strong></span> <span class='ocrx_word' id='word_1_48' title='bbox 294 676 330 727; x_wconf 88' lang='lat' dir='ltr'><strong>ad</strong></span> <span class='ocrx_word' id='word_1_49' title='bbox 354 679 459 744; x_wconf 86' lang='lat' dir='ltr'><strong>partem</strong></span> <span class='ocrx_word' id='word_1_50' title='bbox 483 669 642 724; x_wconf 88' lang='lat' dir='ltr'><strong>Monasterii</strong></span> <span class='ocrx_word' id='word_1_51' title='bbox 669 670 763 722; x_wconf 80' lang='lat' dir='ltr'>Sancti</span> <span class='ocrx_word' id='word_1_52' title='bbox 789 669 886 732; x_wconf 80' lang='lat' dir='ltr'><strong>Pauli,</strong></span> <span class='ocrx_word' id='word_1_53' title='bbox 915 669 989 721; x_wconf 85' lang='lat' dir='ltr'><strong>unde</strong></span> <span class='ocrx_word' id='word_1_54' title='bbox 1012 669 1070 741; x_wconf 89' lang='lat' dir='ltr'><strong>ipse</strong></span> <span class='ocrx_word' id='word_1_55' title='bbox 1094 681 1137 724; x_wconf 83' lang='lat' dir='ltr'><strong>est</strong></span> <span class='ocrx_word' id='word_1_56' title='bbox 1153 672 1213 725; x_wconf 83' lang='lat' dir='ltr'><strong>Ad-</strong></span> 
     </span>
    </p>
   </div>
   <div class='ocr_carea' id='block_1_3' title="bbox 89 760 1211 896">
    <p class='ocr_par' dir='ltr' id='par_1_3' title="bbox 89 760 1211 896">
     <span class='ocr_line' id='line_1_7' title="bbox 89 760 1211 896; baseline -0.007 -17"><span class='ocrx_word' id='word_1_57' title='bbox 89 760 213 879; x_wconf 50' lang='lat' dir='ltr'><strong>vocatqs:</strong></span> <span class='ocrx_word' id='word_1_58' title='bbox 256 815 290 876; x_wconf 86' lang='lat' dir='ltr'><strong>si</strong></span> <span class='ocrx_word' id='word_1_59' title='bbox 323 811 396 896; x_wconf 90' lang='lat' dir='ltr'><strong>quis</strong></span> <span class='ocrx_word' id='word_1_60' title='bbox 417 808 644 893; x_wconf 77' lang='lat' dir='ltr'><strong>Langobardos</strong></span> <span class='ocrx_word' id='word_1_61' title='bbox 675 829 817 870; x_wconf 82' lang='lat' dir='ltr'><strong>caussam</strong></span> <span class='ocrx_word' id='word_1_62' title='bbox 846 806 996 870; x_wconf 89' lang='lat' dir='ltr'><strong>habuerit</strong></span> <span class='ocrx_word' id='word_1_63' title='bbox 1018 831 1094 870; x_wconf 88' lang='lat' dir='ltr'><strong>cum</strong></span> <span class='ocrx_word' id='word_1_64' title='bbox 1114 763 1211 872; x_wconf 55' lang='lat' dir='ltr'><strong>Irocis</strong></span> 
     </span>
    </p>
   </div>
   <div class='ocr_carea' id='block_1_4' title="bbox 24 891 1271 3699">
    <p class='ocr_par' dir='ltr' id='par_1_4' title="bbox 49 891 1271 2042">
     <span class='ocr_line' id='line_1_8' title="bbox 90 891 1211 976; baseline -0.012 -10"><span class='ocrx_word' id='word_1_65' title='bbox 90 895 346 974; x_wconf 83' lang='lat' dir='ltr'><strong>venerabilibus,</strong></span> <span class='ocrx_word' id='word_1_66' title='bbox 377 915 461 976; x_wconf 85' lang='lat' dir='ltr'><strong>quae</strong></span> <span class='ocrx_word' id='word_1_67' title='bbox 483 891 771 960; x_wconf 76' lang='lat' dir='ltr'><strong>addefcnsiouem</strong></span> <span class='ocrx_word' id='word_1_68' title='bbox 791 891 905 953; x_wconf 86' lang='lat' dir='ltr'><strong>Palatii</strong></span> <span class='ocrx_word' id='word_1_69' title='bbox 929 912 995 953; x_wconf 87' lang='lat' dir='ltr'><strong>esse</strong></span> <span class='ocrx_word' id='word_1_70' title='bbox 1019 901 1211 972; x_wconf 87' lang='lat' dir='ltr'><strong>noscuntur,</strong></span> 
     </span>
     <span class='ocr_line' id='line_1_9' title="bbox 92 967 1214 1058; baseline -0.011 -11"><span class='ocrx_word' id='word_1_71' title='bbox 92 988 119 1048; x_wconf 92' lang='lat' dir='ltr'><strong>si</strong></span> <span class='ocrx_word' id='word_1_72' title='bbox 150 983 247 1044; x_wconf 87' lang='lat' dir='ltr'><strong>fuerit</strong></span> <span class='ocrx_word' id='word_1_73' title='bbox 279 1001 408 1058; x_wconf 81' lang='lat' dir='ltr'><strong>caussa,</strong></span> <span class='ocrx_word' id='word_1_74' title='bbox 441 977 528 1038; x_wconf 88' lang='lat' dir='ltr'><strong>unde</strong></span> <span class='ocrx_word' id='word_1_75' title='bbox 564 967 800 1036; x_wconf 77' lang='lat' dir='ltr'><strong>sacramentum</strong></span> <span class='ocrx_word' id='word_1_76' title='bbox 823 974 937 1036; x_wconf 89' lang='lat' dir='ltr'><strong>debeat</strong></span> <span class='ocrx_word' id='word_1_77' title='bbox 957 976 1153 1058; x_wconf 88' lang='lat' dir='ltr'><strong>procedere,</strong></span> <span class='ocrx_word' id='word_1_78' title='bbox 1185 975 1214 1037; x_wconf 90' lang='lat' dir='ltr'><strong>si</strong></span> 
     </span>
     <span class='ocr_line' id='line_1_10' title="bbox 49 1057 1213 1142; baseline -0.008 -11"><span class='ocrx_word' id='word_1_79' title='bbox 49 1096 52 1100; x_wconf 91' lang='lat'>·</span> <span class='ocrx_word' id='word_1_80' title='bbox 92 1069 195 1132; x_wconf 80' lang='lat' dir='ltr'><strong>ludex</strong></span> <span class='ocrx_word' id='word_1_81' title='bbox 216 1064 390 1140; x_wconf 84' lang='lat' dir='ltr'><strong>Abbatem‚</strong></span> <span class='ocrx_word' id='word_1_82' title='bbox 414 1058 599 1136; x_wconf 76' lang='lat' dir='ltr'><strong>Custodem,</strong></span> <span class='ocrx_word' id='word_1_83' title='bbox 622 1057 673 1118; x_wconf 88' lang='lat' dir='ltr'><strong>veI</strong></span> <span class='ocrx_word' id='word_1_84' title='bbox 693 1057 917 1139; x_wconf 87' lang='lat' dir='ltr'><strong>Praepositum</strong></span> <span class='ocrx_word' id='word_1_85' title='bbox 935 1058 1123 1140; x_wconf 80' lang='lat' dir='ltr'><strong>pulsaverit,</strong></span> <span class='ocrx_word' id='word_1_86' title='bbox 1144 1057 1213 1142; x_wconf 81' lang='lat' dir='ltr'><strong>ipse</strong></span> 
     </span>
     <span class='ocr_line' id='line_1_11' title="bbox 93 1139 1271 1224; baseline -0.01 -11"><span class='ocrx_word' id='word_1_87' title='bbox 93 1152 124 1214; x_wconf 90' lang='lat' dir='ltr'><strong>ei</strong></span> <span class='ocrx_word' id='word_1_88' title='bbox 147 1146 317 1210; x_wconf 82' lang='lat' dir='ltr'><strong>satisfaciat</strong></span> <span class='ocrx_word' id='word_1_89' title='bbox 339 1148 380 1223; x_wconf 80' lang='lat' dir='ltr'><strong>h).</strong></span> <span class='ocrx_word' id='word_1_90' title='bbox 404 1143 457 1204; x_wconf 82' lang='lat' dir='ltr'><strong>.si</strong></span> <span class='ocrx_word' id='word_1_91' title='bbox 480 1150 587 1202; x_wconf 89' lang='lat' dir='ltr'><strong>autem</strong></span> <span class='ocrx_word' id='word_1_92' title='bbox 608 1139 733 1220; x_wconf 87' lang='lat' dir='ltr'><strong>Abbas‚</strong></span> <span class='ocrx_word' id='word_1_93' title='bbox 766 1143 901 1218; x_wconf 84' lang='lat' dir='ltr'><strong>Custos,</strong></span> <span class='ocrx_word' id='word_1_94' title='bbox 929 1141 1134 1224; x_wconf 87' lang='lat' dir='ltr'><strong>Praepositus</strong></span> <span class='ocrx_word' id='word_1_95' title='bbox 1156 1143 1215 1202; x_wconf 90' lang='lat' dir='ltr'><strong>Iu·</strong></span> <span class='ocrx_word' id='word_1_96' title='bbox 1270 1211 1271 1215; x_wconf 7' lang='grc' dir='ltr'>η</span> 
     </span>
     <span class='ocr_line' id='line_1_12' title="bbox 92 1223 1214 1312; baseline -0.003 -24"><span class='ocrx_word' id='word_1_97' title='bbox 92 1235 199 1296; x_wconf 79' lang='lat' dir='ltr'><strong>dicem</strong></span> <span class='ocrx_word' id='word_1_98' title='bbox 220 1228 416 1312; x_wconf 82' lang='lat' dir='ltr'><strong>pulsaverit,</strong></span> <span class='ocrx_word' id='word_1_99' title='bbox 439 1234 471 1286; x_wconf 88' lang='lat' dir='ltr'><strong>et</strong></span> <span class='ocrx_word' id='word_1_100' title='bbox 492 1234 727 1289; x_wconf 86' lang='lat' dir='ltr'><strong>sacramentum</strong></span> <span class='ocrx_word' id='word_1_101' title='bbox 748 1223 819 1285; x_wconf 86' lang='lat' dir='ltr'><strong>fieri</strong></span> <span class='ocrx_word' id='word_1_102' title='bbox 842 1223 1000 1300; x_wconf 87' lang='lat' dir='ltr'><strong>debuerit,</strong></span> <span class='ocrx_word' id='word_1_103' title='bbox 1022 1225 1091 1306; x_wconf 89' lang='lat' dir='ltr'><strong>ipse</strong></span> <span class='ocrx_word' id='word_1_104' title='bbox 1108 1224 1214 1285; x_wconf 80' lang='lat' dir='ltr'><strong>iudex</strong></span> 
     </span>
     <span class='ocr_line' id='line_1_13' title="bbox 92 1306 1211 1390; baseline -0.008 -13"><span class='ocrx_word' id='word_1_105' title='bbox 92 1319 208 1379; x_wconf 89' lang='lat' dir='ltr'><strong>iterum</strong></span> <span class='ocrx_word' id='word_1_106' title='bbox 233 1316 256 1390; x_wconf 64' lang='lat' dir='ltr'><strong>a)</strong></span> <span class='ocrx_word' id='word_1_107' title='bbox 279 1317 512 1372; x_wconf 86' lang='lat' dir='ltr'><strong>sacramentum</strong></span> <span class='ocrx_word' id='word_1_108' title='bbox 535 1307 684 1368; x_wconf 89' lang='lat' dir='ltr'><strong>deducat.</strong></span> <span class='ocrx_word' id='word_1_109' title='bbox 726 1306 862 1372; x_wconf 80' lang='lat' dir='ltr'><strong>sivero</strong></span> <span class='ocrx_word' id='word_1_110' title='bbox 883 1307 965 1371; x_wconf 89' lang='lat' dir='ltr'><strong>alter</strong></span> <span class='ocrx_word' id='word_1_111' title='bbox 982 1307 1211 1390; x_wconf 83' lang='lat' dir='ltr'><strong>Langobardus</strong></span> 
     </span>
     <span class='ocr_line' id='line_1_14' title="bbox 92 1389 1213 1468; baseline -0.01 -8"><span class='ocrx_word' id='word_1_112' title='bbox 92 1397 241 1460; x_wconf 90' lang='lat' dir='ltr'><strong>hahuerit</strong></span> <span class='ocrx_word' id='word_1_113' title='bbox 262 1415 403 1464; x_wconf 80' lang='lat' dir='ltr'><strong>caussam</strong></span> <span class='ocrx_word' id='word_1_114' title='bbox 425 1414 500 1452; x_wconf 89' lang='lat' dir='ltr'><strong>cum</strong></span> <span class='ocrx_word' id='word_1_115' title='bbox 521 1389 716 1468; x_wconf 74' lang='lat' dir='ltr'><strong>abhatibus,</strong></span> <span class='ocrx_word' id='word_1_116' title='bbox 739 1389 826 1450; x_wconf 88' lang='lat' dir='ltr'><strong>unde</strong></span> <span class='ocrx_word' id='word_1_117' title='bbox 850 1390 954 1450; x_wconf 90' lang='lat' dir='ltr'><strong>simile</strong></span> <span class='ocrx_word' id='word_1_118' title='bbox 977 1401 1213 1451; x_wconf 88' lang='lat' dir='ltr'><strong>sacramentum</strong></span> 
     </span>
     <span class='ocr_line' id='line_1_15' title="bbox 93 1473 1213 1555; baseline -0.009 -11"><span class='ocrx_word' id='word_1_119' title='bbox 93 1481 269 1544; x_wconf 86' lang='lat' dir='ltr'><strong>deductum</strong></span> <span class='ocrx_word' id='word_1_120' title='bbox 291 1476 363 1538; x_wconf 88' lang='lat' dir='ltr'><strong>fieri</strong></span> <span class='ocrx_word' id='word_1_121' title='bbox 384 1477 514 1550; x_wconf 86' lang='lat' dir='ltr'><strong>debeat,</strong></span> <span class='ocrx_word' id='word_1_122' title='bbox 547 1483 759 1555; x_wconf 85' lang='lat' dir='ltr'><strong>anteponatur</strong></span> <span class='ocrx_word' id='word_1_123' title='bbox 779 1473 884 1534; x_wconf 87' lang='lat' dir='ltr'><strong>Abbas</strong></span> <span class='ocrx_word' id='word_1_124' title='bbox 906 1473 972 1555; x_wconf 89' lang='lat' dir='ltr'><strong>ipse</strong></span> <span class='ocrx_word' id='word_1_125' title='bbox 997 1473 1103 1552; x_wconf 88' lang='lat' dir='ltr'><strong>solus,</strong></span> <span class='ocrx_word' id='word_1_126' title='bbox 1136 1495 1213 1534; x_wconf 90' lang='lat' dir='ltr'><strong>nam</strong></span> 
     </span>
     <span class='ocr_line' id='line_1_16' title="bbox 93 1555 1211 1640; baseline -0.006 -15"><span class='ocrx_word' id='word_1_127' title='bbox 93 1585 159 1625; x_wconf 90' lang='lat' dir='ltr'><strong>nou</strong></span> <span class='ocrx_word' id='word_1_128' title='bbox 181 1561 282 1622; x_wconf 87' lang='lat' dir='ltr'><strong>alius:</strong></span> <span class='ocrx_word' id='word_1_129' title='bbox 316 1559 372 1620; x_wconf 89' lang='lat' dir='ltr'><strong>sed</strong></span> <span class='ocrx_word' id='word_1_130' title='bbox 391 1559 431 1619; x_wconf 89' lang='lat' dir='ltr'><strong>de</strong></span> <span class='ocrx_word' id='word_1_131' title='bbox 453 1556 540 1631; x_wconf 88' lang='lat' dir='ltr'><strong>aliis,</strong></span> <span class='ocrx_word' id='word_1_132' title='bbox 572 1557 684 1636; x_wconf 91' lang='lat' dir='ltr'><strong>quales</strong></span> <span class='ocrx_word' id='word_1_133' title='bbox 706 1556 826 1638; x_wconf 81' lang='lat' dir='ltr'><strong>eligere</strong></span> <span class='ocrx_word' id='word_1_134' title='bbox 840 1555 935 1633; x_wconf 65' lang='lat' dir='ltr'><strong>uult,</strong></span> <span class='ocrx_word' id='word_1_135' title='bbox 958 1556 1211 1640; x_wconf 86' lang='lat' dir='ltr'><strong>quanticumque</strong></span> 
     </span>
     <span class='ocr_line' id='line_1_17' title="bbox 94 1632 1211 1726; baseline -0.007 -18"><span class='ocrx_word' id='word_1_136' title='bbox 94 1632 275 1708; x_wconf 87' lang='lat' dir='ltr'><strong>secundum</strong></span> <span class='ocrx_word' id='word_1_137' title='bbox 297 1643 403 1726; x_wconf 78' lang='lat' dir='ltr'><strong>Iegem</strong></span> <span class='ocrx_word' id='word_1_138' title='bbox 424 1641 527 1700; x_wconf 88' lang='lat' dir='ltr'><strong>iurare</strong></span> <span class='ocrx_word' id='word_1_139' title='bbox 544 1639 673 1718; x_wconf 87' lang='lat' dir='ltr'><strong>debent,</strong></span> <span class='ocrx_word' id='word_1_140' title='bbox 696 1649 732 1700; x_wconf 88' lang='lat' dir='ltr'><strong>ut</strong></span> <span class='ocrx_word' id='word_1_141' title='bbox 752 1649 986 1700; x_wconf 89' lang='lat' dir='ltr'><strong>sacramentum</strong></span> <span class='ocrx_word' id='word_1_142' title='bbox 1002 1640 1144 1700; x_wconf 87' lang='lat' dir='ltr'><strong>deducat</strong></span> <span class='ocrx_word' id='word_1_143' title='bbox 1164 1641 1211 1716; x_wconf 70' lang='lat' dir='ltr'><strong>Id:</strong></span> 
     </span>
     <span class='ocr_line' id='line_1_18' title="bbox 94 1721 1212 1808; baseline -0.006 -19"><span class='ocrx_word' id='word_1_144' title='bbox 94 1731 136 1789; x_wconf 82' lang='lat' dir='ltr'><strong>ita</strong></span> <span class='ocrx_word' id='word_1_145' title='bbox 157 1737 264 1788; x_wconf 87' lang='lat' dir='ltr'><strong>tamen</strong></span> <span class='ocrx_word' id='word_1_146' title='bbox 288 1735 323 1786; x_wconf 90' lang='lat' dir='ltr'><strong>ut</strong></span> <span class='ocrx_word' id='word_1_147' title='bbox 344 1727 410 1808; x_wconf 89' lang='lat' dir='ltr'><strong>ipse</strong></span> <span class='ocrx_word' id='word_1_148' title='bbox 433 1725 537 1784; x_wconf 87' lang='lat' dir='ltr'><strong>Abbas</strong></span> <span class='ocrx_word' id='word_1_149' title='bbox 558 1721 632 1782; x_wconf 83' lang='lat' dir='ltr'><strong>tatis</strong></span> <span class='ocrx_word' id='word_1_150' title='bbox 662 1722 720 1801; x_wconf 85' lang='lat' dir='ltr'><strong>sit,</strong></span> <span class='ocrx_word' id='word_1_151' title='bbox 755 1721 812 1804; x_wconf 89' lang='lat' dir='ltr'><strong>qui</strong></span> <span class='ocrx_word' id='word_1_152' title='bbox 844 1743 903 1804; x_wconf 90' lang='lat' dir='ltr'><strong>per</strong></span> <span class='ocrx_word' id='word_1_153' title='bbox 933 1723 1091 1804; x_wconf 83' lang='lat' dir='ltr'><strong>Regulam</strong></span> <span class='ocrx_word' id='word_1_154' title='bbox 1121 1723 1212 1782; x_wconf 84' lang='lat' dir='ltr'><strong>iuxta</strong></span> 
     </span>
     <span class='ocr_line' id='line_1_19' title="bbox 92 1805 1213 1895; baseline -0.004 -25"><span class='ocrx_word' id='word_1_155' title='bbox 92 1819 299 1895; x_wconf 87' lang='lat' dir='ltr'><strong>praeceptum</strong></span> <span class='ocrx_word' id='word_1_156' title='bbox 326 1806 458 1869; x_wconf 88' lang='lat' dir='ltr'><strong>Domini</strong></span> <span class='ocrx_word' id='word_1_157' title='bbox 486 1806 590 1881; x_wconf 81' lang='lat' dir='ltr'><strong>vivat,</strong></span> <span class='ocrx_word' id='word_1_158' title='bbox 627 1813 660 1865; x_wconf 89' lang='lat' dir='ltr'><strong>et</strong></span> <span class='ocrx_word' id='word_1_159' title='bbox 686 1805 847 1866; x_wconf 88' lang='lat' dir='ltr'><strong>subiectos</strong></span> <span class='ocrx_word' id='word_1_160' title='bbox 883 1805 1060 1873; x_wconf 86' lang='lat' dir='ltr'><strong>Monachos</strong></span> <span class='ocrx_word' id='word_1_161' title='bbox 1094 1805 1213 1867; x_wconf 83' lang='lat' dir='ltr'><strong>habeat</strong></span> 
     </span>
     <span class='ocr_line' id='line_1_20' title="bbox 93 1887 1210 1976; baseline -0.003 -20"><span class='ocrx_word' id='word_1_162' title='bbox 93 1914 196 1976; x_wconf 88' lang='lat' dir='ltr'><strong>usque</strong></span> <span class='ocrx_word' id='word_1_163' title='bbox 218 1895 253 1958; x_wconf 90' lang='lat' dir='ltr'><strong>L.</strong></span> <span class='ocrx_word' id='word_1_164' title='bbox 274 1892 327 1954; x_wconf 82' lang='lat' dir='ltr'><strong>vel</strong></span> <span class='ocrx_word' id='word_1_165' title='bbox 347 1890 506 1974; x_wconf 84' lang='lat' dir='ltr'><strong>amplius,</strong></span> <span class='ocrx_word' id='word_1_166' title='bbox 537 1887 595 1972; x_wconf 88' lang='lat' dir='ltr'><strong>qui</strong></span> <span class='ocrx_word' id='word_1_167' title='bbox 618 1909 691 1950; x_wconf 92' lang='lat' dir='ltr'><strong>cum</strong></span> <span class='ocrx_word' id='word_1_168' title='bbox 712 1911 750 1950; x_wconf 90' lang='lat' dir='ltr'><strong>eo</strong></span> <span class='ocrx_word' id='word_1_169' title='bbox 771 1887 964 1972; x_wconf 79' lang='lat' dir='ltr'><strong>regulariter</strong></span> <span class='ocrx_word' id='word_1_170' title='bbox 983 1889 1103 1951; x_wconf 84' lang='lat' dir='ltr'><strong>vivant.</strong></span> <span class='ocrx_word' id='word_1_171' title='bbox 1164 1889 1210 1953; x_wconf 85' lang='lat' dir='ltr'><strong>ll.</strong></span> 
     </span>
     <span class='ocr_line' id='line_1_21' title="bbox 94 1975 215 2042; baseline -0.041 -2"><span class='ocrx_word' id='word_1_172' title='bbox 94 1981 144 2042; x_wconf 82' lang='lat'><strong>55.</strong></span> <span class='ocrx_word' id='word_1_173' title='bbox 169 1975 215 2038; x_wconf 85' lang='lat'><strong>18.</strong></span> 
     </span>
    </p>

    <p class='ocr_par' dir='ltr' id='par_1_5' title="bbox 93 2053 1211 2305">
     <span class='ocr_line' id='line_1_22' title="bbox 176 2053 1211 2138; baseline -0.001 -19"><span class='ocrx_word' id='word_1_174' title='bbox 176 2057 237 2120; x_wconf 84' lang='lat' dir='ltr'><strong>XI.</strong></span> <span class='ocrx_word' id='word_1_175' title='bbox 278 2055 312 2117; x_wconf 92' lang='lat' dir='ltr'><strong>Si</strong></span> <span class='ocrx_word' id='word_1_176' title='bbox 334 2054 407 2136; x_wconf 89' lang='lat' dir='ltr'><strong>quis</strong></span> <span class='ocrx_word' id='word_1_177' title='bbox 429 2076 503 2117; x_wconf 89' lang='lat' dir='ltr'><strong>cum</strong></span> <span class='ocrx_word' id='word_1_178' title='bbox 523 2054 597 2116; x_wconf 88' lang='lat' dir='ltr'><strong>aliis</strong></span> <span class='ocrx_word' id='word_1_179' title='bbox 620 2053 835 2131; x_wconf 86' lang='lat' dir='ltr'><strong>Custodihus,</strong></span> <span class='ocrx_word' id='word_1_180' title='bbox 872 2054 925 2116; x_wconf 85' lang='lat' dir='ltr'><strong>vel</strong></span> <span class='ocrx_word' id='word_1_181' title='bbox 946 2054 1141 2138; x_wconf 89' lang='lat' dir='ltr'><strong>Praepositis</strong></span> <span class='ocrx_word' id='word_1_182' title='bbox 1170 2055 1211 2118; x_wconf 88' lang='lat' dir='ltr'><strong>de</strong></span> 
     </span>
     <span class='ocr_line' id='line_1_23' title="bbox 93 2136 1210 2222; baseline -0.002 -20"><span class='ocrx_word' id='word_1_183' title='bbox 93 2143 187 2202; x_wconf 88' lang='lat' dir='ltr'><strong>Loois</strong></span> <span class='ocrx_word' id='word_1_184' title='bbox 222 2137 461 2200; x_wconf 87' lang='lat' dir='ltr'><strong>venerabilibus</strong></span> <span class='ocrx_word' id='word_1_185' title='bbox 494 2153 635 2200; x_wconf 86' lang='lat' dir='ltr'><strong>caussam</strong></span> <span class='ocrx_word' id='word_1_186' title='bbox 670 2136 835 2214; x_wconf 85' lang='lat' dir='ltr'><strong>habuerit,</strong></span> <span class='ocrx_word' id='word_1_187' title='bbox 874 2137 937 2222; x_wconf 87' lang='lat' dir='ltr'><strong>ipsi</strong></span> <span class='ocrx_word' id='word_1_188' title='bbox 968 2137 1126 2202; x_wconf 82' lang='lat' dir='ltr'><strong>Custodes</strong></span> <span class='ocrx_word' id='word_1_189' title='bbox 1157 2139 1210 2202; x_wconf 87' lang='lat' dir='ltr'><strong>vel</strong></span> 
     </span>
     <span class='ocr_line' id='line_1_24' title="bbox 95 2221 971 2305; baseline -0.002 -19"><span class='ocrx_word' id='word_1_190' title='bbox 95 2221 271 2305; x_wconf 81' lang='lat' dir='ltr'><strong>Praepositi</strong></span> <span class='ocrx_word' id='word_1_191' title='bbox 292 2232 525 2282; x_wconf 88' lang='lat' dir='ltr'><strong>sacramentum</strong></span> <span class='ocrx_word' id='word_1_192' title='bbox 546 2222 719 2282; x_wconf 84' lang='lat' dir='ltr'><strong>deducant.</strong></span> <span class='ocrx_word' id='word_1_193' title='bbox 780 2221 826 2286; x_wconf 90' lang='lat' dir='ltr'><strong>II.</strong></span> <span class='ocrx_word' id='word_1_194' title='bbox 848 2222 898 2284; x_wconf 82' lang='lat'><strong>55.</strong></span> <span class='ocrx_word' id='word_1_195' title='bbox 924 2222 971 2284; x_wconf 90' lang='lat'><strong>18.</strong></span> 
     </span>
    </p>

    <p class='ocr_par' dir='ltr' id='par_1_6' title="bbox 24 2303 1211 2801">
     <span class='ocr_line' id='line_1_25' title="bbox 177 2303 1211 2386; baseline 0.002 -21"><span class='ocrx_word' id='word_1_196' title='bbox 177 2304 253 2366; x_wconf 89' lang='lat' dir='ltr'><strong>XII.</strong></span> <span class='ocrx_word' id='word_1_197' title='bbox 296 2304 330 2364; x_wconf 88' lang='lat' dir='ltr'><strong>si</strong></span> <span class='ocrx_word' id='word_1_198' title='bbox 347 2303 421 2384; x_wconf 91' lang='lat' dir='ltr'><strong>quis</strong></span> <span class='ocrx_word' id='word_1_199' title='bbox 438 2327 511 2365; x_wconf 90' lang='lat' dir='ltr'><strong>cum</strong></span> <span class='ocrx_word' id='word_1_200' title='bbox 527 2303 625 2364; x_wconf 88' lang='lat' dir='ltr'><strong>Curte</strong></span> <span class='ocrx_word' id='word_1_201' title='bbox 639 2304 737 2386; x_wconf 80' lang='lat' dir='ltr'><strong>Regia</strong></span> <span class='ocrx_word' id='word_1_202' title='bbox 752 2323 896 2365; x_wconf 83' lang='lat' dir='ltr'><strong>caussam</strong></span> <span class='ocrx_word' id='word_1_203' title='bbox 910 2303 1069 2380; x_wconf 83' lang='lat' dir='ltr'><strong>habuerit,</strong></span> <span class='ocrx_word' id='word_1_204' title='bbox 1092 2314 1124 2367; x_wconf 91' lang='lat' dir='ltr'><strong>et</strong></span> <span class='ocrx_word' id='word_1_205' title='bbox 1139 2326 1211 2367; x_wconf 88' lang='lat' dir='ltr'><strong>eve-</strong></span> 
     </span>
     <span class='ocr_line' id='line_1_26' title="bbox 24 2383 1209 2469; baseline -0.001 -21"><span class='ocrx_word' id='word_1_206' title='bbox 24 2405 26 2410; x_wconf 77' lang='lat'><em>·</em></span> <span class='ocrx_word' id='word_1_207' title='bbox 97 2389 181 2450; x_wconf 90' lang='lat' dir='ltr'><strong>nerit</strong></span> <span class='ocrx_word' id='word_1_208' title='bbox 201 2396 238 2446; x_wconf 90' lang='lat' dir='ltr'><strong>ut</strong></span> <span class='ocrx_word' id='word_1_209' title='bbox 257 2408 329 2469; x_wconf 92' lang='lat' dir='ltr'><strong>pars</strong></span> <span class='ocrx_word' id='word_1_210' title='bbox 348 2383 457 2448; x_wconf 83' lang='lat' dir='ltr'><strong>Curtis</strong></span> <span class='ocrx_word' id='word_1_211' title='bbox 467 2386 585 2468; x_wconf 83' lang='lat' dir='ltr'><strong>Regiae</strong></span> <span class='ocrx_word' id='word_1_212' title='bbox 600 2396 833 2448; x_wconf 88' lang='lat' dir='ltr'><strong>sacramentum</strong></span> <span class='ocrx_word' id='word_1_213' title='bbox 851 2387 1010 2448; x_wconf 86' lang='lat' dir='ltr'><strong>deducere</strong></span> <span class='ocrx_word' id='word_1_214' title='bbox 1028 2388 1160 2466; x_wconf 87' lang='lat' dir='ltr'><strong>debeat,</strong></span> <span class='ocrx_word' id='word_1_215' title='bbox 1182 2386 1209 2450; x_wconf 91' lang='lat' dir='ltr'><strong>si</strong></span> 
     </span>
     <span class='ocr_line' id='line_1_27' title="bbox 97 2468 1210 2552; baseline 0.001 -22"><span class='ocrx_word' id='word_1_216' title='bbox 97 2471 198 2530; x_wconf 89' lang='lat' dir='ltr'><strong>maior</strong></span> <span class='ocrx_word' id='word_1_217' title='bbox 226 2479 343 2530; x_wconf 83' lang='lat' dir='ltr'><strong>caussa</strong></span> <span class='ocrx_word' id='word_1_218' title='bbox 355 2470 469 2546; x_wconf 86' lang='lat' dir='ltr'><strong>fuerit,</strong></span> <span class='ocrx_word' id='word_1_219' title='bbox 498 2491 556 2552; x_wconf 89' lang='lat' dir='ltr'><strong>per</strong></span> <span class='ocrx_word' id='word_1_220' title='bbox 576 2480 809 2540; x_wconf 81' lang='lat' dir='ltr'><strong>sacramentum</strong></span> <span class='ocrx_word' id='word_1_221' title='bbox 842 2471 882 2531; x_wconf 87' lang='lat' dir='ltr'><strong>ab</strong></span> <span class='ocrx_word' id='word_1_222' title='bbox 904 2468 1056 2531; x_wconf 87' lang='lat' dir='ltr'><strong>Scarione</strong></span> <span class='ocrx_word' id='word_1_223' title='bbox 1078 2471 1107 2548; x_wconf 82' lang='lat' dir='ltr'><strong>l)</strong></span> <span class='ocrx_word' id='word_1_224' title='bbox 1136 2493 1210 2531; x_wconf 89' lang='lat' dir='ltr'><strong>cum</strong></span> 
     </span>
     <span class='ocr_line' id='line_1_28' title="bbox 96 2551 1209 2621; baseline 0.001 -8"><span class='ocrx_word' id='word_1_225' title='bbox 96 2553 257 2613; x_wconf 88' lang='lat' dir='ltr'><strong>actoribus</strong></span> <span class='ocrx_word' id='word_1_226' title='bbox 278 2551 416 2612; x_wconf 83' lang='lat' dir='ltr'><strong>finiatur.</strong></span> <span class='ocrx_word' id='word_1_227' title='bbox 458 2553 492 2614; x_wconf 92' lang='lat' dir='ltr'><strong>Si</strong></span> <span class='ocrx_word' id='word_1_228' title='bbox 514 2573 590 2612; x_wconf 88' lang='lat' dir='ltr'><strong>vero</strong></span> <span class='ocrx_word' id='word_1_229' title='bbox 612 2553 720 2612; x_wconf 92' lang='lat' dir='ltr'><strong>minor</strong></span> <span class='ocrx_word' id='word_1_230' title='bbox 739 2552 838 2613; x_wconf 85' lang='lat' dir='ltr'><strong>fuerit</strong></span> <span class='ocrx_word' id='word_1_231' title='bbox 859 2574 970 2614; x_wconf 89' lang='lat' dir='ltr'><strong>caussa</strong></span> <span class='ocrx_word' id='word_1_232' title='bbox 991 2553 1025 2614; x_wconf 88' lang='lat' dir='ltr'><strong>id</strong></span> <span class='ocrx_word' id='word_1_233' title='bbox 1047 2562 1097 2613; x_wconf 87' lang='lat' dir='ltr'><strong>est</strong></span> <span class='ocrx_word' id='word_1_234' title='bbox 1125 2555 1209 2621; x_wconf 82' lang='lat' dir='ltr'><strong>infra</strong></span> 
     </span>
     <span class='ocr_line' id='line_1_29' title="bbox 95 2633 1209 2720; baseline -0.001 -22"><span class='ocrx_word' id='word_1_235' title='bbox 95 2634 318 2712; x_wconf 80' lang='lat' dir='ltr'><strong>XX.soIidos‚</strong></span> <span class='ocrx_word' id='word_1_236' title='bbox 341 2643 430 2695; x_wconf 85' lang='lat' dir='ltr'><strong>actor</strong></span> <span class='ocrx_word' id='word_1_237' title='bbox 440 2639 481 2712; x_wconf 91' lang='lat' dir='ltr'><strong>m)</strong></span> <span class='ocrx_word' id='word_1_238' title='bbox 504 2633 632 2697; x_wconf 89' lang='lat' dir='ltr'><strong>deloco</strong></span> <span class='ocrx_word' id='word_1_239' title='bbox 652 2657 726 2696; x_wconf 90' lang='lat' dir='ltr'><strong>cum</strong></span> <span class='ocrx_word' id='word_1_240' title='bbox 741 2635 914 2714; x_wconf 77' lang='lat' dir='ltr'><strong>actoribus,</strong></span> <span class='ocrx_word' id='word_1_241' title='bbox 931 2637 1111 2697; x_wconf 91' lang='lat' dir='ltr'><strong>secundum</strong></span> <span class='ocrx_word' id='word_1_242' title='bbox 1127 2659 1209 2720; x_wconf 87' lang='lat' dir='ltr'><strong>qua-</strong></span> 
     </span>
     <span class='ocr_line' id='line_1_30' title="bbox 96 2718 1086 2801; baseline -0.001 -22"><span class='ocrx_word' id='word_1_243' title='bbox 96 2719 220 2780; x_wconf 86' lang='lat' dir='ltr'><strong>litatem</strong></span> <span class='ocrx_word' id='word_1_244' title='bbox 238 2718 394 2792; x_wconf 87' lang='lat' dir='ltr'><strong>caussae,</strong></span> <span class='ocrx_word' id='word_1_245' title='bbox 417 2726 650 2778; x_wconf 84' lang='lat' dir='ltr'><strong>sacramentum</strong></span> <span class='ocrx_word' id='word_1_246' title='bbox 670 2718 838 2800; x_wconf 86' lang='lat' dir='ltr'><strong>persolvat.</strong></span> <span class='ocrx_word' id='word_1_247' title='bbox 901 2719 943 2778; x_wconf 90' lang='lat' dir='ltr'><strong>II.</strong></span> <span class='ocrx_word' id='word_1_248' title='bbox 965 2719 1014 2785; x_wconf 88' lang='lat'><strong>55.</strong></span> <span class='ocrx_word' id='word_1_249' title='bbox 1041 2741 1086 2801; x_wconf 85' lang='lat'><strong>¹9·</strong></span> 
     </span>
    </p>

    <p class='ocr_par' dir='ltr' id='par_1_7' title="bbox 28 2799 1208 3622">
     <span class='ocr_line' id='line_1_31' title="bbox 176 2799 1208 2885; baseline 0.003 -25"><span class='ocrx_word' id='word_1_250' title='bbox 176 2799 271 2866; x_wconf 83' lang='lat' dir='ltr'><strong>XIII.</strong></span> <span class='ocrx_word' id='word_1_251' title='bbox 311 2802 354 2860; x_wconf 87' lang='lat' dir='ltr'><strong>Et</strong></span> <span class='ocrx_word' id='word_1_252' title='bbox 368 2800 431 2860; x_wconf 87' lang='lat' dir='ltr'><strong>hoc</strong></span> <span class='ocrx_word' id='word_1_253' title='bbox 450 2800 634 2875; x_wconf 88' lang='lat' dir='ltr'><strong>diffinimus,</strong></span> <span class='ocrx_word' id='word_1_254' title='bbox 657 2810 693 2860; x_wconf 93' lang='lat' dir='ltr'><strong>ut</strong></span> <span class='ocrx_word' id='word_1_255' title='bbox 713 2810 881 2882; x_wconf 89' lang='lat' dir='ltr'><strong>postquam</strong></span> <span class='ocrx_word' id='word_1_256' title='bbox 903 2801 1000 2863; x_wconf 90' lang='lat' dir='ltr'><strong>iussio</strong></span> <span class='ocrx_word' id='word_1_257' title='bbox 1021 2801 1116 2885; x_wconf 78' lang='lat' dir='ltr'><strong>Regis</strong></span> <span class='ocrx_word' id='word_1_258' title='bbox 1136 2804 1208 2863; x_wconf 84' lang='lat' dir='ltr'><strong>fue·</strong></span> 
     </span>
     <span class='ocr_line' id='line_1_32' title="bbox 94 2882 1208 2966; baseline 0.003 -24"><span class='ocrx_word' id='word_1_259' title='bbox 94 2883 138 2942; x_wconf 90' lang='lat' dir='ltr'><strong>rit</strong></span> <span class='ocrx_word' id='word_1_260' title='bbox 157 2883 191 2941; x_wconf 91' lang='lat' dir='ltr'><strong>iu</strong></span> <span class='ocrx_word' id='word_1_261' title='bbox 211 2882 357 2944; x_wconf 76' lang='lat' dir='ltr'><strong>exercitu</strong></span> <span class='ocrx_word' id='word_1_262' title='bbox 374 2883 578 2960; x_wconf 86' lang='lat' dir='ltr'><strong>ambulandi,</strong></span> <span class='ocrx_word' id='word_1_263' title='bbox 608 2892 641 2944; x_wconf 86' lang='lat' dir='ltr'><strong>et</strong></span> <span class='ocrx_word' id='word_1_264' title='bbox 662 2883 834 2945; x_wconf 85' lang='lat' dir='ltr'><strong>constituto</strong></span> <span class='ocrx_word' id='word_1_265' title='bbox 855 2884 960 2966; x_wconf 93' lang='lat' dir='ltr'><strong>posito</strong></span> <span class='ocrx_word' id='word_1_266' title='bbox 985 2885 1025 2944; x_wconf 90' lang='lat' dir='ltr'><strong>ad</strong></span> <span class='ocrx_word' id='word_1_267' title='bbox 1054 2884 1208 2945; x_wconf 89' lang='lat' dir='ltr'><strong>monitio-</strong></span> 
     </span>
     <span class='ocr_line' id='line_1_33' title="bbox 96 2965 1208 3048; baseline 0.004 -25"><span class='ocrx_word' id='word_1_268' title='bbox 96 2979 171 3024; x_wconf 78' lang='lat' dir='ltr'><strong>nem</strong></span> <span class='ocrx_word' id='word_1_269' title='bbox 192 2965 391 3042; x_wconf 83' lang='lat' dir='ltr'><strong>faciendam,</strong></span> <span class='ocrx_word' id='word_1_270' title='bbox 424 2966 532 3028; x_wconf 87' lang='lat' dir='ltr'><strong>nullus</strong></span> <span class='ocrx_word' id='word_1_271' title='bbox 555 2978 734 3048; x_wconf 80' lang='lat' dir='ltr'><strong>praesumat</strong></span> <span class='ocrx_word' id='word_1_272' title='bbox 759 2967 981 3029; x_wconf 89' lang='lat' dir='ltr'><strong>fideiussorem</strong></span> <span class='ocrx_word' id='word_1_273' title='bbox 1002 2976 1058 3027; x_wconf 85' lang='lat' dir='ltr'><strong>aut</strong></span> <span class='ocrx_word' id='word_1_274' title='bbox 1081 2967 1208 3028; x_wconf 88' lang='lat' dir='ltr'><strong>debito-</strong></span> 
     </span>
     <span class='ocr_line' id='line_1_34' title="bbox 93 3048 1207 3132; baseline 0.002 -26"><span class='ocrx_word' id='word_1_275' title='bbox 93 3067 164 3106; x_wconf 86' lang='lat' dir='ltr'><strong>rem</strong></span> <span class='ocrx_word' id='word_1_276' title='bbox 181 3068 239 3126; x_wconf 90' lang='lat' dir='ltr'><strong>pro</strong></span> <span class='ocrx_word' id='word_1_277' title='bbox 268 3069 468 3128; x_wconf 88' lang='lat' dir='ltr'><strong>quacumque</strong></span> <span class='ocrx_word' id='word_1_278' title='bbox 498 3071 607 3110; x_wconf 87' lang='lat' dir='ltr'><strong>caussa</strong></span> <span class='ocrx_word' id='word_1_279' title='bbox 632 3049 810 3132; x_wconf 75' lang='lat' dir='ltr'><strong>pignorare.</strong></span> <span class='ocrx_word' id='word_1_280' title='bbox 852 3051 894 3110; x_wconf 90' lang='lat' dir='ltr'><strong>Et</strong></span> <span class='ocrx_word' id='word_1_281' title='bbox 918 3049 943 3109; x_wconf 92' lang='lat' dir='ltr'><strong>si</strong></span> <span class='ocrx_word' id='word_1_282' title='bbox 966 3051 1006 3111; x_wconf 86' lang='lat' dir='ltr'><strong>de</strong></span> <span class='ocrx_word' id='word_1_283' title='bbox 1029 3071 1094 3108; x_wconf 90' lang='lat' dir='ltr'><strong>una</strong></span> <span class='ocrx_word' id='word_1_284' title='bbox 1115 3048 1207 3111; x_wconf 89' lang='lat' dir='ltr'><strong>Iudi-</strong></span> 
     </span>
     <span class='ocr_line' id='line_1_35' title="bbox 96 3128 1205 3212; baseline 0.003 -23"><span class='ocrx_word' id='word_1_285' title='bbox 96 3128 193 3189; x_wconf 89' lang='lat' dir='ltr'><strong>ciaria</strong></span> <span class='ocrx_word' id='word_1_286' title='bbox 208 3130 324 3207; x_wconf 85' lang='lat' dir='ltr'><strong>fuerit,</strong></span> <span class='ocrx_word' id='word_1_287' title='bbox 346 3131 387 3188; x_wconf 88' lang='lat' dir='ltr'><strong>ad</strong></span> <span class='ocrx_word' id='word_1_288' title='bbox 406 3130 473 3192; x_wconf 88' lang='lat' dir='ltr'><strong>dies</strong></span> <span class='ocrx_word' id='word_1_289' title='bbox 491 3130 678 3208; x_wconf 85' lang='lat' dir='ltr'><strong>duodecim,</strong></span> <span class='ocrx_word' id='word_1_290' title='bbox 700 3153 873 3212; x_wconf 78' lang='lat' dir='ltr'><strong>antequam</strong></span> <span class='ocrx_word' id='word_1_291' title='bbox 889 3140 940 3191; x_wconf 89' lang='lat' dir='ltr'><strong>eat</strong></span> <span class='ocrx_word' id='word_1_292' title='bbox 958 3133 998 3193; x_wconf 92' lang='lat' dir='ltr'><strong>ad</strong></span> <span class='ocrx_word' id='word_1_293' title='bbox 1016 3131 1205 3209; x_wconf 82' lang='lat' dir='ltr'><strong>exercitum,</strong></span> 
     </span>
     <span class='ocr_line' id='line_1_36' title="bbox 95 3210 1207 3295; baseline 0.002 -23"><span class='ocrx_word' id='word_1_294' title='bbox 95 3211 135 3272; x_wconf 83' lang='lat' dir='ltr'><strong>s&#39;it</strong></span> <span class='ocrx_word' id='word_1_295' title='bbox 156 3210 306 3291; x_wconf 84' lang='lat' dir='ltr'><strong>quietus,</strong></span> <span class='ocrx_word' id='word_1_296' title='bbox 343 3211 438 3272; x_wconf 90' lang='lat' dir='ltr'><strong>etiam</strong></span> <span class='ocrx_word' id='word_1_297' title='bbox 468 3212 638 3274; x_wconf 88' lang='lat' dir='ltr'><strong>duodecim</strong></span> <span class='ocrx_word' id='word_1_298' title='bbox 669 3213 737 3280; x_wconf 83' lang='lat' dir='ltr'><strong>dies</strong></span> <span class='ocrx_word' id='word_1_299' title='bbox 757 3224 968 3295; x_wconf 89' lang='lat' dir='ltr'><strong>posteaquam</strong></span> <span class='ocrx_word' id='word_1_300' title='bbox 993 3214 1032 3275; x_wconf 89' lang='lat' dir='ltr'><strong>de</strong></span> <span class='ocrx_word' id='word_1_301' title='bbox 1060 3215 1207 3275; x_wconf 82' lang='lat' dir='ltr'><strong>exercitu</strong></span> 
     </span>
     <span class='ocr_line' id='line_1_37' title="bbox 94 3293 1206 3379; baseline 0.004 -25"><span class='ocrx_word' id='word_1_302' title='bbox 94 3293 194 3354; x_wconf 87' lang='lat' dir='ltr'><strong>fuerit</strong></span> <span class='ocrx_word' id='word_1_303' title='bbox 213 3315 370 3354; x_wconf 80' lang='lat' dir='ltr'><strong>reversus.</strong></span> <span class='ocrx_word' id='word_1_304' title='bbox 412 3293 446 3354; x_wconf 85' lang='lat' dir='ltr'><strong>si</strong></span> <span class='ocrx_word' id='word_1_305' title='bbox 469 3304 575 3354; x_wconf 87' lang='lat' dir='ltr'><strong>autem</strong></span> <span class='ocrx_word' id='word_1_306' title='bbox 597 3296 636 3355; x_wconf 91' lang='lat' dir='ltr'><strong>de</strong></span> <span class='ocrx_word' id='word_1_307' title='bbox 657 3296 728 3357; x_wconf 91' lang='lat' dir='ltr'><strong>aIiis</strong></span> <span class='ocrx_word' id='word_1_308' title='bbox 741 3296 922 3358; x_wconf 90' lang='lat' dir='ltr'><strong>Iudiciariis</strong></span> <span class='ocrx_word' id='word_1_309' title='bbox 938 3296 1046 3374; x_wconf 86' lang='lat' dir='ltr'><strong>fuerit,</strong></span> <span class='ocrx_word' id='word_1_310' title='bbox 1066 3297 1206 3379; x_wconf 83' lang='lat' dir='ltr'><strong>spatium</strong></span> 
     </span>
     <span class='ocr_line' id='line_1_38' title="bbox 28 3373 1206 3463; baseline 0.002 -25"><span class='ocrx_word' id='word_1_311' title='bbox 28 3446 32 3451; x_wconf 47' lang='grc'><em>,</em></span> <span class='ocrx_word' id='word_1_312' title='bbox 94 3376 199 3438; x_wconf 89' lang='lat' dir='ltr'><strong>sitad</strong></span> <span class='ocrx_word' id='word_1_313' title='bbox 218 3376 287 3436; x_wconf 88' lang='lat' dir='ltr'><strong>dies</strong></span> <span class='ocrx_word' id='word_1_314' title='bbox 306 3373 420 3437; x_wconf 88' lang='lat' dir='ltr'><strong>XXIV.</strong></span> <span class='ocrx_word' id='word_1_315' title='bbox 460 3377 540 3436; x_wconf 87' lang='lat' dir='ltr'><strong>Nam</strong></span> <span class='ocrx_word' id='word_1_316' title='bbox 565 3377 591 3437; x_wconf 92' lang='lat' dir='ltr'><strong>si</strong></span> <span class='ocrx_word' id='word_1_317' title='bbox 610 3377 683 3458; x_wconf 90' lang='lat' dir='ltr'><strong>quis</strong></span> <span class='ocrx_word' id='word_1_318' title='bbox 705 3399 801 3460; x_wconf 89' lang='lat' dir='ltr'><strong>quem</strong></span> <span class='ocrx_word' id='word_1_319' title='bbox 821 3377 907 3440; x_wconf 87' lang='lat' dir='ltr'><strong>iuter</strong></span> <span class='ocrx_word' id='word_1_320' title='bbox 927 3380 988 3439; x_wconf 86' lang='lat' dir='ltr'><strong>ista</strong></span> <span class='ocrx_word' id='word_1_321' title='bbox 1014 3381 1114 3461; x_wconf 85' lang='lat' dir='ltr'><strong>spatia</strong></span> <span class='ocrx_word' id='word_1_322' title='bbox 1133 3381 1206 3463; x_wconf 82' lang='lat' dir='ltr'><strong>pig·</strong></span> 
     </span>
     <span class='ocr_line' id='line_1_39' title="bbox 90 3457 1204 3545; baseline 0.005 -27"><span class='ocrx_word' id='word_1_323' title='bbox 90 3458 272 3536; x_wconf 83' lang='lat' dir='ltr'><strong>&#39;noraverit,</strong></span> <span class='ocrx_word' id='word_1_324' title='bbox 304 3466 475 3538; x_wconf 90' lang='lat' dir='ltr'><strong>componat</strong></span> <span class='ocrx_word' id='word_1_325' title='bbox 504 3457 571 3540; x_wconf 90' lang='lat' dir='ltr'><strong>ipsa</strong></span> <span class='ocrx_word' id='word_1_326' title='bbox 602 3459 754 3540; x_wconf 80' lang='lat' dir='ltr'><strong>pignora,</strong></span> <span class='ocrx_word' id='word_1_327' title='bbox 784 3459 867 3522; x_wconf 87' lang='lat' dir='ltr'><strong>sicut</strong></span> <span class='ocrx_word' id='word_1_328' title='bbox 893 3462 951 3545; x_wconf 90' lang='lat' dir='ltr'><strong>qui</strong></span> <span class='ocrx_word' id='word_1_329' title='bbox 974 3471 1086 3524; x_wconf 83' lang='lat' dir='ltr'><strong>contra</strong></span> <span class='ocrx_word' id='word_1_330' title='bbox 1105 3463 1204 3526; x_wconf 87' lang='lat' dir='ltr'><strong>ratio-</strong></span> 
     </span>
     <span class='ocr_line' id='line_1_40' title="bbox 95 3540 677 3622; baseline 0.002 -21"><span class='ocrx_word' id='word_1_331' title='bbox 95 3563 169 3602; x_wconf 86' lang='lat' dir='ltr'><strong>nem</strong></span> <span class='ocrx_word' id='word_1_332' title='bbox 190 3542 306 3622; x_wconf 81' lang='lat' dir='ltr'><strong>pignus</strong></span> <span class='ocrx_word' id='word_1_333' title='bbox 328 3540 467 3601; x_wconf 84' lang='lat' dir='ltr'><strong>abstulit.</strong></span> <span class='ocrx_word' id='word_1_334' title='bbox 529 3542 627 3618; x_wconf 64' lang='lat' dir='ltr'><strong>I.‚1[‡.</strong></span> <span class='ocrx_word' id='word_1_335' title='bbox 649 3542 677 3603; x_wconf 89' lang='lat'><strong>8.</strong></span> 
     </span>
    </p>

    <p class='ocr_par' dir='ltr' id='par_1_8' title="bbox 161 3624 1204 3699">
     <span class='ocr_line' id='line_1_41' title="bbox 161 3624 1204 3699; baseline 0.007 -24"><span class='ocrx_word' id='word_1_336' title='bbox 161 3640 239 3676; x_wconf 76' lang='lat' dir='ltr'><strong>rora.</strong></span> <span class='ocrx_word' id='word_1_337' title='bbox 286 3625 366 3678; x_wconf 84' lang='lat' dir='ltr'><strong>Petro</strong></span> <span class='ocrx_word' id='word_1_338' title='bbox 388 3631 418 3675; x_wconf 88' lang='lat' dir='ltr'><strong>te</strong></span> <span class='ocrx_word' id='word_1_339' title='bbox 443 3624 565 3696; x_wconf 86' lang='lat' dir='ltr'><strong>appellat</strong></span> <span class='ocrx_word' id='word_1_340' title='bbox 581 3624 731 3690; x_wconf 84' lang='lat' dir='ltr'><strong>Martinus,</strong></span> <span class='ocrx_word' id='word_1_341' title='bbox 761 3625 837 3697; x_wconf 90' lang='lat' dir='ltr'><strong>quod</strong></span> <span class='ocrx_word' id='word_1_342' title='bbox 859 3634 890 3680; x_wconf 87' lang='lat' dir='ltr'><strong>tu</strong></span> <span class='ocrx_word' id='word_1_343' title='bbox 916 3626 1064 3699; x_wconf 82' lang='lat' dir='ltr'><strong>pignorasti</strong></span> <span class='ocrx_word' id='word_1_344' title='bbox 1089 3645 1151 3681; x_wconf 86' lang='lat' dir='ltr'><strong>eum</strong></span> <span class='ocrx_word' id='word_1_345' title='bbox 1173 3628 1204 3682; x_wconf 90' lang='lat' dir='ltr'><strong>in</strong></span> 
     </span>
    </p>
   </div>
   <div class='ocr_carea' id='block_1_5' title="bbox 86 3880 1205 4307">
    <p class='ocr_par' dir='ltr' id='par_1_9' title="bbox 86 3880 1205 4307">
     <span class='ocr_line' id='line_1_42' title="bbox 161 3880 1205 3956; baseline 0.01 -26"><span class='ocrx_word' id='word_1_346' title='bbox 161 3880 191 3951; x_wconf 80' lang='lat' dir='ltr'><strong>h)</strong></span> <span class='ocrx_word' id='word_1_347' title='bbox 208 3882 259 3934; x_wconf 87' lang='lat' dir='ltr'><strong>Un.</strong></span> <span class='ocrx_word' id='word_1_348' title='bbox 279 3881 347 3934; x_wconf 86' lang='lat' dir='ltr'><strong>Cod.</strong></span> <span class='ocrx_word' id='word_1_349' title='bbox 367 3883 422 3952; x_wconf 78' lang='lat' dir='ltr'><strong>ipsi</strong></span> <span class='ocrx_word' id='word_1_350' title='bbox 438 3884 466 3936; x_wconf 82' lang='lat' dir='ltr'><strong>ei</strong></span> <span class='ocrx_word' id='word_1_351' title='bbox 483 3883 670 3956; x_wconf 80' lang='lat' dir='ltr'><strong>satisfaciant.</strong></span> <span class='ocrx_word' id='word_1_352' title='bbox 741 3887 770 3955; x_wconf 87' lang='lat' dir='ltr'><strong>i)</strong></span> <span class='ocrx_word' id='word_1_353' title='bbox 786 3886 837 3938; x_wconf 83' lang='lat' dir='ltr'><strong>Un.</strong></span> <span class='ocrx_word' id='word_1_354' title='bbox 856 3887 924 3942; x_wconf 86' lang='lat' dir='ltr'><strong>Cod.</strong></span> <span class='ocrx_word' id='word_1_355' title='bbox 943 3889 971 3940; x_wconf 83' lang='lat' dir='ltr'><strong>ei</strong></span> <span class='ocrx_word' id='word_1_356' title='bbox 987 3890 1097 3942; x_wconf 79' lang='lat' dir='ltr'><strong>iterum.</strong></span> <span class='ocrx_word' id='word_1_357' title='bbox 1167 3885 1205 3956; x_wconf 78' lang='lat' dir='ltr'><strong>t)</strong></span> 
     </span>
     <span class='ocr_line' id='line_1_43' title="bbox 91 3951 1203 4026; baseline 0.006 -24"><span class='ocrx_word' id='word_1_358' title='bbox 91 3951 133 4003; x_wconf 71' lang='lat' dir='ltr'><strong>sl.</strong></span> <span class='ocrx_word' id='word_1_359' title='bbox 150 3952 236 4003; x_wconf 88' lang='lat' dir='ltr'><strong>Codd.</strong></span> <span class='ocrx_word' id='word_1_360' title='bbox 260 3953 331 4004; x_wconf 86' lang='lat' dir='ltr'><strong>Nam</strong></span> <span class='ocrx_word' id='word_1_361' title='bbox 348 3952 417 4014; x_wconf 76' lang='lat' dir='ltr'><strong>alii,</strong></span> <span class='ocrx_word' id='word_1_362' title='bbox 444 3955 542 4023; x_wconf 77' lang='lat' dir='ltr'><strong>quales</strong></span> <span class='ocrx_word' id='word_1_363' title='bbox 559 3955 687 4024; x_wconf 74' lang='lat' dir='ltr'><strong>elegerit,</strong></span> <span class='ocrx_word' id='word_1_364' title='bbox 715 3959 818 4026; x_wconf 81' lang='lat' dir='ltr'><strong>quanti</strong></span> <span class='ocrx_word' id='word_1_365' title='bbox 834 3956 983 4012; x_wconf 83' lang='lat' dir='ltr'><strong>secundum</strong></span> <span class='ocrx_word' id='word_1_366' title='bbox 1001 3958 1088 4024; x_wconf 72' lang='lat' dir='ltr'><strong>legem</strong></span> <span class='ocrx_word' id='word_1_367' title='bbox 1106 3959 1203 4009; x_wconf 78' lang='lat' dir='ltr'><strong>iurare</strong></span> 
     </span>
     <span class='ocr_line' id='line_1_44' title="bbox 91 4019 1201 4096; baseline 0.008 -26"><span class='ocrx_word' id='word_1_368' title='bbox 91 4019 257 4084; x_wconf 77' lang='lat' dir='ltr'><strong>debuerint,</strong></span> <span class='ocrx_word' id='word_1_369' title='bbox 282 4036 483 4074; x_wconf 83' lang='lat' dir='ltr'><strong>sacramentum</strong></span> <span class='ocrx_word' id='word_1_370' title='bbox 502 4022 649 4077; x_wconf 81' lang='lat' dir='ltr'><strong>deducant.</strong></span> <span class='ocrx_word' id='word_1_371' title='bbox 719 4027 749 4096; x_wconf 86' lang='lat' dir='ltr'><strong>l)</strong></span> <span class='ocrx_word' id='word_1_372' title='bbox 767 4026 854 4080; x_wconf 88' lang='lat' dir='ltr'><strong>Gloss.</strong></span> <span class='ocrx_word' id='word_1_373' title='bbox 874 4029 925 4082; x_wconf 85' lang='lat' dir='ltr'><strong>int.</strong></span> <span class='ocrx_word' id='word_1_374' title='bbox 945 4029 963 4080; x_wconf 79' lang='grc' dir='ltr'><strong>ι’.</strong></span> <span class='ocrx_word' id='word_1_375' title='bbox 984 4047 1005 4082; x_wconf 84' lang='lat' dir='ltr'><strong>e.</strong></span> <span class='ocrx_word' id='word_1_376' title='bbox 1027 4027 1201 4080; x_wconf 69' lang='lat' dir='ltr'><strong>canavas-io.</strong></span> 
     </span>
     <span class='ocr_line' id='line_1_45' title="bbox 91 4091 1200 4157; baseline 0.007 -17"><span class='ocrx_word' id='word_1_377' title='bbox 91 4091 128 4157; x_wconf 89' lang='lat' dir='ltr'><strong>m)</strong></span> <span class='ocrx_word' id='word_1_378' title='bbox 145 4091 244 4142; x_wconf 83' lang='lat' dir='ltr'><strong>Murat.</strong></span> <span class='ocrx_word' id='word_1_379' title='bbox 264 4101 291 4142; x_wconf 88' lang='lat' dir='ltr'><strong>et</strong></span> <span class='ocrx_word' id='word_1_380' title='bbox 311 4092 422 4144; x_wconf 80' lang='lat' dir='ltr'><strong>Herold.</strong></span> <span class='ocrx_word' id='word_1_381' title='bbox 445 4091 580 4146; x_wconf 81' lang='lat' dir='ltr'><strong>deducere</strong></span> <span class='ocrx_word' id='word_1_382' title='bbox 599 4093 714 4156; x_wconf 75' lang='lat' dir='ltr'><strong>debeat,</strong></span> <span class='ocrx_word' id='word_1_383' title='bbox 744 4099 770 4146; x_wconf 87' lang='lat' dir='ltr'><strong>si</strong></span> <span class='ocrx_word' id='word_1_384' title='bbox 786 4100 879 4148; x_wconf 83' lang='lat' dir='ltr'><strong>minor</strong></span> <span class='ocrx_word' id='word_1_385' title='bbox 900 4115 999 4152; x_wconf 87' lang='lat' dir='ltr'><strong>caussa</strong></span> <span class='ocrx_word' id='word_1_386' title='bbox 1017 4095 1050 4150; x_wconf 86' lang='lat' dir='ltr'><strong>de</strong></span> <span class='ocrx_word' id='word_1_387' title='bbox 1068 4097 1132 4151; x_wconf 85' lang='lat' dir='ltr'><strong>XX.</strong></span> <span class='ocrx_word' id='word_1_388' title='bbox 1150 4097 1200 4148; x_wconf 83' lang='lat' dir='ltr'><strong>sol.</strong></span> 
     </span>
     <span class='ocr_line' id='line_1_46' title="bbox 86 4159 1201 4238; baseline 0.008 -29"><span class='ocrx_word' id='word_1_389' title='bbox 86 4159 194 4230; x_wconf 59' lang='lat' dir='ltr'><strong>suerit,</strong></span> <span class='ocrx_word' id='word_1_390' title='bbox 228 4178 279 4232; x_wconf 78' lang='lat' dir='ltr'><strong>per</strong></span> <span class='ocrx_word' id='word_1_391' title='bbox 303 4165 504 4214; x_wconf 77' lang='lat' dir='ltr'><strong>sacramentum</strong></span> <span class='ocrx_word' id='word_1_392' title='bbox 540 4164 733 4216; x_wconf 80' lang='lat' dir='ltr'><strong>obscurionum</strong></span> <span class='ocrx_word' id='word_1_393' title='bbox 765 4165 888 4236; x_wconf 82' lang='lat' dir='ltr'><strong>(Herold.</strong></span> <span class='ocrx_word' id='word_1_394' title='bbox 913 4168 1117 4238; x_wconf 83' lang='lat' dir='ltr'><strong>obscuriorum)</strong></span> <span class='ocrx_word' id='word_1_395' title='bbox 1141 4184 1201 4222; x_wconf 87' lang='lat' dir='ltr'><strong>cum</strong></span> 
     </span>
     <span class='ocr_line' id='line_1_47' title="bbox 91 4230 1047 4307; baseline 0.01 -27"><span class='ocrx_word' id='word_1_396' title='bbox 91 4230 232 4282; x_wconf 82' lang='lat' dir='ltr'><strong>actoribus</strong></span> <span class='ocrx_word' id='word_1_397' title='bbox 244 4231 381 4304; x_wconf 81' lang='lat' dir='ltr'><strong>finiatur.</strong></span> <span class='ocrx_word' id='word_1_398' title='bbox 418 4232 447 4284; x_wconf 79' lang='lat' dir='ltr'><strong>Si</strong></span> <span class='ocrx_word' id='word_1_399' title='bbox 460 4249 528 4286; x_wconf 82' lang='lat' dir='ltr'><strong>vero</strong></span> <span class='ocrx_word' id='word_1_400' title='bbox 548 4237 640 4288; x_wconf 84' lang='lat' dir='ltr'><strong>maior</strong></span> <span class='ocrx_word' id='word_1_401' title='bbox 656 4252 754 4289; x_wconf 83' lang='lat' dir='ltr'><strong>caussa</strong></span> <span class='ocrx_word' id='word_1_402' title='bbox 769 4239 877 4307; x_wconf 78' lang='lat' dir='ltr'><strong>suerit,</strong></span> <span class='ocrx_word' id='word_1_403' title='bbox 899 4251 979 4292; x_wconf 79' lang='lat' dir='ltr'><strong>actor</strong></span> <span class='ocrx_word' id='word_1_404' title='bbox 997 4252 1047 4292; x_wconf 84' lang='lat' dir='ltr'><strong>etc.</strong></span> 
     </span>
    </p>
   </div>
   <div class='ocr_carea' id='block_1_6' title="bbox 0 0 1320 4822">
    <p class='ocr_par' dir='ltr' id='par_1_10' title="bbox 0 0 1320 4822">
     <span class='ocr_line' id='line_1_48' title="bbox 0 0 1320 4822; baseline 0 0"><span class='ocrx_word' id='word_1_405' title='bbox 0 0 1320 4822; x_wconf 95' lang='lat' dir='ltr'><strong> </strong></span> 
     </span>
    </p>
   </div>
  </div>
 </body>
</html>
