2648 4874
78 241 84 251 ·
140 227 219 306 444
337 247 442 305 neers
460 247 754 306 wrsreornmnu
775 248 839 304 uu
858 232 896 304 1'1.
916 247 987 305 nr.
1007 250 1044 304 n.

485 373 548 456 VI.
610 410 672 449 rus.
715 410 803 478 cans,
842 409 912 456 anx.

141 509 191 570 De
215 507 388 590 quantitate
408 505 531 568 itineris
557 524 618 587 quo
640 504 737 564 alium
754 507 884 588 quisque
900 506 1099 568 innocentem
1109 504 1252 592 fatigare

564 590 821 672 praesumpserit.
848 587 849 598 ¹
1182 591 1184 593 ’

227 693 395 757 Removeri
417 691 513 753 debet
537 690 656 752 iniuria
678 693 718 752 ab
745 693 806 769 his,
829 715 968 776 quorum
984 687 1140 778 probatur
1156 697 1251 762 iuno·

142 780 260 857 centia,
283 787 315 838 et
335 799 352 835 a
374 775 528 836 molestiis
548 775 764 854 improborum
777 777 914 838 existere
934 777 1068 840 alienus.
1110 782 1251 846 Proinde

142 886 216 926 cum
238 861 377 944 quisque
399 859 500 918 alium
523 859 562 918 nd
582 859 743 941 Principis
761 867 979 943 conspectum,
1002 863 1053 922 vel
1072 863 1111 924 ad
1134 863 1253 928 discus-

142 947 267 1008 sionem
295 941 513 1024 quorumlibet
535 940 698 1019 iudicum,
722 941 840 1006 iniuste
861 943 1056 1024 compulerit
1079 946 1121 1006 ud
1141 969 1252 1028 prose-

141 1029 310 1110 quendum
343 1024 529 1105 negotium,
561 1032 592 1084 et
617 1045 691 1084 mox
722 1023 852 1106 probata
874 1025 976 1086 fuerit
1001 1047 1066 1085 non
1093 1028 1176 1100 iusta
1198 1041 1251 1112 pe'·

139 1111 237 1171 tentis
267 1129 334 1168 esse
362 1106 543 1166 contentio:
574 1128 599 1167 ει
629 1128 724 1188 snpra
754 1107 991 1190 quinquaginta
1017 1109 1177 1188 millium,
1201 1114 1251 1174 vel

141 1193 225 1252 infra
243 1190 478 1271 quinquaginta
498 1187 647 1266 millium,
667 1189 844 1270 quamlibet
862 1211 998 1274 parvum
1017 1193 1155 1272 spatium
1169 1191 1252 1257 eom-

139 1276 252 1356 pulsus
284 1273 402 1332 iniuste
430 1271 573 1332 extiterit
599 1281 824 1347 convexatus,
861 1272 1007 1354 quinque
1036 1276 1158 1336 solidos
1193 1300 1251 1360 pro

140 1359 259 1417 iniusta
283 1355 475 1415 tantundem
504 1354 661 1436 petitione
694 1377 711 1413 a
738 1355 876 1437 petitore
906 1356 1074 1437 percipiat,
1131 1360 1164 1418 Si
1194 1382 1251 1441 per

140 1436 447 1519 sexagintamillia,
480 1437 563 1496 idem
585 1437 723 1498 iniustus
753 1439 871 1518 petitor
896 1439 953 1503 Vl.
984 1437 1103 1502 solidos
1128 1443 1249 1504 reddat.

140 1524 187 1582 Ac
211 1523 256 1582 sic
284 1519 436 1601 deinceps
462 1529 626 1581 crescente
646 1520 686 1580 X.
711 1522 850 1596 millium
872 1543 1025 1597 numero,
1048 1524 1251 1604 singulorum

141 1604 318 1664 solidorum
347 1611 469 1662 crescat
497 1612 528 1663 et
558 1624 738 1664 numerus:
769 1613 804 1664 ut
834 1625 893 1685 per
916 1605 955 1670 C.
981 1605 1090 1664 millia
1107 1607 1250 1668 indebite

140 1688 273 1768 fatigato
294 1686 335 1748 X.
355 1684 449 1744 solidi
469 1707 487 1744 a
509 1685 644 1765 petitore
670 1688 789 1746 deutur
809 1687 940 1752 iniusto.
966 1687 1099 1768 ,Sicque
1125 1710 1165 1748 ex
1189 1689 1249 1750 hoo

139 1792 199 1851 per
225 1767 461 1849 quinquaginta
491 1768 593 1826 millia
620 1769 738 1829 solidos
766 1771 805 1830 V.
828 1778 860 1830 et
890 1791 950 1852 per
973 1769 1007 1834 C.
1036 1771 1139 1830 millia
1165 1793 1249 1833 cres·

140 1852 289 1911 centibus
311 1851 431 1910 solidos
454 1847 495 1911 X.
525 1872 625 1932 usque
653 1852 733 1911 adeo
759 1853 929 1932 perveniat
953 1874 1075 1913 summa
1097 1854 1251 1938 cumposi-

139 1934 256 2014 tionis,
287 1955 455 2016 usquequo
472 1933 659 2016 pervenerit
678 1935 811 1998 eductus
835 1933 974 2004 itineris.

473 2061 547 2130 Vll.
609 2087 670 2124 aas.
714 2086 799 2125 cans.
840 2087 909 2126 anx.

139 2182 178 2242 Si
197 2181 344 2267 quislibet
363 2199 406 2240 ex
426 2178 554 2238 alterius
578 2178 692 2236 inedicis
713 2191 890 2261 potestate,
913 2181 947 2240 in
974 2179 1105 2243 alterius
1132 2181 1249 2246 indicit

448 2263 610 2322 territorio
636 2262 749 2321 habeat
772 2283 923 2325 caussam.

182 2391 185 2395 ·
223 2371 257 2431 Si
283 2368 455 2450 quisquam
481 2368 698 2450 ingenuorum
719 2377 816 2449 atque
842 2391 1007 2434 servornm
1041 2382 1131 2433 extra
1157 2371 1246 2434 terri·

139 2454 278 2526 tarium,
314 2453 347 2510 in
374 2472 439 2531 quo
463 2459 661 2527 commanet,
698 2451 734 2510 in
769 2452 902 2514 alterius
935 2453 1103 2515 territorio
1132 2453 1248 2516 iudicis

140 2537 374 2599 caussationem
396 2532 564 2594 habuerit:
593 2533 692 2594 iudex
720 2534 873 2596 adonius
899 2536 1137 2597 ordinationem
1163 2537 1249 2598 idem

138 2621 259 2704 petitur
279 2616 438 2699 pertinet,
460 2614 626 2697 epistolam
648 2639 704 2678 sua
732 2639 827 2677 mauu
846 2618 1057 2701 subscriptam
1075 2629 1172 2700 atque
1190 2618 1252 2702 sig-

140 2714 246 2762 natam
268 2699 374 2760 eidem
404 2698 506 2760 iudici
530 2699 665 2782 dirigat,
694 2701 729 2758 iu
752 2722 816 2783 qua
843 2713 1066 2782 praemoneat,
1090 2712 1125 2761 ut
1150 2722 1250 2784 nego-

26 2825 30 2835 ·
139 2785 223 2845 tium
247 2777 442 2866 querelantis
469 2783 580 2843 audire
601 2794 633 2845 et
657 2784 807 2845 ordinare
828 2806 894 2844 uon
919 2783 1053 2851 differat.
1094 2785 1137 2846 Et
1160 2784 1185 2844 si
1210 2784 1251 2844 ad

140 2892 239 2930 unam
269 2866 520 2926 conventionem
544 2866 611 2947 ipse
639 2866 798 2928 rationem
820 2866 889 2927 eius
915 2866 1049 2949 implere
1075 2867 1248 2943 distulerit,

138 2965 218 3014 tunc
246 2950 301 3009 ille
325 2949 443 3025 iudex,
476 2949 515 3009 de
537 2949 629 3010 ouius
659 2949 822 3010 territorio
844 2958 892 3010 est
915 2949 970 3010 ille
997 2951 1055 3031 qui
1080 2951 1178 3032 petit,
1209 2950 1248 3010 de

139 3038 237 3099 rebus
255 3030 369 3104 iudicis
387 3031 488 3110 illius,
500 3032 539 3100 ad
556 3054 653 3113 quem
670 3032 789 3094 direxit
802 3031 980 3114 epistolam,
999 3034 1031 3092 in
1054 3032 1250 3112 quibuscun-

139 3140 204 3204 que
222 3117 301 3178 locis
321 3113 464 3195 reperire
485 3117 636 3203 potuerit,
649 3123 774 3176 tantum
789 3125 936 3197 usurpet,
956 3124 1112 3196 quantum
1125 3137 1176 3176 res
1191 3114 1249 3173 illa

139 3224 207 3264 esse
227 3197 415 3274 dinoscitur,
435 3197 474 3258 de
492 3219 554 3277 qua
578 3199 696 3279 petitor
711 3198 877 3282 querelam
899 3197 1068 3258 intulerit:
1087 3197 1176 3279 quod
1201 3196 1249 3258 ei·

139 3287 213 3346 dem
227 3280 356 3363 petitori
374 3281 602 3362 possidendum
620 3281 832 3342 nihilominus
855 3280 951 3343 dubit.
991 3284 1097 3358 Quam
1119 3279 1248 3340 remita

137 3367 298 3448 possideat
319 3364 375 3444 qui
402 3364 583 3442 acceperit,
608 3374 643 3422 ut
665 3365 860 3426 conservatis
888 3363 960 3424 aliis
983 3365 1080 3426 rebus
1112 3364 1151 3422 de
1172 3362 1248 3424 solis

137 3449 291 3533 lt'rugihus
310 3468 403 3506 usum
415 3455 449 3506 et
462 3468 616 3527 expensas
637 3447 789 3512 obtineat.
813 3448 895 3508 Cum
908 3468 984 3506 vero
999 3447 1055 3506 ille
1069 3446 1178 3521 iudex,
1192 3442 1249 3525 qui

138 3525 180 3594 ad
197 3530 364 3614 epistolam
381 3529 514 3589 alterius
532 3529 647 3590 iudicis
668 3531 833 3612 negotium
853 3529 1051 3610 querelantis
1067 3529 1179 3588 audire
1195 3547 1249 3586 no·

140 3618 260 3691 luerit,
281 3611 433 3672 iustitiam
453 3633 492 3672 ex
511 3614 624 3672 eodem
644 3614 772 3694 negotio
793 3613 979 3694 querelanti
1002 3611 1100 3695 priori
1121 3609 1247 3684 fecerit,

39 3713 43 3721 “
140 3720 277 3780 eaquae
298 3695 354 3753 ille
378 3695 463 3755 udex
484 3695 541 3775 qui
567 3696 765 3758 commonuit
791 3697 830 3756 de
856 3694 952 3755 rebus
969 3696 1037 3756 eius
1062 3694 1248 3768 abstulerat,

140 3782 209 3863 ipse
227 3776 333 3840 alterii
348 3776 448 3838 iudici
464 3777 534 3838 sine
553 3778 769 3839 retardatione
788 3777 944 3843 restituat.
965 3780 1013 3839 De
1033 3777 1179 3858 frugibus
1191 3795 1249 3835 ve·

138 3887 175 3925 ro
201 3859 436 3924 rationabiliter
459 3860 627 3941 expensis,
661 3861 718 3922 ille
744 3861 802 3943 qui
833 3859 989 3943 expendit
1018 3861 1103 3920 nihil
1124 3857 1249 3920 reddat.

140 3948 235 4028 Quod
263 3947 288 4008 si
303 3953 422 4025 postea,
444 3942 616 4004 iustissime
642 3943 784 4006 discusso
810 3944 956 4025 negotio,
985 3942 1173 4004 inveniatur
1203 3941 1250 3999 iu·

141 4033 204 4092 dex
235 4030 291 4089 ille
315 4048 373 4108 per
396 4026 544 4087 iniustam
567 4027 713 4107 petitoris
730 4028 896 4108 querelam
918 4048 988 4087 rem
1009 4025 1152 4086 indebite
1175 4024 1250 4082 arni·

140 4115 236 4190 sisse,
266 4123 346 4173 tunc
371 4110 510 4186 iniustus
532 4111 661 4190 petitor,
684 4131 753 4172 rem
779 4133 875 4192 quam
898 4107 1040 4192 accepit,
1071 4108 1122 4168 illi
1146 4105 1249 4167 iudici

141 4199 234 4261 cuius
263 4193 337 4272 fuit,
363 4214 404 4255 ex
432 4193 558 4276 integro
583 4193 720 4271 reddet,
743 4202 775 4256 et
801 4193 891 4255 eliud
916 4202 1040 4254 tantum
1069 4191 1110 4254 de
1134 4211 1194 4253 suo
1218 4186 1249 4252 ei
