2684 4868
129 263 206 340 tte
323 275 427 336 nnsis
445 275 735 338 wssrsemonus
752 278 818 336 ssu.
836 277 883 336 u.
901 275 972 335 ur.
990 277 1023 335 v.

130 441 220 498 sum,
263 417 298 482 C.
326 418 398 480 suri
426 417 546 482 solidos
570 418 635 485 det.
694 417 757 482 lile
791 439 870 482 vere
904 417 961 501 qui
990 418 1165 515 percussit,
1198 423 1236 491 t.

129 503 250 568 solidos
279 501 414 578 reddat,
452 502 599 564 defuncti
624 499 837 564 nihilominus
864 501 1016 584 proximis
1038 503 1235 582 profuturos.

129 585 208 648 Ideo
232 583 320 647 enim
341 584 433 645 ambo
462 583 616 646 damnum
633 581 816 651 huhebuuts
851 584 930 666 qnia
951 583 1007 646 ille
1029 584 1139 647 voleus
1162 587 1235 650 sdi-

129 676 201 731 tuut
220 666 332 730 mortis
358 665 467 744 dedit,
496 665 557 730 istc
576 676 691 729 autem·
707 667 821 730 nolens
841 674 977 728 mortem
1001 663 1120 728 iniecit.

453 809 495 880 V.
536 833 598 875 sus.
630 833 696 880 ens.
726 833 815 880 scus.
847 831 917 880 unx.

375 927 413 991 Si
440 929 533 990 home
556 940 671 990 exorta
696 927 792 990 caede
825 930 990 991 moriatur.

213 1013 249 1077 Si
270 1019 380 1075 exorta
401 1011 500 1074 caede
528 1011 568 1073 sd
598 1011 778 1073 faciendam
805 1033 916 1095 pacem
936 1011 1128 1093 quicunque
1149 1007 1240 1094 inge·

132 1119 217 1160 nnus
240 1094 428 1173 advenerit,
454 1102 585 1156 etcum
610 1093 816 1178 percussione
844 1092 912 1155 litis
935 1093 1018 1156 mori
1050 1092 1242 1176 contigerit,

132 1189 229 1264 atquc
251 1178 308 1240 iile
328 1175 385 1258 qui
407 1177 564 1260 percussit
580 1186 636 1239 sut
654 1197 713 1239 sno
733 1186 929 1240 sacramento
950 1186 1006 1238 aut
1027 1175 1162 1238 testibus
1183 1195 1246 1235 nu·

131 1282 222 1324 mero
257 1268 291 1324 et
318 1258 476 1341 dignitate
503 1258 629 1321 idoneis
658 1259 833 1344 approhare
869 1259 1028 1341 potuerit,
1059 1257 1149 1340 quod
1177 1255 1242 1318 lioc

131 1351 170 1406 ut
190 1343 283 1406 fieret
301 1340 478 1403 voluntatis
502 1341 571 1402 eius
596 1360 662 1401 non
688 1341 772 1405 fuitt
793 1339 871 1422 quis
889 1361 1058 1424 percussor
1087 1361 1149 1402 nec
1167 1359 1242 1434 per·

131 1435 244 1488 cutere
273 1444 334 1486 nec
361 1423 510 1484 occidere
538 1423 666 1501 voluit,
698 1423 814 1485 libram
849 1433 975 1484 tantum
1006 1423 1076 1484 suri
1101 1429 1243 1505 parents·

130 1507 192 1571 bns
218 1505 377 1591 persolvat
406 1504 513 1570 occisi.
554 1505 711 1569 Similiter
735 1515 769 1568 et
793 1506 1022 1588 qualecunque
1046 1506 1165 1568 vulnus
1185 1502 1242 1564 tuli

131 1612 208 1653 cusu
235 1587 306 1651 lieri
328 1587 532 1670 provenerit,
553 1588 680 1650 tertium
701 1597 824 1671 partem
837 1587 1076 1672 compositionis
1094 1587 1151 1671 qni
1170 1606 1243 1668 pcr-

131 1671 232 1738 cussit
260 1670 412 1733 exsolvat.
467 1670 554 1748 Quia
580 1693 665 1733 mors
693 1671 763 1735 eins
791 1670 897 1733 inulte
931 1691 1000 1735 csse
1029 1690 1097 1733 non
1126 1668 1242 1748 dehet,

132 1755 191 1842 qui
214 1754 302 1842 pacis
327 1750 506 1839 praemium
529 1761 565 1814 ut
594 1755 759 1818 conferret
791 1752 933 1816 advenit.

573 1902 633 1970 Vl.
656 1923 804 1980 surrent.
866 1901 873 1919 '

48 2065 54 2074 .
163 2017 296 2080 Sidam
318 2017 398 2080 levis
426 2018 544 2080 iniuria
567 2015 724 2102 insertur,
758 2017 962 2080 homicidium
987 2018 1209 2084 committatur.

214 2102 249 2164 Si
272 2101 349 2163 dum
374 2100 446 2183 quis
477 2101 584 2178 calce,
618 2101 672 2162 rel
702 2122 832 2185 pugno,
862 2110 916 2162 aut
947 2119 1142 2184 quecunque
1170 2119 1243 2183 per-

132 2185 281 2247 cussione
313 2183 465 2244 iniurium
490 2193 627 2245 conatur
651 2184 792 2264 inferre,
821 2182 991 2246 homicidii
1019 2180 1165 2246 extiterit
1186 2203 1243 2245 ee·

130 2268 234 2347 casio,
255 2288 316 2355 pro
345 2265 522 2329 homicidio
545 2264 709 2350 puniatur.
750 2311 753 2320 .

458 2378 533 2443 Vll.
561 2403 622 2444 sas.
644 2403 709 2448 cus.
731 2403 819 2445 neus.
840 2402 911 2445 nux.

284 2495 322 2556 Si
343 2497 450 2558 iocans
477 2508 530 2555 aut
550 2493 739 2557 indiscretus
771 2497 897 2558 occidat
927 2497 1110 2561 hominem.'

217 2577 414 2660 Quicunque
445 2577 611 2655 incautus,
650 2587 705 2639 ant
728 2578 940 2657 indiscretus,
977 2589 1033 2641 aut
1057 2577 1159 2639 iocari
1188 2597 1248 2642 vo-

130 2661 222 2739 lens,
254 2661 363 2720 autin
384 2659 596 2720 multitudiue
626 2661 849 2744 cuiuscunque
870 2662 918 2724 rei
940 2682 981 2722 ex
1003 2661 1178 2744 improviso
1199 2661 1248 2722 ic-

132 2754 202 2804 tum
230 2742 365 2804 noxium
389 2741 520 2804 mittens
545 2743 739 2825 percussisse
764 2754 859 2827 utque
885 2744 1039 2807 occidisse
1062 2743 1248 2827 quempiam

130 2826 298 2903 rideatur,
331 2846 406 2886 cum
426 2834 489 2886 aut
506 2835 702 2887 sacramento
729 2826 938 2889 eut.testibus
972 2825 1158 2888 convictum
1178 2827 1248 2888 fue·

130 2909 194 2986 rit,
233 2908 310 2989 quia
332 2906 366 2969 id
398 2905 552 2989 disposito
572 2907 711 2970 malitiae
733 2909 865 2993 spiritu,
895 2916 952 2970 aut
972 2909 1113 2971 nocendi
1132 2907 1247 2970 volun-

131 2998 195 3052 tate
223 2989 427 3053 commissum
450 2991 619 3068 nonfuit,
648 3013 713 3052 non
745 2992 878 3074 quidem
910 2991 972 3052 erit
995 3002 1165 3074 percussor
1191 2989 1245 3052 vel

130 3071 307 3135 homicidio
340 3071 486 3148 infamis,
515 3073 569 3134 rel
599 3084 700 3136 morte
729 3073 937 3136 damnabilis:
977 3073 1054 3156 quia
1082 3079 1247 3134 mortuum

131 3155 316 3217 voluntarie
339 3176 404 3216 uon
436 3154 563 3216 occidit.
606 3156 691 3233 Quia
721 3166 826 3218 temen
861 3155 1034 3218 indiscrete
1067 3155 1245 3238 percussit,

130 3259 192 3299 nec
223 3239 324 3300 vitare
359 3257 501 3298 caussam
528 3238 672 3317 studuit,
705 3240 818 3302 libram
847 3238 917 3299 auri
956 3237 1110 3322 proximis
1146 3235 1246 3299 occisi

129 3321 317 3466 persqqqere
345 3321 550 3404 procurabit,
587 3331 620 3384 et
642 3321 876 3406 quinquaginta
898 3319 1100 3406 flagellorum
1127 3310 1246 3383 iitihns

130 3423 216 3487 vepu
272 3403 307 3471 it.

412 3517 502 3586 Vlll.
551 3541 613 3582 rus.
654 3541 719 3586 ons.
760 3539 848 3586 acus.
888 3539 957 3586 nux.

214 3631 251 3697 Si
271 3632 341 3716 quis
367 3654 428 3716 per
447 3636 605 3695 incautam
626 3633 827 3720 disciplinam
849 3633 974 3696 occidat
994 3635 1161 3696 hominem.

162 3787 164 3792 ,
211 3716 450 3800 Quemcunque
472 3717 685 3799 discipulum,
712 3717 746 3777 in
769 3716 949 3799 patrocinio
971 3727 1026 3779 aut
1048 3717 1081 3778 in
1109 3714 1244 3778 servitio

129 3797 359 3877 constitutum,
381 3801 407 3860 si
434 3822 452 3859 a
476 3802 644 3896 magistro,
674 3807 810 3881 petrono
839 3799 893 3862 vel
916 3799 1045 3861 domino
1072 3799 1244 3880 incompe-

128 3879 210 3942 tenti
241 3889 274 3942 et
304 3881 477 3944 indiscreta
510 3883 681 3966 disciplina
709 3903 896 3967 percussum
927 3882 1058 3945 fortasse
1089 3881 1171 3941 mori
1201 3880 1242 3941 de

128 3961 258 4045 flagello
279 3963 463 4046 contingat,
495 3988 570 4028 cum
599 3965 681 4025 nihil
714 3966 771 4026 ille
798 3965 856 4046 qui
882 3965 979 4026 docet
1011 3973 1068 4025 aut
1089 3964 1243 4046 corripit,

127 4046 162 4105 iu
189 4045 278 4106 hunc
298 4044 440 4108 invidias
463 4058 519 4108 aut
538 4048 678 4110 malitiae
698 4047 863 4110 habuerit:
884 4047 941 4130 qui
960 4047 1113 4124 caecidit,
1135 4045 1244 4106 homi-

127 4127 214 4190 cidio
236 4149 298 4190 nce
327 4129 473 4192 infamari
500 4130 620 4212 poterit
637 4127 707 4191 'nec
736 4130 842 4212 affligi.
912 4132 997 4208 Quia
1027 4130 1157 4191 dicente
1178 4126 1242 4192 Dei

126 4233 215 4278 sacre
237 4210 412 4294 scripture:
444 4215 510 4292 Qui
533 4212 735 4296 disciplinam
744 4212 874 4292 abiicit,
902 4210 1019 4276 infelix
1042 4213 1113 4275 erit.
