<?xml version="1.0" encoding="UTF-8"?>
<!DOCTYPE html PUBLIC "-//W3C//DTD XHTML 1.0 Transitional//EN"
    "http://www.w3.org/TR/xhtml1/DTD/xhtml1-transitional.dtd">
<html xmlns="http://www.w3.org/1999/xhtml" xml:lang="en" lang="en">
 <head>
  <title>
</title>
<meta http-equiv="Content-Type" content="text/html;charset=utf-8" />
  <meta name='ocr-system' content='tesseract 3.04.00' />
  <meta name='ocr-capabilities' content='ocr_page ocr_carea ocr_par ocr_line ocrx_word'/>
</head>
<body>
  <div class='ocr_page' id='page_1' title='image "./corpusiurisgerm00visigoog_0035.png"; bbox 0 0 2648 4874; ppageno 0'>
   <div class='ocr_carea' id='block_1_1' title="bbox 73 232 1029 332">
    <p class='ocr_par' dir='ltr' id='par_1_1' title="bbox 73 232 1029 332">
     <span class='ocr_line' id='line_1_1' title="bbox 73 232 1029 332; baseline -0.006 -19"><span class='ocrx_word' id='word_1_1' title='bbox 73 323 77 332; x_wconf 51' lang='grc'>,</span> <span class='ocrx_word' id='word_1_2' title='bbox 135 232 212 313; x_wconf 78' lang='lat' dir='ltr'>ott</span> <span class='ocrx_word' id='word_1_3' title='bbox 330 251 434 312; x_wconf 80' lang='lat' dir='ltr'>tacis</span> <span class='ocrx_word' id='word_1_4' title='bbox 453 250 744 312; x_wconf 80' lang='lat' dir='ltr'>wtsicoruonuu</span> <span class='ocrx_word' id='word_1_5' title='bbox 762 253 827 310; x_wconf 82' lang='lat' dir='ltr'>nn.</span> <span class='ocrx_word' id='word_1_6' title='bbox 845 252 883 310; x_wconf 89' lang='lat' dir='ltr'>u.</span> <span class='ocrx_word' id='word_1_7' title='bbox 900 252 971 310; x_wconf 85' lang='lat' dir='ltr'>nr.</span> <span class='ocrx_word' id='word_1_8' title='bbox 989 251 1029 310; x_wconf 89' lang='lat'>11.</span> 
     </span>
    </p>
   </div>
   <div class='ocr_carea' id='block_1_2' title="bbox 135 391 1244 646">
    <p class='ocr_par' dir='ltr' id='par_1_2' title="bbox 135 391 1244 646">
     <span class='ocr_line' id='line_1_2' title="bbox 135 391 1244 482; baseline -0.007 -20"><span class='ocrx_word' id='word_1_9' title='bbox 135 391 278 482; x_wconf 72' lang='lat' dir='ltr'>idipsum</span> <span class='ocrx_word' id='word_1_10' title='bbox 299 395 488 460; x_wconf 79' lang='lat' dir='ltr'>&#39;elementiae</span> <span class='ocrx_word' id='word_1_11' title='bbox 510 413 586 458; x_wconf 79' lang='lat' dir='ltr'>anua</span> <span class='ocrx_word' id='word_1_12' title='bbox 604 395 768 460; x_wconf 77' lang='lat' dir='ltr'>auditibus</span> <span class='ocrx_word' id='word_1_13' title='bbox 790 393 941 460; x_wconf 77' lang='lat' dir='ltr'>intimare</span> <span class='ocrx_word' id='word_1_14' title='bbox 959 399 1137 478; x_wconf 74' lang='lat' dir='ltr'>procurata</span> <span class='ocrx_word' id='word_1_15' title='bbox 1164 412 1244 476; x_wconf 78' lang='lat' dir='ltr'>qun·</span> 
     </span>
     <span class='ocr_line' id='line_1_3' title="bbox 136 476 1243 562; baseline -0.001 -19"><span class='ocrx_word' id='word_1_16' title='bbox 136 481 214 545; x_wconf 82' lang='lat' dir='ltr'>iiten</span> <span class='ocrx_word' id='word_1_17' title='bbox 238 479 314 542; x_wconf 72' lang='lat' dir='ltr'>tto</span> <span class='ocrx_word' id='word_1_18' title='bbox 336 497 413 542; x_wconf 78' lang='lat' dir='ltr'>auae</span> <span class='ocrx_word' id='word_1_19' title='bbox 429 479 648 544; x_wconf 73' lang='lat' dir='ltr'>ataccnntem</span> <span class='ocrx_word' id='word_1_20' title='bbox 671 478 865 561; x_wconf 78' lang='lat' dir='ltr'>ostendens,</span> <span class='ocrx_word' id='word_1_21' title='bbox 885 477 983 544; x_wconf 84' lang='lat' dir='ltr'>huius</span> <span class='ocrx_word' id='word_1_22' title='bbox 1011 476 1093 562; x_wconf 80' lang='lat' dir='ltr'>tegis</span> <span class='ocrx_word' id='word_1_23' title='bbox 1112 485 1243 542; x_wconf 78' lang='lat' dir='ltr'>eonten-</span> 
     </span>
     <span class='ocr_line' id='line_1_4' title="bbox 135 561 867 646; baseline -0.012 -18"><span class='ocrx_word' id='word_1_24' title='bbox 135 561 371 628; x_wconf 75' lang='lat' dir='ltr'>nauantem</span> <span class='ocrx_word' id='word_1_25' title='bbox 391 561 502 646; x_wconf 84' lang='lat' dir='ltr'>possit.</span> <span class='ocrx_word' id='word_1_26' title='bbox 523 585 526 592; x_wconf 91' lang='grc'>·</span> <span class='ocrx_word' id='word_1_27' title='bbox 858 598 867 604; x_wconf 86' lang='grc'><strong>-</strong></span> 
     </span>
    </p>
   </div>
   <div class='ocr_carea' id='block_1_3' title="bbox 320 713 1057 794">
    <p class='ocr_par' dir='ltr' id='par_1_3' title="bbox 320 713 1057 794">
     <span class='ocr_line' id='line_1_5' title="bbox 320 713 1057 794; baseline 0 -10"><span class='ocrx_word' id='word_1_28' title='bbox 320 713 411 786; x_wconf 77' lang='lat' dir='ltr'>Tru.</span> <span class='ocrx_word' id='word_1_29' title='bbox 436 713 485 785; x_wconf 91' lang='lat'>11.</span> <span class='ocrx_word' id='word_1_30' title='bbox 526 715 604 794; x_wconf 65' lang='lat' dir='ltr'>‚De</span> <span class='ocrx_word' id='word_1_31' title='bbox 629 715 848 789; x_wconf 74' lang='lat' dir='ltr'>Caussarum</span> <span class='ocrx_word' id='word_1_32' title='bbox 871 713 1057 787; x_wconf 85' lang='lat' dir='ltr'>Exordiia.</span> 
     </span>
    </p>
   </div>
   <div class='ocr_carea' id='block_1_4' title="bbox 574 867 802 946">
    <p class='ocr_par' dir='ltr' id='par_1_4' title="bbox 574 867 802 946">
     <span class='ocr_line' id='line_1_6' title="bbox 574 867 802 946; baseline 0.009 -14"><span class='ocrx_word' id='word_1_33' title='bbox 574 869 602 932; x_wconf 87' lang='grc' dir='ltr'>Ι.</span> <span class='ocrx_word' id='word_1_34' title='bbox 643 867 802 946; x_wconf 78' lang='lat' dir='ltr'>Aarrous.</span> 
     </span>
    </p>
   </div>
   <div class='ocr_carea' id='block_1_5' title="bbox 131 980 1296 1567">
    <p class='ocr_par' dir='ltr' id='par_1_5' title="bbox 137 980 1241 1152">
     <span class='ocr_line' id='line_1_7' title="bbox 137 980 1241 1080; baseline -0.005 -32"><span class='ocrx_word' id='word_1_35' title='bbox 137 982 238 1080; x_wconf 69' lang='lat' dir='ltr'>puod</span> <span class='ocrx_word' id='word_1_36' title='bbox 261 984 368 1047; x_wconf 88' lang='lat' dir='ltr'>nullus</span> <span class='ocrx_word' id='word_1_37' title='bbox 395 1003 428 1045; x_wconf 91' lang='lat' dir='ltr'>se</span> <span class='ocrx_word' id='word_1_38' title='bbox 452 982 526 1047; x_wconf 82' lang='lat' dir='ltr'>ideo</span> <span class='ocrx_word' id='word_1_39' title='bbox 552 981 708 1065; x_wconf 82' lang='lat' dir='ltr'>denegare</span> <span class='ocrx_word' id='word_1_40' title='bbox 734 987 853 1072; x_wconf 82' lang='lat' dir='ltr'>poterit</span> <span class='ocrx_word' id='word_1_41' title='bbox 877 980 1070 1069; x_wconf 79' lang='lat' dir='ltr'>respondere</span> <span class='ocrx_word' id='word_1_42' title='bbox 1099 982 1241 1071; x_wconf 85' lang='lat' dir='ltr'>petenti,</span> 
     </span>
     <span class='ocr_line' id='line_1_8' title="bbox 228 1066 1150 1152; baseline 0.004 -25"><span class='ocrx_word' id='word_1_43' title='bbox 228 1089 325 1149; x_wconf 80' lang='lat' dir='ltr'>quare</span> <span class='ocrx_word' id='word_1_44' title='bbox 350 1087 492 1132; x_wconf 73' lang='lat' dir='ltr'>caussam</span> <span class='ocrx_word' id='word_1_45' title='bbox 518 1086 589 1128; x_wconf 90' lang='lat' dir='ltr'>cum</span> <span class='ocrx_word' id='word_1_46' title='bbox 612 1069 750 1152; x_wconf 86' lang='lat' dir='ltr'>petentis</span> <span class='ocrx_word' id='word_1_47' title='bbox 774 1080 902 1130; x_wconf 82' lang='lat' dir='ltr'>anctore</span> <span class='ocrx_word' id='word_1_48' title='bbox 924 1089 989 1129; x_wconf 89' lang='lat' dir='ltr'>non</span> <span class='ocrx_word' id='word_1_49' title='bbox 1014 1066 1150 1131; x_wconf 77' lang='lat' dir='ltr'>dixerit.</span> 
     </span>
    </p>

    <p class='ocr_par' dir='ltr' id='par_1_6' title="bbox 131 1149 1296 1567">
     <span class='ocr_line' id='line_1_9' title="bbox 215 1149 1296 1236; baseline 0.001 -23"><span class='ocrx_word' id='word_1_50' title='bbox 215 1151 243 1213; x_wconf 87' lang='lat' dir='ltr'>N</span> <span class='ocrx_word' id='word_1_51' title='bbox 248 1151 334 1210; x_wconf 81' lang='lat' dir='ltr'>nllus</span> <span class='ocrx_word' id='word_1_52' title='bbox 355 1169 583 1232; x_wconf 82' lang='lat' dir='ltr'><strong>quemcunque</strong></span> <span class='ocrx_word' id='word_1_53' title='bbox 604 1157 805 1232; x_wconf 81' lang='lat' dir='ltr'><strong>repetentem</strong></span> <span class='ocrx_word' id='word_1_54' title='bbox 823 1150 884 1224; x_wconf 84' lang='lat' dir='ltr'>hnc</span> <span class='ocrx_word' id='word_1_55' title='bbox 907 1149 1091 1212; x_wconf 86' lang='lat' dir='ltr'>obiectione</span> <span class='ocrx_word' id='word_1_56' title='bbox 1112 1173 1243 1236; x_wconf 84' lang='lat' dir='ltr'>ruspen-</span> <span class='ocrx_word' id='word_1_57' title='bbox 1289 1157 1296 1174; x_wconf 80' lang='lat'>⁸</span> 
     </span>
     <span class='ocr_line' id='line_1_10' title="bbox 133 1231 1240 1318; baseline 0.001 -22"><span class='ocrx_word' id='word_1_58' title='bbox 133 1231 210 1311; x_wconf 84' lang='lat' dir='ltr'>dat,</span> <span class='ocrx_word' id='word_1_59' title='bbox 231 1241 269 1294; x_wconf 89' lang='lat' dir='ltr'>nt</span> <span class='ocrx_word' id='word_1_60' title='bbox 295 1231 380 1295; x_wconf 85' lang='lat' dir='ltr'>dieat</span> <span class='ocrx_word' id='word_1_61' title='bbox 396 1231 528 1293; x_wconf 75' lang='lat' dir='ltr'>&#39;idcirco</span> <span class='ocrx_word' id='word_1_62' title='bbox 553 1251 586 1294; x_wconf 89' lang='lat' dir='ltr'>se</span> <span class='ocrx_word' id='word_1_63' title='bbox 609 1253 676 1293; x_wconf 89' lang='lat' dir='ltr'>non</span> <span class='ocrx_word' id='word_1_64' title='bbox 703 1253 795 1318; x_wconf 79' lang='lat' dir='ltr'>posue</span> <span class='ocrx_word' id='word_1_65' title='bbox 820 1233 860 1295; x_wconf 89' lang='lat' dir='ltr'>de</span> <span class='ocrx_word' id='word_1_66' title='bbox 882 1233 1014 1315; x_wconf 84' lang='lat' dir='ltr'>negotio</span> <span class='ocrx_word' id='word_1_67' title='bbox 1037 1239 1240 1314; x_wconf 80' lang='lat' dir='ltr'>convenire,</span> 
     </span>
     <span class='ocr_line' id='line_1_11' title="bbox 132 1312 1239 1397; baseline 0.001 -21"><span class='ocrx_word' id='word_1_68' title='bbox 132 1315 210 1397; x_wconf 84' lang='lat' dir='ltr'>quia</span> <span class='ocrx_word' id='word_1_69' title='bbox 235 1313 292 1376; x_wconf 88' lang='lat' dir='ltr'>ilie</span> <span class='ocrx_word' id='word_1_70' title='bbox 313 1312 371 1397; x_wconf 89' lang='lat' dir='ltr'>qni</span> <span class='ocrx_word' id='word_1_71' title='bbox 395 1314 512 1397; x_wconf 86' lang='lat' dir='ltr'>pulsat,</span> <span class='ocrx_word' id='word_1_72' title='bbox 531 1335 658 1376; x_wconf 88' lang='lat' dir='ltr'>causam</span> <span class='ocrx_word' id='word_1_73' title='bbox 677 1337 752 1377; x_wconf 88' lang='lat' dir='ltr'>cum</span> <span class='ocrx_word' id='word_1_74' title='bbox 776 1313 847 1378; x_wconf 85' lang='lat' dir='ltr'>eiua</span> <span class='ocrx_word' id='word_1_75' title='bbox 866 1325 997 1378; x_wconf 88' lang='lat' dir='ltr'>auctore</span> <span class='ocrx_word' id='word_1_76' title='bbox 1018 1335 1086 1377; x_wconf 91' lang='lat' dir='ltr'>non</span> <span class='ocrx_word' id='word_1_77' title='bbox 1110 1316 1239 1396; x_wconf 82' lang='lat' dir='ltr'>dixerit,</span> 
     </span>
     <span class='ocr_line' id='line_1_12' title="bbox 133 1395 1239 1486; baseline 0.006 -29"><span class='ocrx_word' id='word_1_78' title='bbox 133 1417 195 1459; x_wconf 89' lang='lat' dir='ltr'>nec</span> <span class='ocrx_word' id='word_1_79' title='bbox 220 1417 294 1458; x_wconf 87' lang='lat' dir='ltr'>eum</span> <span class='ocrx_word' id='word_1_80' title='bbox 320 1396 430 1478; x_wconf 82' lang='lat' dir='ltr'>aliqua</span> <span class='ocrx_word' id='word_1_81' title='bbox 455 1395 650 1480; x_wconf 82' lang='lat' dir='ltr'>repetitione</span> <span class='ocrx_word' id='word_1_82' title='bbox 683 1397 885 1484; x_wconf 75' lang='lat' dir='ltr'>pulsauerit,</span> <span class='ocrx_word' id='word_1_83' title='bbox 912 1405 1050 1484; x_wconf 83' lang='lat' dir='ltr'>exeepto</span> <span class='ocrx_word' id='word_1_84' title='bbox 1075 1397 1104 1461; x_wconf 88' lang='lat' dir='ltr'>ai</span> <span class='ocrx_word' id='word_1_85' title='bbox 1130 1398 1239 1486; x_wconf 82' lang='lat' dir='ltr'>legun</span> 
     </span>
     <span class='ocr_line' id='line_1_13' title="bbox 131 1477 673 1567; baseline 0 -24"><span class='ocrx_word' id='word_1_86' title='bbox 131 1486 275 1567; x_wconf 87' lang='lat' dir='ltr'>tempora</span> <span class='ocrx_word' id='word_1_87' title='bbox 287 1478 416 1547; x_wconf 76' lang='lat' dir='ltr'>obtiare</span> <span class='ocrx_word' id='word_1_88' title='bbox 437 1477 673 1543; x_wconf 76' lang='lat' dir='ltr'>monstraverit.</span> 
     </span>
    </p>
   </div>
   <div class='ocr_carea' id='block_1_6' title="bbox 480 1595 890 1665">
    <p class='ocr_par' dir='ltr' id='par_1_7' title="bbox 480 1595 890 1665">
     <span class='ocr_line' id='line_1_14' title="bbox 480 1595 890 1665; baseline 0 -5"><span class='ocrx_word' id='word_1_89' title='bbox 480 1595 527 1665; x_wconf 86' lang='lat'>11.</span> <span class='ocrx_word' id='word_1_90' title='bbox 587 1618 650 1664; x_wconf 77' lang='lat' dir='ltr'>rua.</span> <span class='ocrx_word' id='word_1_91' title='bbox 691 1617 779 1664; x_wconf 86' lang='lat' dir='ltr'>nens.</span> <span class='ocrx_word' id='word_1_92' title='bbox 819 1617 890 1662; x_wconf 83' lang='lat' dir='ltr'>anx.</span> 
     </span>
    </p>
   </div>
   <div class='ocr_carea' id='block_1_7' title="bbox 125 1707 1240 2952">
    <p class='ocr_par' dir='ltr' id='par_1_8' title="bbox 231 1707 1140 1781">
     <span class='ocr_line' id='line_1_15' title="bbox 231 1707 1140 1781; baseline 0.011 -10"><span class='ocrx_word' id='word_1_93' title='bbox 231 1709 274 1771; x_wconf 89' lang='lat' dir='ltr'>Ut</span> <span class='ocrx_word' id='word_1_94' title='bbox 295 1707 384 1772; x_wconf 81' lang='lat' dir='ltr'>nullo</span> <span class='ocrx_word' id='word_1_95' title='bbox 405 1709 568 1772; x_wconf 72' lang='lat' dir='ltr'>audiemm</span> <span class='ocrx_word' id='word_1_96' title='bbox 584 1710 722 1774; x_wconf 80' lang='lat' dir='ltr'>clamore</span> <span class='ocrx_word' id='word_1_97' title='bbox 746 1722 801 1774; x_wconf 84' lang='lat' dir='ltr'>aut</span> <span class='ocrx_word' id='word_1_98' title='bbox 825 1710 959 1774; x_wconf 77' lang='lat' dir='ltr'>tumultu</span> <span class='ocrx_word' id='word_1_99' title='bbox 985 1711 1140 1781; x_wconf 75' lang='lat' dir='ltr'>turbetur.</span> 
     </span>
    </p>

    <p class='ocr_par' dir='ltr' id='par_1_9' title="bbox 125 1791 1240 2952">
     <span class='ocr_line' id='line_1_16' title="bbox 210 1791 1237 1873; baseline 0.006 -19"><span class='ocrx_word' id='word_1_100' title='bbox 210 1791 387 1854; x_wconf 75' lang='lat' dir='ltr'>Audieutiu</span> <span class='ocrx_word' id='word_1_101' title='bbox 412 1813 478 1854; x_wconf 91' lang='lat' dir='ltr'>non</span> <span class='ocrx_word' id='word_1_102' title='bbox 501 1792 643 1856; x_wconf 84' lang='lat' dir='ltr'>tumultu</span> <span class='ocrx_word' id='word_1_103' title='bbox 671 1802 726 1854; x_wconf 85' lang='lat' dir='ltr'>aut</span> <span class='ocrx_word' id='word_1_104' title='bbox 749 1791 889 1856; x_wconf 88' lang='lat' dir='ltr'>clamore</span> <span class='ocrx_word' id='word_1_105' title='bbox 918 1793 1089 1873; x_wconf 80' lang='lat' dir='ltr'>turbetur,</span> <span class='ocrx_word' id='word_1_106' title='bbox 1116 1795 1176 1860; x_wconf 81' lang='lat' dir='ltr'>sed</span> <span class='ocrx_word' id='word_1_107' title='bbox 1202 1797 1237 1860; x_wconf 88' lang='lat' dir='ltr'>iu</span> 
     </span>
     <span class='ocr_line' id='line_1_17' title="bbox 128 1874 1240 1959; baseline 0.005 -23"><span class='ocrx_word' id='word_1_108' title='bbox 128 1883 220 1959; x_wconf 81' lang='lat' dir='ltr'>purte</span> <span class='ocrx_word' id='word_1_109' title='bbox 244 1874 357 1958; x_wconf 81' lang='lat' dir='ltr'>positis</span> <span class='ocrx_word' id='word_1_110' title='bbox 377 1874 435 1958; x_wconf 92' lang='lat' dir='ltr'>qui</span> <span class='ocrx_word' id='word_1_111' title='bbox 456 1897 599 1938; x_wconf 88' lang='lat' dir='ltr'>cunsaam</span> <span class='ocrx_word' id='word_1_112' title='bbox 623 1897 689 1936; x_wconf 90' lang='lat' dir='ltr'>non</span> <span class='ocrx_word' id='word_1_113' title='bbox 712 1875 843 1955; x_wconf 82' lang='lat' dir='ltr'>habent,</span> <span class='ocrx_word' id='word_1_114' title='bbox 865 1875 916 1939; x_wconf 87' lang='lat' dir='ltr'>itti</span> <span class='ocrx_word' id='word_1_115' title='bbox 935 1876 998 1939; x_wconf 86' lang='lat' dir='ltr'>soli</span> <span class='ocrx_word' id='word_1_116' title='bbox 1014 1877 1175 1941; x_wconf 78' lang='lat' dir='ltr'>iudiciuin</span> <span class='ocrx_word' id='word_1_117' title='bbox 1192 1880 1240 1942; x_wconf 88' lang='lat' dir='ltr'>in-</span> 
     </span>
     <span class='ocr_line' id='line_1_18' title="bbox 128 1957 1239 2041; baseline 0.005 -24"><span class='ocrx_word' id='word_1_118' title='bbox 128 1957 332 2041; x_wconf 81' lang='lat' dir='ltr'>grediantur,</span> <span class='ocrx_word' id='word_1_119' title='bbox 351 1977 433 2038; x_wconf 87' lang='lat' dir='ltr'>quoa</span> <span class='ocrx_word' id='word_1_120' title='bbox 453 1967 579 2020; x_wconf 83' lang='lat' dir='ltr'>oonstut</span> <span class='ocrx_word' id='word_1_121' title='bbox 600 1957 755 2021; x_wconf 86' lang='lat' dir='ltr'>interesse</span> <span class='ocrx_word' id='word_1_122' title='bbox 779 1958 909 2028; x_wconf 86' lang='lat' dir='ltr'>debere.</span> <span class='ocrx_word' id='word_1_123' title='bbox 939 1958 1055 2023; x_wconf 84' lang='lat' dir='ltr'>&#39;Iudex</span> <span class='ocrx_word' id='word_1_124' title='bbox 1083 1972 1191 2024; x_wconf 82' lang='lat' dir='ltr'>autem</span> <span class='ocrx_word' id='word_1_125' title='bbox 1212 1963 1239 2025; x_wconf 89' lang='lat' dir='ltr'>ai</span> 
     </span>
     <span class='ocr_line' id='line_1_19' title="bbox 128 2037 1238 2126; baseline 0.003 -22"><span class='ocrx_word' id='word_1_126' title='bbox 128 2041 268 2124; x_wconf 77' lang='lat' dir='ltr'>elegerit</span> <span class='ocrx_word' id='word_1_127' title='bbox 292 2039 457 2104; x_wconf 83' lang='lat' dir='ltr'>auditores</span> <span class='ocrx_word' id='word_1_128' title='bbox 483 2041 564 2103; x_wconf 86' lang='lat' dir='ltr'>alios</span> <span class='ocrx_word' id='word_1_129' title='bbox 594 2063 703 2105; x_wconf 86' lang='lat' dir='ltr'>aecum</span> <span class='ocrx_word' id='word_1_130' title='bbox 730 2037 798 2104; x_wconf 82' lang='lat' dir='ltr'>ease</span> <span class='ocrx_word' id='word_1_131' title='bbox 827 2051 1036 2126; x_wconf 82' lang='lat' dir='ltr'>praesentes,</span> <span class='ocrx_word' id='word_1_132' title='bbox 1068 2053 1127 2106; x_wconf 89' lang='lat' dir='ltr'>aut</span> <span class='ocrx_word' id='word_1_133' title='bbox 1154 2047 1238 2110; x_wconf 87' lang='lat' dir='ltr'>forte</span> 
     </span>
     <span class='ocr_line' id='line_1_20' title="bbox 128 2125 1237 2220; baseline 0.003 -34"><span class='ocrx_word' id='word_1_134' title='bbox 128 2143 292 2203; x_wconf 81' lang='lat' dir='ltr'>caussam,</span> <span class='ocrx_word' id='word_1_135' title='bbox 313 2143 397 2220; x_wconf 71' lang='lat' dir='ltr'>quae</span> <span class='ocrx_word' id='word_1_136' title='bbox 412 2125 617 2207; x_wconf 81' lang='lat' dir='ltr'>proponitur,</span> <span class='ocrx_word' id='word_1_137' title='bbox 645 2125 786 2187; x_wconf 84' lang='lat' dir='ltr'>cumeis</span> <span class='ocrx_word' id='word_1_138' title='bbox 807 2125 957 2187; x_wconf 85' lang='lat' dir='ltr'>conferre</span> <span class='ocrx_word' id='word_1_139' title='bbox 975 2125 1140 2205; x_wconf 75' lang='lat' dir='ltr'>uoluerit,</span> <span class='ocrx_word' id='word_1_140' title='bbox 1162 2149 1237 2190; x_wconf 81' lang='lat' dir='ltr'>anne</span> 
     </span>
     <span class='ocr_line' id='line_1_21' title="bbox 125 2205 1238 2289; baseline 0.002 -20"><span class='ocrx_word' id='word_1_141' title='bbox 125 2205 169 2269; x_wconf 85' lang='lat' dir='ltr'>ait</span> <span class='ocrx_word' id='word_1_142' title='bbox 188 2215 364 2289; x_wconf 77' lang='lat' dir='ltr'>potestant.</span> <span class='ocrx_word' id='word_1_143' title='bbox 412 2205 447 2266; x_wconf 87' lang='lat' dir='ltr'>Si</span> <span class='ocrx_word' id='word_1_144' title='bbox 471 2217 559 2269; x_wconf 88' lang='lat' dir='ltr'>certe</span> <span class='ocrx_word' id='word_1_145' title='bbox 587 2206 749 2285; x_wconf 83' lang='lat' dir='ltr'>noluerit,</span> <span class='ocrx_word' id='word_1_146' title='bbox 776 2207 887 2269; x_wconf 82' lang='lat' dir='ltr'>uultur</span> <span class='ocrx_word' id='word_1_147' title='bbox 913 2228 948 2269; x_wconf 86' lang='lat' dir='ltr'>se</span> <span class='ocrx_word' id='word_1_148' title='bbox 971 2205 1006 2268; x_wconf 88' lang='lat' dir='ltr'>in</span> <span class='ocrx_word' id='word_1_149' title='bbox 1039 2207 1238 2272; x_wconf 76' lang='lat' dir='ltr'>audientiam</span> 
     </span>
     <span class='ocr_line' id='line_1_22' title="bbox 126 2281 1237 2386; baseline 0.001 -34"><span class='ocrx_word' id='word_1_150' title='bbox 126 2288 265 2370; x_wconf 73' lang='lat' dir='ltr'>ingeret,</span> <span class='ocrx_word' id='word_1_151' title='bbox 286 2295 409 2371; x_wconf 87' lang='lat' dir='ltr'>partem</span> <span class='ocrx_word' id='word_1_152' title='bbox 427 2286 559 2351; x_wconf 86' lang='lat' dir='ltr'>alterius</span> <span class='ocrx_word' id='word_1_153' title='bbox 582 2281 776 2372; x_wconf 80' lang='lat' dir='ltr'>quacunque</span> <span class='ocrx_word' id='word_1_154' title='bbox 791 2288 1014 2386; x_wconf 76' lang='lat' dir='ltr'>superfluitate</span> <span class='ocrx_word' id='word_1_155' title='bbox 1034 2299 1090 2351; x_wconf 83' lang='lat' dir='ltr'>aut</span> <span class='ocrx_word' id='word_1_156' title='bbox 1107 2292 1237 2357; x_wconf 82' lang='lat' dir='ltr'>obiectu</span> 
     </span>
     <span class='ocr_line' id='line_1_23' title="bbox 126 2370 1235 2454; baseline 0.001 -21"><span class='ocrx_word' id='word_1_157' title='bbox 126 2371 394 2454; x_wconf 74' lang='lat' dir='ltr'>impugnaturus,</span> <span class='ocrx_word' id='word_1_158' title='bbox 415 2370 557 2451; x_wconf 84' lang='lat' dir='ltr'>qualitor</span> <span class='ocrx_word' id='word_1_159' title='bbox 575 2372 635 2432; x_wconf 89' lang='lat' dir='ltr'>uni</span> <span class='ocrx_word' id='word_1_160' title='bbox 654 2373 738 2454; x_wconf 89' lang='lat' dir='ltr'>parti</span> <span class='ocrx_word' id='word_1_161' title='bbox 757 2372 874 2434; x_wconf 80' lang='lat' dir='ltr'>nutriri</span> <span class='ocrx_word' id='word_1_162' title='bbox 924 2371 999 2434; x_wconf 85' lang='lat' dir='ltr'>oaait</span> <span class='ocrx_word' id='word_1_163' title='bbox 1025 2371 1235 2452; x_wconf 86' lang='lat' dir='ltr'>impedimen·</span> 
     </span>
     <span class='ocr_line' id='line_1_24' title="bbox 127 2395 1234 2536; baseline 0.004 -21"><span class='ocrx_word' id='word_1_164' title='bbox 127 2463 207 2517; x_wconf 87' lang='lat' dir='ltr'>tum.</span> <span class='ocrx_word' id='word_1_165' title='bbox 250 2452 348 2531; x_wconf 87' lang='lat' dir='ltr'>Quod</span> <span class='ocrx_word' id='word_1_166' title='bbox 365 2452 393 2514; x_wconf 88' lang='lat' dir='ltr'>ai</span> <span class='ocrx_word' id='word_1_167' title='bbox 412 2452 605 2514; x_wconf 87' lang='lat' dir='ltr'>ammonitus</span> <span class='ocrx_word' id='word_1_168' title='bbox 621 2453 792 2536; x_wconf 85' lang='lat' dir='ltr'>quiequam</span> <span class='ocrx_word' id='word_1_169' title='bbox 813 2477 832 2516; x_wconf 84' lang='lat' dir='ltr'>a</span> <span class='ocrx_word' id='word_1_170' title='bbox 858 2395 967 2516; x_wconf 72' lang='lat' dir='ltr'>inlice</span> <span class='ocrx_word' id='word_1_171' title='bbox 993 2455 1112 2534; x_wconf 85' lang='lat' dir='ltr'>fuerit,</span> <span class='ocrx_word' id='word_1_172' title='bbox 1142 2459 1234 2519; x_wconf 89' lang='lat' dir='ltr'>utin</span> 
     </span>
     <span class='ocr_line' id='line_1_25' title="bbox 126 2536 1237 2624; baseline 0.002 -24"><span class='ocrx_word' id='word_1_173' title='bbox 126 2555 238 2600; x_wconf 81' lang='lat' dir='ltr'>causan</span> <span class='ocrx_word' id='word_1_174' title='bbox 254 2542 369 2613; x_wconf 63' lang='lat' dir='ltr'>uocat,</span> <span class='ocrx_word' id='word_1_175' title='bbox 390 2555 427 2594; x_wconf 90' lang='lat' dir='ltr'>ac</span> <span class='ocrx_word' id='word_1_176' title='bbox 451 2543 612 2618; x_wconf 78' lang='lat' dir='ltr'>praestare</span> <span class='ocrx_word' id='word_1_177' title='bbox 631 2537 808 2602; x_wconf 73' lang='lat' dir='ltr'>nauseando</span> <span class='ocrx_word' id='word_1_178' title='bbox 830 2536 1044 2620; x_wconf 76' lang='lat' dir='ltr'>patrocinium</span> <span class='ocrx_word' id='word_1_179' title='bbox 1063 2559 1129 2598; x_wconf 90' lang='lat' dir='ltr'>non</span> <span class='ocrx_word' id='word_1_180' title='bbox 1146 2561 1237 2624; x_wconf 83' lang='lat' dir='ltr'>prae·</span> 
     </span>
     <span class='ocr_line' id='line_1_26' title="bbox 126 2617 1235 2702; baseline 0.004 -22"><span class='ocrx_word' id='word_1_181' title='bbox 126 2626 249 2696; x_wconf 81' lang='lat' dir='ltr'>sumat,</span> <span class='ocrx_word' id='word_1_182' title='bbox 284 2625 317 2680; x_wconf 88' lang='lat' dir='ltr'>et</span> <span class='ocrx_word' id='word_1_183' title='bbox 335 2637 435 2678; x_wconf 75' lang='lat' dir='ltr'>‚ausus</span> <span class='ocrx_word' id='word_1_184' title='bbox 457 2617 543 2678; x_wconf 85' lang='lat' dir='ltr'>ultra</span> <span class='ocrx_word' id='word_1_185' title='bbox 567 2617 667 2680; x_wconf 83' lang='lat' dir='ltr'>fuerit</span> <span class='ocrx_word' id='word_1_186' title='bbox 701 2619 785 2701; x_wconf 88' lang='lat' dir='ltr'>parti</span> <span class='ocrx_word' id='word_1_187' title='bbox 814 2619 987 2682; x_wconf 80' lang='lat' dir='ltr'>cuiuslibet</span> <span class='ocrx_word' id='word_1_188' title='bbox 1013 2623 1235 2702; x_wconf 83' lang='lat' dir='ltr'>patrocinari,</span> 
     </span>
     <span class='ocr_line' id='line_1_27' title="bbox 127 2698 1237 2784; baseline 0.004 -22"><span class='ocrx_word' id='word_1_189' title='bbox 127 2702 240 2764; x_wconf 84' lang='lat' dir='ltr'>decem</span> <span class='ocrx_word' id='word_1_190' title='bbox 262 2698 333 2762; x_wconf 88' lang='lat' dir='ltr'>auri</span> <span class='ocrx_word' id='word_1_191' title='bbox 354 2698 475 2762; x_wconf 85' lang='lat' dir='ltr'>solidos</span> <span class='ocrx_word' id='word_1_192' title='bbox 502 2699 609 2762; x_wconf 88' lang='lat' dir='ltr'>eidem</span> <span class='ocrx_word' id='word_1_193' title='bbox 636 2699 736 2764; x_wconf 85' lang='lat' dir='ltr'>indici</span> <span class='ocrx_word' id='word_1_194' title='bbox 764 2704 950 2784; x_wconf 84' lang='lat' dir='ltr'>profuturos</span> <span class='ocrx_word' id='word_1_195' title='bbox 976 2713 1104 2766; x_wconf 84' lang='lat' dir='ltr'>coactns</span> <span class='ocrx_word' id='word_1_196' title='bbox 1129 2705 1237 2766; x_wconf 85' lang='lat' dir='ltr'>exsol-</span> 
     </span>
     <span class='ocr_line' id='line_1_28' title="bbox 126 2781 1237 2866; baseline 0.002 -19"><span class='ocrx_word' id='word_1_197' title='bbox 126 2792 189 2851; x_wconf 86' lang='lat' dir='ltr'>rat.</span> <span class='ocrx_word' id='word_1_198' title='bbox 229 2783 304 2866; x_wconf 90' lang='lat' dir='ltr'>Ipse</span> <span class='ocrx_word' id='word_1_199' title='bbox 325 2803 404 2844; x_wconf 82' lang='lat' dir='ltr'>reno</span> <span class='ocrx_word' id='word_1_200' title='bbox 433 2781 467 2844; x_wconf 90' lang='lat' dir='ltr'>in</span> <span class='ocrx_word' id='word_1_201' title='bbox 489 2783 584 2846; x_wconf 84' lang='lat' dir='ltr'>nullo</span> <span class='ocrx_word' id='word_1_202' title='bbox 607 2785 766 2847; x_wconf 86' lang='lat' dir='ltr'>resultans</span> <span class='ocrx_word' id='word_1_203' title='bbox 790 2784 1023 2849; x_wconf 83' lang='lat' dir='ltr'>contumeliose</span> <span class='ocrx_word' id='word_1_204' title='bbox 1045 2785 1087 2848; x_wconf 87' lang='lat' dir='ltr'>de</span> <span class='ocrx_word' id='word_1_205' title='bbox 1113 2786 1237 2851; x_wconf 85' lang='lat' dir='ltr'>iudicio</span> 
     </span>
     <span class='ocr_line' id='line_1_29' title="bbox 125 2863 1234 2952; baseline 0.008 -24"><span class='ocrx_word' id='word_1_206' title='bbox 125 2863 293 2952; x_wconf 89' lang='lat' dir='ltr'>proiectus</span> <span class='ocrx_word' id='word_1_207' title='bbox 315 2864 475 2933; x_wconf 81' lang='lat' dir='ltr'>abscedat.</span> <span class='ocrx_word' id='word_1_208' title='bbox 1231 2895 1234 2904; x_wconf 86' lang='grc'><strong><em>’</em></strong></span> 
     </span>
    </p>
   </div>
   <div class='ocr_carea' id='block_1_8' title="bbox 125 2971 1236 3703">
    <p class='ocr_par' dir='ltr' id='par_1_10' title="bbox 125 2971 1236 3062">
     <span class='ocr_line' id='line_1_30' title="bbox 125 2971 1236 3062; baseline 0 -24"><span class='ocrx_word' id='word_1_209' title='bbox 125 2975 186 3040; x_wconf 88' lang='lat'>111.</span> <span class='ocrx_word' id='word_1_210' title='bbox 225 2973 267 3038; x_wconf 83' lang='lat' dir='ltr'>Ut</span> <span class='ocrx_word' id='word_1_211' title='bbox 288 2971 329 3036; x_wconf 81' lang='lat' dir='ltr'>de</span> <span class='ocrx_word' id='word_1_212' title='bbox 342 2972 491 3060; x_wconf 79' lang='lat' dir='ltr'>plurimis</span> <span class='ocrx_word' id='word_1_213' title='bbox 505 2973 716 3055; x_wconf 77' lang='lat' dir='ltr'>litigatoribus</span> <span class='ocrx_word' id='word_1_214' title='bbox 744 2972 808 3036; x_wconf 79' lang='lat' dir='ltr'>duo</span> <span class='ocrx_word' id='word_1_215' title='bbox 832 2974 997 3056; x_wconf 80' lang='lat' dir='ltr'>eligantur,</span> <span class='ocrx_word' id='word_1_216' title='bbox 1013 2976 1070 3062; x_wconf 66' lang='lat' dir='ltr'>oui</span> <span class='ocrx_word' id='word_1_217' title='bbox 1092 2987 1236 3062; x_wconf 82' lang='lat' dir='ltr'>suscepto</span> 
     </span>
    </p>

    <p class='ocr_par' dir='ltr' id='par_1_11' title="bbox 125 3055 1236 3703">
     <span class='ocr_line' id='line_1_31' title="bbox 459 3055 911 3141; baseline 0.004 -23"><span class='ocrx_word' id='word_1_218' title='bbox 459 3057 581 3120; x_wconf 85' lang='lat' dir='ltr'>valeant</span> <span class='ocrx_word' id='word_1_219' title='bbox 604 3055 759 3141; x_wconf 80' lang='lat' dir='ltr'>expedire</span> <span class='ocrx_word' id='word_1_220' title='bbox 778 3057 911 3138; x_wconf 82' lang='lat' dir='ltr'>negotio.</span> 
     </span>
     <span class='ocr_line' id='line_1_32' title="bbox 144 3136 1236 3224; baseline -0.004 -20"><span class='ocrx_word' id='word_1_221' title='bbox 144 3161 145 3168; x_wconf 55' lang='lat'>¹</span> <span class='ocrx_word' id='word_1_222' title='bbox 210 3139 247 3204; x_wconf 84' lang='lat' dir='ltr'>Si</span> <span class='ocrx_word' id='word_1_223' title='bbox 270 3159 344 3224; x_wconf 85' lang='lat' dir='ltr'>pura</span> <span class='ocrx_word' id='word_1_224' title='bbox 361 3139 617 3201; x_wconf 83' lang='lat' dir='ltr'>adversariorum</span> <span class='ocrx_word' id='word_1_225' title='bbox 637 3139 814 3222; x_wconf 77' lang='lat' dir='ltr'>litigatores</span> <span class='ocrx_word' id='word_1_226' title='bbox 832 3161 896 3200; x_wconf 88' lang='lat' dir='ltr'>una</span> <span class='ocrx_word' id='word_1_227' title='bbox 917 3138 1028 3221; x_wconf 85' lang='lat' dir='ltr'>piures</span> <span class='ocrx_word' id='word_1_228' title='bbox 1054 3136 1182 3215; x_wconf 87' lang='lat' dir='ltr'>habeat,</span> <span class='ocrx_word' id='word_1_229' title='bbox 1205 3144 1236 3200; x_wconf 89' lang='lat' dir='ltr'>ct</span> 
     </span>
     <span class='ocr_line' id='line_1_33' title="bbox 126 3220 1236 3308; baseline -0.005 -20"><span class='ocrx_word' id='word_1_230' title='bbox 126 3224 190 3292; x_wconf 78' lang='lat' dir='ltr'>alia</span> <span class='ocrx_word' id='word_1_231' title='bbox 209 3224 397 3308; x_wconf 86' lang='lat' dir='ltr'>paucioreas</span> <span class='ocrx_word' id='word_1_232' title='bbox 418 3220 589 3289; x_wconf 81' lang='lat' dir='ltr'>iudicantis</span> <span class='ocrx_word' id='word_1_233' title='bbox 611 3220 764 3284; x_wconf 85' lang='lat' dir='ltr'>intereos</span> <span class='ocrx_word' id='word_1_234' title='bbox 781 3223 845 3283; x_wconf 91' lang='lat' dir='ltr'>erit</span> <span class='ocrx_word' id='word_1_235' title='bbox 864 3220 1002 3299; x_wconf 87' lang='lat' dir='ltr'>electio,</span> <span class='ocrx_word' id='word_1_236' title='bbox 1023 3229 1059 3282; x_wconf 83' lang='lat' dir='ltr'>ut</span> <span class='ocrx_word' id='word_1_237' title='bbox 1079 3232 1236 3302; x_wconf 85' lang='lat' dir='ltr'>utraeque</span> 
     </span>
     <span class='ocr_line' id='line_1_34' title="bbox 125 3303 1236 3393; baseline -0.009 -21"><span class='ocrx_word' id='word_1_238' title='bbox 125 3317 232 3393; x_wconf 85' lang='lat' dir='ltr'>partes</span> <span class='ocrx_word' id='word_1_239' title='bbox 247 3307 471 3389; x_wconf 81' lang='lat' dir='ltr'>impugnantes</span> <span class='ocrx_word' id='word_1_240' title='bbox 496 3305 691 3366; x_wconf 85' lang='lat' dir='ltr'>seinvicem</span> <span class='ocrx_word' id='word_1_241' title='bbox 714 3305 853 3389; x_wconf 81' lang='lat' dir='ltr'>eligant,</span> <span class='ocrx_word' id='word_1_242' title='bbox 885 3304 943 3386; x_wconf 89' lang='lat' dir='ltr'>qni</span> <span class='ocrx_word' id='word_1_243' title='bbox 971 3325 1082 3368; x_wconf 88' lang='lat' dir='ltr'>eorum</span> <span class='ocrx_word' id='word_1_244' title='bbox 1106 3303 1236 3385; x_wconf 82' lang='lat' dir='ltr'>negotia</span> 
     </span>
     <span class='ocr_line' id='line_1_35' title="bbox 126 3385 1235 3470; baseline -0.01 -15"><span class='ocrx_word' id='word_1_245' title='bbox 126 3389 320 3469; x_wconf 70' lang='lat' dir='ltr'>suscipienti</span> <span class='ocrx_word' id='word_1_246' title='bbox 337 3385 415 3470; x_wconf 85' lang='lat' dir='ltr'>quia</span> <span class='ocrx_word' id='word_1_247' title='bbox 430 3407 540 3448; x_wconf 87' lang='lat' dir='ltr'>omnes</span> <span class='ocrx_word' id='word_1_248' title='bbox 554 3387 595 3448; x_wconf 87' lang='lat' dir='ltr'>ad</span> <span class='ocrx_word' id='word_1_249' title='bbox 613 3408 756 3449; x_wconf 86' lang='lat' dir='ltr'>caussam</span> <span class='ocrx_word' id='word_1_250' title='bbox 772 3387 940 3452; x_wconf 80' lang='lat' dir='ltr'>dicendum</span> <span class='ocrx_word' id='word_1_251' title='bbox 956 3408 1150 3468; x_wconf 79' lang='lat' dir='ltr'>consurgere</span> <span class='ocrx_word' id='word_1_252' title='bbox 1170 3407 1235 3445; x_wconf 89' lang='lat' dir='ltr'>non</span> 
     </span>
     <span class='ocr_line' id='line_1_36' title="bbox 127 3467 1236 3552; baseline -0.01 -15"><span class='ocrx_word' id='word_1_253' title='bbox 127 3473 303 3546; x_wconf 85' lang='lat' dir='ltr'>debebunt.</span> <span class='ocrx_word' id='word_1_254' title='bbox 353 3467 421 3530; x_wconf 80' lang='lat' dir='ltr'>Sed</span> <span class='ocrx_word' id='word_1_255' title='bbox 446 3477 484 3529; x_wconf 89' lang='lat' dir='ltr'>ut</span> <span class='ocrx_word' id='word_1_256' title='bbox 499 3469 639 3532; x_wconf 81' lang='lat' dir='ltr'>diximus</span> <span class='ocrx_word' id='word_1_257' title='bbox 665 3470 705 3534; x_wconf 82' lang='lat' dir='ltr'>ah</span> <span class='ocrx_word' id='word_1_258' title='bbox 726 3479 862 3552; x_wconf 89' lang='lat' dir='ltr'>utraque</span> <span class='ocrx_word' id='word_1_259' title='bbox 886 3477 976 3551; x_wconf 81' lang='lat' dir='ltr'>purte</span> <span class='ocrx_word' id='word_1_260' title='bbox 999 3469 1100 3530; x_wconf 85' lang='lat' dir='ltr'>electi</span> <span class='ocrx_word' id='word_1_261' title='bbox 1122 3468 1155 3528; x_wconf 91' lang='lat' dir='ltr'>in</span> <span class='ocrx_word' id='word_1_262' title='bbox 1184 3467 1236 3528; x_wconf 87' lang='lat' dir='ltr'>iu-</span> 
     </span>
     <span class='ocr_line' id='line_1_37' title="bbox 126 3550 1235 3638; baseline -0.004 -22"><span class='ocrx_word' id='word_1_263' title='bbox 126 3555 212 3616; x_wconf 84' lang='lat' dir='ltr'>dicio</span> <span class='ocrx_word' id='word_1_264' title='bbox 236 3550 479 3636; x_wconf 80' lang='lat' dir='ltr'>ingrediuntur,</span> <span class='ocrx_word' id='word_1_265' title='bbox 510 3553 660 3614; x_wconf 85' lang='lat' dir='ltr'>utnulla</span> <span class='ocrx_word' id='word_1_266' title='bbox 682 3574 755 3638; x_wconf 85' lang='lat' dir='ltr'>pars</span> <span class='ocrx_word' id='word_1_267' title='bbox 775 3553 952 3630; x_wconf 78' lang='lat' dir='ltr'>multorum</span> <span class='ocrx_word' id='word_1_268' title='bbox 974 3550 1155 3616; x_wconf 87' lang='lat' dir='ltr'>intentione</span> <span class='ocrx_word' id='word_1_269' title='bbox 1180 3558 1235 3612; x_wconf 89' lang='lat' dir='ltr'>aut</span> 
     </span>
     <span class='ocr_line' id='line_1_38' title="bbox 127 3634 454 3703; baseline -0.028 0"><span class='ocrx_word' id='word_1_270' title='bbox 127 3639 267 3703; x_wconf 82' lang='lat' dir='ltr'>clamore</span> <span class='ocrx_word' id='word_1_271' title='bbox 295 3634 454 3696; x_wconf 85' lang='lat' dir='ltr'>turbetur.</span> 
     </span>
    </p>
   </div>
   <div class='ocr_carea' id='block_1_9' title="bbox 415 3743 945 3816">
    <p class='ocr_par' dir='ltr' id='par_1_12' title="bbox 415 3743 945 3816">
     <span class='ocr_line' id='line_1_39' title="bbox 415 3743 945 3816; baseline 0.006 -6"><span class='ocrx_word' id='word_1_272' title='bbox 415 3743 477 3810; x_wconf 84' lang='grc' dir='ltr'>Ν.</span> <span class='ocrx_word' id='word_1_273' title='bbox 538 3769 602 3811; x_wconf 81' lang='lat' dir='ltr'>rna.</span> <span class='ocrx_word' id='word_1_274' title='bbox 643 3769 707 3811; x_wconf 81' lang='lat' dir='ltr'>nus.</span> <span class='ocrx_word' id='word_1_275' title='bbox 748 3769 835 3813; x_wconf 14' lang='lat' dir='ltr'>cenis.</span> <span class='ocrx_word' id='word_1_276' title='bbox 876 3771 945 3816; x_wconf 82' lang='lat' dir='ltr'>nex.</span> 
     </span>
    </p>
   </div>
   <div class='ocr_carea' id='block_1_10' title="bbox 127 3854 1267 4284">
    <p class='ocr_par' dir='ltr' id='par_1_13' title="bbox 127 3854 1235 4101">
     <span class='ocr_line' id='line_1_40' title="bbox 131 3854 1234 3952; baseline -0.007 -22"><span class='ocrx_word' id='word_1_277' title='bbox 131 3867 301 3946; x_wconf 60' lang='lat' dir='ltr'>Utptttbae-</span> <span class='ocrx_word' id='word_1_278' title='bbox 315 3879 423 3952; x_wconf 84' lang='lat' dir='ltr'>portes</span> <span class='ocrx_word' id='word_1_279' title='bbox 446 3865 656 3927; x_wconf 74' lang='lat' dir='ltr'>nauseantium</span> <span class='ocrx_word' id='word_1_280' title='bbox 674 3889 694 3926; x_wconf 87' lang='lat' dir='ltr'>o</span> <span class='ocrx_word' id='word_1_281' title='bbox 712 3863 816 3926; x_wconf 79' lang='lat' dir='ltr'>inclite</span> <span class='ocrx_word' id='word_1_282' title='bbox 834 3865 889 3926; x_wconf 84' lang='lat' dir='ltr'>vel</span> <span class='ocrx_word' id='word_1_283' title='bbox 907 3867 1015 3926; x_wconf 79' lang='lat' dir='ltr'>scaione</span> <span class='ocrx_word' id='word_1_284' title='bbox 1030 3854 1149 3946; x_wconf 80' lang='lat' dir='ltr'>plaiito</span> <span class='ocrx_word' id='word_1_285' title='bbox 1165 3861 1234 3924; x_wconf 84' lang='lat' dir='ltr'>olis-</span> 
     </span>
     <span class='ocr_line' id='line_1_41' title="bbox 127 3945 1235 4041; baseline -0.005 -29"><span class='ocrx_word' id='word_1_286' title='bbox 127 3945 324 4041; x_wconf 56' lang='lat' dir='ltr'>trJittgontnr,</span> <span class='ocrx_word' id='word_1_287' title='bbox 348 3969 409 4032; x_wconf 79' lang='lat' dir='ltr'>quo</span> <span class='ocrx_word' id='word_1_288' title='bbox 435 3949 559 4032; x_wconf 81' lang='lat' dir='ltr'>possint</span> <span class='ocrx_word' id='word_1_289' title='bbox 587 3947 633 4008; x_wconf 84' lang='lat' dir='ltr'>acl</span> <span class='ocrx_word' id='word_1_290' title='bbox 654 3947 907 4032; x_wconf 80' lang='lat' dir='ltr'>prosequendum</span> <span class='ocrx_word' id='word_1_291' title='bbox 933 3949 1090 4030; x_wconf 78' lang='lat' dir='ltr'>negotium</span> <span class='ocrx_word' id='word_1_292' title='bbox 1110 3947 1235 4032; x_wconf 81' lang='lat' dir='ltr'>pariter</span> 
     </span>
     <span class='ocr_line' id='line_1_42' title="bbox 134 4047 764 4101; baseline -0.014 -3"><span class='ocrx_word' id='word_1_293' title='bbox 134 4047 136 4051; x_wconf 80' lang='grc'><strong>’</strong></span> <span class='ocrx_word' id='word_1_294' title='bbox 250 4093 254 4101; x_wconf 91' lang='grc'><em>,</em></span> <span class='ocrx_word' id='word_1_295' title='bbox 280 4070 302 4098; x_wconf 73' lang='lat' dir='ltr'>s</span> <span class='ocrx_word' id='word_1_296' title='bbox 512 4049 515 4059; x_wconf 93' lang='grc'><strong><em>·</em></strong></span> <span class='ocrx_word' id='word_1_297' title='bbox 587 4050 764 4096; x_wconf 81' lang='lat' dir='ltr'>conventre.</span> 
     </span>
    </p>

    <p class='ocr_par' dir='ltr' id='par_1_14' title="bbox 127 4103 1267 4284">
     <span class='ocr_line' id='line_1_43' title="bbox 210 4103 1267 4198; baseline -0.004 -24"><span class='ocrx_word' id='word_1_298' title='bbox 210 4103 316 4198; x_wconf 72' lang='lat' dir='ltr'>Saepe</span> <span class='ocrx_word' id='word_1_299' title='bbox 342 4110 539 4196; x_wconf 67' lang='lat' dir='ltr'>negligentia</span> <span class='ocrx_word' id='word_1_300' title='bbox 568 4111 712 4173; x_wconf 88' lang='lat' dir='ltr'>iudicum</span> <span class='ocrx_word' id='word_1_301' title='bbox 735 4109 1071 4189; x_wconf 63' lang='lat' dir='ltr'>relationum911um</span> <span class='ocrx_word' id='word_1_302' title='bbox 1098 4111 1235 4174; x_wconf 72' lang='lat' dir='ltr'>dirimunt</span> <span class='ocrx_word' id='word_1_303' title='bbox 1265 4137 1267 4142; x_wconf 88' lang='lat'><em>·</em></span> 
     </span>
     <span class='ocr_line' id='line_1_44' title="bbox 127 4192 1233 4284; baseline -0.005 -24"><span class='ocrx_word' id='word_1_304' title='bbox 127 4200 267 4284; x_wconf 81' lang='lat' dir='ltr'>partium</span> <span class='ocrx_word' id='word_1_305' title='bbox 289 4223 333 4283; x_wconf 77' lang='lat' dir='ltr'>sp·</span> <span class='ocrx_word' id='word_1_306' title='bbox 348 4196 418 4259; x_wconf 72' lang='lat' dir='ltr'>nsio</span> <span class='ocrx_word' id='word_1_307' title='bbox 444 4218 510 4258; x_wconf 86' lang='lat' dir='ltr'>non</span> <span class='ocrx_word' id='word_1_308' title='bbox 533 4192 683 4280; x_wconf 78' lang='lat' dir='ltr'>exigitur,</span> <span class='ocrx_word' id='word_1_309' title='bbox 706 4217 863 4280; x_wconf 80' lang='lat' dir='ltr'>unapars</span> <span class='ocrx_word' id='word_1_310' title='bbox 885 4193 1048 4280; x_wconf 84' lang='lat' dir='ltr'>superflue</span> <span class='ocrx_word' id='word_1_311' title='bbox 1070 4217 1233 4258; x_wconf 77' lang='lat' dir='ltr'>convexu-</span> 
     </span>
    </p>
   </div>
   <div class='ocr_carea' id='block_1_11' title="bbox 0 0 1328 4874">
    <p class='ocr_par' dir='ltr' id='par_1_15' title="bbox 0 0 1328 4874">
     <span class='ocr_line' id='line_1_45' title="bbox 0 0 1328 4874; baseline 0 0"><span class='ocrx_word' id='word_1_312' title='bbox 0 0 1328 4874; x_wconf 95' lang='lat' dir='ltr'> </span> 
     </span>
    </p>
   </div>
  </div>
 </body>
</html>
