2632 4822
111 179 184 258 736
486 191 652 248 nnmrun
675 193 854 251 nornsns

112 349 147 407 et
167 337 312 404 medium
338 334 381 412 ei,
408 330 463 396 cui
491 332 611 396 iniuria
637 333 728 396 illuto
754 331 863 401 fuerit.
905 333 1000 398 Servi
1029 334 1142 414 enim,
1178 333 1235 420 qu't

111 444 188 492 oum
209 424 280 508 ipso
301 417 426 482 fuerint
440 439 482 480 ex
504 417 618 479 eodem
639 417 792 496 concilio,
813 417 1039 500 uuusquisque
1061 430 1236 501 componat

109 509 233 572 solidos
257 506 323 568 XL.
344 507 388 576 o)
415 501 560 564 medium
584 501 676 584 Regi,
698 509 731 561 et
754 501 897 563 medium
921 501 975 562 cui
1001 503 1123 562 iniuria
1146 504 1236 564 iliata

110 591 221 654 fuerit.
262 589 307 650 Et
327 585 353 648 si
383 582 468 645 liber
490 583 586 644 homo
617 584 651 644 iu
680 584 783 667 cupite
811 605 876 644 non
908 585 1029 664 fuerit,
1058 585 1117 646 ille
1147 588 1236 668 prior

109 695 236 756 servus,
259 669 317 754 qui
342 688 396 729 eos
422 667 597 744 conduxit,
620 666 791 739 murittum
815 666 898 728 servi
922 689 998 728 vero
1020 667 1157 750 reliqui,
1180 670 1235 751 qui

108 779 185 821 cum
207 777 247 818 eo
267 752 403 829 t'uem'nt,
425 771 466 812 ex
483 751 597 812 eodem
619 751 772 828 concilio,
795 751 1019 834 unnsquisque
1037 772 1153 812 servus
1174 755 1234 818 XL.

108 840 230 906 solidos
253 859 313 922 pro
340 856 379 894 eo
412 841 601 916 componat,
632 833 777 896 medium
806 835 915 916 Regi,
944 845 976 896 et
1005 833 1153 896 medium
1183 837 1235 896 cui

108 925 231 988 molum
253 918 380 982 t'ecerit.
466 917 492 978 l.
520 938 564 996 ¹7·
587 937 616 982 a.

180 1023 264 1059 rouu.
302 1005 381 1054 Putre
403 1007 432 1054 te
457 999 580 1070 appellat
617 998 767 1061 Martinus,
813 997 868 1052 uod
896 998 964 1052 servi
986 998 1022 1052 de
1049 999 1165 1074 Aquino
1190 1017 1235 1072 per

108 1076 261 1132 consitium
279 1075 452 1128 intraverunt
468 1085 549 1140 super
568 1085 630 1120 eum
655 1069 684 1121 iu
709 1068 771 1120 vico
793 1015 830 1119 ze
850 1071 986 1124 Palaestino
1010 1071 1046 1124 sd
1069 1074 1176 1124 matum
1198 1073 1236 1123 ta*

109 1147 261 1208 ciendum,
282 1153 310 1197 et
328 1149 358 1194 tu
376 1139 452 1192 fuisti
474 1139 503 1192 iu
527 1138 588 1192 vico
606 1141 658 1192 tali
686 1155 748 1192 cum
766 1138 831 1191 iltis.

182 1217 278 1278 Petre,
305 1221 335 1266 te
354 1210 476 1282 appellat
494 1209 639 1275 Martinus,
659 1208 736 1278 quod
756 1210 826 1262 servi
849 1208 884 1262 de
904 1207 998 1262 Gabiis
1016 1227 1066 1280 per
1085 1210 1234 1264 concilium

109 1287 284 1358 intraverupt
302 1300 382 1352 super
401 1279 515 1333 eumad
535 1280 637 1331 malum
658 1279 815 1332 faciendum
833 1289 861 1333 et
876 1281 1002 1332 Donatus
1020 1280 1075 1336 fuit
1091 1281 1235 1352 incapite,

111 1367 142 1414 et
158 1355 259 1411 Patrius
276 1363 341 1407 tuus
367 1369 458 1406 servus
477 1349 530 1404 tuit
549 1352 613 1403 euui
631 1350 697 1416 iltis,
717 1358 766 1402 out
785 1350 838 1402 suit
861 1350 891 1401 in
917 1350 1017 1422 eapite.

198 1455 414 1524 CCLxxxv.
455 1451 491 1514 si
511 1473 570 1550 pro
602 1473 808 1535 quacumque
831 1473 939 1516 caussa
969 1452 1120 1518 homines
1141 1453 1234 1515 rusti-

113 1541 188 1610 cani
210 1563 244 1606 se
266 1537 480 1622 collegerint,
510 1536 544 1598 td
580 1547 628 1598 ost
656 1535 835 1598 concilium
869 1543 901 1597 et
929 1537 1108 1600 seditiones
1130 1539 1235 1598 facere

111 1621 377 1716 praesumserint,
401 1628 433 1681 et
455 1619 649 1702 cuicumque
670 1641 705 1680 se
731 1618 996 1701 anteposuerint,
1024 1629 1081 1681 aut
1114 1620 1237 1681 manci-

113 1712 226 1797 pium,
247 1713 303 1768 aut
329 1703 497 1788 peculium
519 1703 559 1765 de
580 1723 678 1762 mauu
698 1701 856 1780 tulerint,
879 1702 967 1786 quod
989 1703 1030 1764 de
1054 1725 1128 1764 casa
1152 1700 1236 1766 servi

113 1793 166 1857 sni
188 1789 348 1854 Dominus
370 1787 486 1848 toilere
510 1785 661 1863 voluerit,
690 1795 771 1848 tunc
796 1785 865 1863 iile,
893 1784 952 1867 qui
983 1788 1018 1846 in
1044 1788 1152 1870 capite
1173 1788 1238 1846 fue·

113 1871 218 1941 ritca
245 1870 322 1956 ipsis
346 1868 493 1948 rusticis,
517 1869 693 1940 moriatur;
730 1876 785 1929 aut
806 1870 945 1928 enimam
974 1889 1064 1929 snam
1089 1870 1238 1946 redimat,

142 1966 276 2020 uantum
289 1953 487 2036 appretiatus
502 1951 622 2014 fuerits
646 1961 678 2014 et
696 1951 918 2034 uuusquisque
934 1953 991 2033 qui
1014 1951 1049 2011 in
1069 1952 1172 2035 ipsam
1190 1973 1239 2014 se-

115 1981 277 2108 iitiouem
302 2035 485 2100 cucurrerit
509 2035 550 2098 ad
581 2037 701 2096 malurn
727 2035 932 2112 faciendum,
963 2046 1137 2118 componat
1160 2035 1239 2098 soti-

117 2126 176 2194 dos
200 2118 282 2188 XII.
325 2117 470 2182 medium
490 2115 583 2201 Regi,
612 2129 645 2181 et
668 2117 810 2180 medium
828 2118 882 2178 cui
910 2117 1030 2178 iniuria
1053 2120 1144 2190 illata
1165 2121 1240 2180 fue·

117 2209 180 2285 rit,
202 2216 259 2268 aut
285 2224 319 2268 se
344 2211 543 2285 anteponere
570 2201 808 2284 praesumserit.
848 2202 890 2262 Et
919 2200 947 2262 si
972 2200 1050 2278 itte,
1079 2203 1138 2283 qui
1169 2222 1240 2262 rem

117 2313 208 2357 suam
230 2305 398 2374 quaerere,
420 2291 474 2345 aut
496 2283 626 2367 exigere
647 2285 814 2362 videatur,
841 2284 880 2344 ab
902 2283 979 2366 ipsis
1007 2285 1138 2347 rusticis
1158 2283 1240 2345 feri-

117 2379 185 2453 tas,
209 2382 265 2437 aut
285 2370 393 2453 plagas
417 2369 517 2430 factas
542 2367 701 2445 habuerit,
727 2368 812 2428 sicut
832 2366 983 2450 superius
1005 2377 1158 2429 statutum
1180 2374 1238 2444 est,

119 2457 151 2522 ei
175 2462 397 2538 componatur.
438 2451 519 2512 Nam
540 2471 599 2534 pro
617 2450 853 2533 praesumtione
881 2458 1007 2511 tuntum
1028 2473 1164 2534 poenum
1184 2472 1239 2509 su-

119 2537 334 2624 prascriptam
358 2531 508 2618 patiatur.
552 2535 595 2595 Et
610 2535 636 2596 si
662 2533 780 2614 aliquis
800 2553 841 2593 ex
863 2533 940 2616 ipsis
959 2535 1088 2596 rusticis
1114 2533 1241 2595 occisus

119 2621 244 2698 fuerit,
263 2640 331 2682 non
362 2617 570 2700 requiratur;
601 2616 677 2699 quia
708 2618 785 2693 ille,
812 2615 870 2698 qui
901 2637 974 2677 eum
1002 2617 1182 2693 occiderit,
1208 2635 1241 2676 se

119 2701 343 2777 defendendo,
366 2709 399 2760 et
423 2721 474 2760 res
493 2722 566 2762 suas
583 2699 780 2760 vindicando
801 2697 864 2759 hoc
889 2699 999 2779 egerit.
1045 2699 1070 2760 1.
1099 2722 1145 2779 ¹7·
1168 2703 1198 2763 5.

190 2803 270 2841 ronn.
309 2783 389 2838 Petre
403 2788 433 2834 te
454 2784 576 2854 appellat
589 2782 740 2844 Martinus,
760 2781 835 2851 quod
849 2780 950 2834 Viltsui
971 2780 1005 2832 de
1024 2780 1124 2832 Ulibris
1143 2799 1173 2834 se
1193 2781 1244 2833 ad-

120 2863 277 2912 unaverunt
294 2871 342 2924 per
360 2851 526 2916 concilium,
546 2862 579 2924 et⁴
591 2871 672 2922 super
690 2871 753 2906 eum
770 2859 904 2905 venerunt
919 2851 948 2900 in
965 2850 1056 2902 vicum
1075 2852 1181 2912 tatem,
1212 2859 1243 2904 et

119 2929 246 2982 tulerunt
264 2923 315 2975 sihi
334 2939 420 2974 unum
437 2923 604 2992 mancipium
623 2923 658 2974 de
676 2941 778 2984 mauu,
799 2930 848 2974 aut
872 2921 986 2983 bovem,
1016 2937 1098 2990 quem
1122 2919 1243 2972 volebat

119 2999 221 3052 tollere
240 3015 254 3044 a
266 2995 301 3046 de
321 3007 405 3046 ossas
432 2990 475 3044 sui
493 2993 582 3060 servi3
611 3001 639 3045 et
655 3000 686 3044 tu
709 2993 784 3045 suisti
801 2991 830 3042 in
850 2991 938 3062 capite
956 3005 1018 3042 curn
1034 2989 1101 3054 illis,
1119 2999 1169 3044 aut
1189 3005 1242 3044 cu·

121 3065 230 3127 esuristi
246 3067 277 3118 in
293 3064 381 3136 ipsam
398 3061 561 3114 seditionem
580 3063 615 3115 acl
632 3063 734 3114 malurn
751 3061 917 3114 faciendum.

192 3139 272 3192 Petre
289 3145 319 3188 te
338 3132 461 3203 appellat
479 3133 623 3194 Martinus,
644 3133 720 3202 quod
738 3140 769 3184 tu
787 3131 912 3184 occidisti
930 3130 1069 3184 Donatum
1087 3147 1169 3183 suum
1186 3149 1245 3186 ser·

121 3227 197 3266 vum.
235 3208 297 3260 Nou
315 3203 416 3266 occidi,
436 3203 513 3273 quod
531 3221 579 3274 per
595 3205 684 3269 legem
703 3204 847 3256 emendare
866 3201 992 3254 debeam.

208 3273 453 3342 CCLXXXVI.
496 3275 531 3336 si
551 3273 624 3356 quis
649 3277 688 3335 de
707 3273 846 3356 lignario
871 3273 1006 3334 atterius
1031 3269 1158 3353 lignum
1186 3272 1244 3333 fu·

122 3372 212 3425 retus
235 3360 352 3436 fuerit,
385 3366 556 3440 componat
583 3356 625 3437 ei,
651 3356 743 3423 cuius
778 3355 954 3440 lignarium
981 3354 1100 3434 fuerit,
1121 3353 1244 3416 solidos

124 3445 185 3511 Vl·
209 3440 463 3590 (ἶῦἱΧαὶέΧῖἶόΠ.
505 3521 539 3583 Si
563 3520 636 3605 quis
658 3519 698 3584 de
725 3541 797 3582 caso
823 3528 930 3582 erecta
958 3519 1086 3602 lignum
1109 3517 1245 3602 quodli-

123 3611 191 3692 het,
213 3619 270 3678 out
289 3605 453 3672 scindulas
463 3610 509 3693 p)
539 3607 663 3668 foratus
684 3603 804 3682 fuerit,
837 3613 1010 3687 componat
1033 3603 1155 3666 solidos
1186 3601 1244 3670 VI.

126 3697 152 3764 I·
175 3695 490 3839 25ὲὸἷΧΧΧῚΙΙΙΙ.
532 3769 566 3832 si
584 3769 656 3853 quis
677 3769 716 3832 de
736 3768 913 3851 lignamine
932 3769 1074 3832 astuusto
1089 3767 1121 3829 in
1143 3761 1248 3831 Curte'

124 3870 181 3932 ant
201 3859 238 3922 iu
263 3859 369 3943 platea
402 3856 443 3916 ad
471 3876 575 3917 casam
604 3852 787 3916 faciendam
813 3853 940 3936 liguum
970 3853 1094 3914 furatus
1113 3853 1246 3934 afuerit,

132 4009 502 4033 Μ...-

138 4148 140 4157 ,
188 4104 227 4173 o)
243 4101 295 4154 Ue.
314 4097 384 4152 cod.
404 4077 594 4165 unusquisqne
614 4094 693 4146 euius
711 4092 910 4163 servnssnerit
926 4091 985 4150 XL.
1007 4090 1113 4146 solidos
1132 4112 1186 4166 pro
1213 4049 1246 4148 eo

122 4174 282 4255 'componun
351 4168 383 4239 p)
401 4167 444 4222 Al.
463 4163 549 4248 C⁰ddt
568 4162 729 4234 n'ndn'lam5
749 4163 902 4232 scandulo;
926 4161 1087 4224 scandulas.

369 4335 411 4356 vs.

377 4364 406 4396 «t
