<?xml version="1.0" encoding="UTF-8"?>
<!DOCTYPE html PUBLIC "-//W3C//DTD XHTML 1.0 Transitional//EN"
    "http://www.w3.org/TR/xhtml1/DTD/xhtml1-transitional.dtd">
<html xmlns="http://www.w3.org/1999/xhtml" xml:lang="en" lang="en">
 <head>
  <title>
</title>
<meta http-equiv="Content-Type" content="text/html;charset=utf-8" />
  <meta name='ocr-system' content='tesseract 3.04.00' />
  <meta name='ocr-capabilities' content='ocr_page ocr_carea ocr_par ocr_line ocrx_word'/>
</head>
<body>
  <div class='ocr_page' id='page_1' title='image "./corpusiurisgerm00visigoog_0393.png"; bbox 0 0 2632 4822; ppageno 0'>
   <div class='ocr_carea' id='block_1_1' title="bbox 85 217 922 312">
    <p class='ocr_par' dir='ltr' id='par_1_1' title="bbox 85 217 922 312">
     <span class='ocr_line' id='line_1_1' title="bbox 85 217 922 312; baseline -0.005 -18"><span class='ocrx_word' id='word_1_1' title='bbox 85 217 162 294; x_wconf 91' lang='grc'>800</span> <span class='ocrx_word' id='word_1_2' title='bbox 252 303 255 312; x_wconf 16' lang='grc'><strong><em>1</em></strong></span> <span class='ocrx_word' id='word_1_3' title='bbox 362 231 585 288; x_wconf 75' lang='lat' dir='ltr'>marsanam</span> <span class='ocrx_word' id='word_1_4' title='bbox 621 233 750 290; x_wconf 73' lang='lat' dir='ltr'>secun</span> <span class='ocrx_word' id='word_1_5' title='bbox 785 235 851 290; x_wconf 81' lang='lat' dir='ltr'>nm.</span> <span class='ocrx_word' id='word_1_6' title='bbox 870 237 922 292; x_wconf 82' lang='lat' dir='ltr'>vs.</span> 
     </span>
    </p>
   </div>
   <div class='ocr_carea' id='block_1_2' title="bbox 85 373 1225 546">
    <p class='ocr_par' dir='ltr' id='par_1_2' title="bbox 85 373 1225 546">
     <span class='ocr_line' id='line_1_2' title="bbox 85 373 1224 464; baseline 0.003 -26"><span class='ocrx_word' id='word_1_7' title='bbox 85 377 326 464; x_wconf 78' lang='lat' dir='ltr'><strong>praesumtione</strong></span> <span class='ocrx_word' id='word_1_8' title='bbox 347 373 487 457; x_wconf 88' lang='lat' dir='ltr'>accipiat</span> <span class='ocrx_word' id='word_1_9' title='bbox 516 375 615 436; x_wconf 88' lang='lat' dir='ltr'>talem</span> <span class='ocrx_word' id='word_1_10' title='bbox 646 374 851 458; x_wconf 82' lang='lat' dir='ltr'>disciplinam</span> <span class='ocrx_word' id='word_1_11' title='bbox 873 396 893 436; x_wconf 89' lang='lat' dir='ltr'>a</span> <span class='ocrx_word' id='word_1_12' title='bbox 916 375 1070 440; x_wconf 90' lang='lat' dir='ltr'>domiuo</span> <span class='ocrx_word' id='word_1_13' title='bbox 1106 399 1168 441; x_wconf 87' lang='lat' dir='ltr'>suo</span> <span class='ocrx_word' id='word_1_14' title='bbox 1198 381 1224 442; x_wconf 93' lang='lat' dir='ltr'>in</span> 
     </span>
     <span class='ocr_line' id='line_1_3' title="bbox 86 456 1225 546; baseline 0.003 -23"><span class='ocrx_word' id='word_1_15' title='bbox 86 460 267 546; x_wconf 86' lang='lat' dir='ltr'>praesentia</span> <span class='ocrx_word' id='word_1_16' title='bbox 282 458 404 522; x_wconf 90' lang='lat' dir='ltr'>domini</span> <span class='ocrx_word' id='word_1_17' title='bbox 427 457 521 537; x_wconf 86' lang='lat' dir='ltr'>servi,</span> <span class='ocrx_word' id='word_1_18' title='bbox 543 456 663 519; x_wconf 86' lang='lat' dir='ltr'>utalia</span> <span class='ocrx_word' id='word_1_19' title='bbox 685 461 806 521; x_wconf 83' lang='lat' dir='ltr'>ancilla</span> <span class='ocrx_word' id='word_1_20' title='bbox 826 460 1031 524; x_wconf 85' lang='lat' dir='ltr'>hocfacere</span> <span class='ocrx_word' id='word_1_21' title='bbox 1049 482 1125 522; x_wconf 89' lang='lat' dir='ltr'>nou</span> <span class='ocrx_word' id='word_1_22' title='bbox 1147 485 1225 546; x_wconf 85' lang='lat' dir='ltr'>prae-</span> 
     </span>
    </p>
   </div>
   <div class='ocr_carea' id='block_1_3' title="bbox 87 541 430 607">
    <p class='ocr_par' dir='ltr' id='par_1_3' title="bbox 87 541 430 607">
     <span class='ocr_line' id='line_1_4' title="bbox 87 541 430 607; baseline -0.017 0"><span class='ocrx_word' id='word_1_23' title='bbox 87 553 202 607; x_wconf 88' lang='lat' dir='ltr'>sumat.</span> <span class='ocrx_word' id='word_1_24' title='bbox 264 543 307 604; x_wconf 92' lang='lat' dir='ltr'>Il.</span> <span class='ocrx_word' id='word_1_25' title='bbox 333 543 378 602; x_wconf 71' lang='grc' dir='ltr'>ιδ.</span> <span class='ocrx_word' id='word_1_26' title='bbox 400 541 430 601; x_wconf 80' lang='lat'>5.</span> 
     </span>
    </p>
   </div>
   <div class='ocr_carea' id='block_1_4' title="bbox 84 622 1223 911">
    <p class='ocr_par' dir='ltr' id='par_1_4' title="bbox 84 622 1223 911">
     <span class='ocr_line' id='line_1_5' title="bbox 156 622 1223 696; baseline 0.003 -16"><span class='ocrx_word' id='word_1_27' title='bbox 156 644 238 680; x_wconf 76' lang='lat' dir='ltr'>sonu.</span> <span class='ocrx_word' id='word_1_28' title='bbox 281 627 360 678; x_wconf 79' lang='lat' dir='ltr'>Petne</span> <span class='ocrx_word' id='word_1_29' title='bbox 377 630 407 675; x_wconf 89' lang='lat' dir='ltr'>te</span> <span class='ocrx_word' id='word_1_30' title='bbox 426 623 546 694; x_wconf 86' lang='lat' dir='ltr'>appellat</span> <span class='ocrx_word' id='word_1_31' title='bbox 564 622 716 686; x_wconf 89' lang='lat' dir='ltr'>Iohannes,</span> <span class='ocrx_word' id='word_1_32' title='bbox 742 626 819 696; x_wconf 88' lang='lat' dir='ltr'>quod</span> <span class='ocrx_word' id='word_1_33' title='bbox 837 627 1032 681; x_wconf 84' lang='lat' dir='ltr'>Marcoardns</span> <span class='ocrx_word' id='word_1_34' title='bbox 1051 635 1125 680; x_wconf 86' lang='lat' dir='ltr'>tuus</span> <span class='ocrx_word' id='word_1_35' title='bbox 1144 645 1223 683; x_wconf 80' lang='lat' dir='ltr'>servus</span> 
     </span>
     <span class='ocr_line' id='line_1_6' title="bbox 84 693 1223 764; baseline 0.003 -14"><span class='ocrx_word' id='word_1_36' title='bbox 84 696 172 750; x_wconf 86' lang='lat' dir='ltr'>hahet</span> <span class='ocrx_word' id='word_1_37' title='bbox 187 695 336 764; x_wconf 83' lang='lat' dir='ltr'>legitimam</span> <span class='ocrx_word' id='word_1_38' title='bbox 356 711 468 746; x_wconf 88' lang='lat' dir='ltr'>uxorem</span> <span class='ocrx_word' id='word_1_39' title='bbox 486 693 600 748; x_wconf 81' lang='lat' dir='ltr'>Mariam</span> <span class='ocrx_word' id='word_1_40' title='bbox 618 694 748 750; x_wconf 76' lang='lat' dir='ltr'>ancillam</span> <span class='ocrx_word' id='word_1_41' title='bbox 772 697 872 762; x_wconf 84' lang='lat' dir='ltr'>Marci,</span> <span class='ocrx_word' id='word_1_42' title='bbox 903 708 935 751; x_wconf 90' lang='lat' dir='ltr'>et</span> <span class='ocrx_word' id='word_1_43' title='bbox 961 699 1053 752; x_wconf 83' lang='lat' dir='ltr'>duxit</span> <span class='ocrx_word' id='word_1_44' title='bbox 1078 699 1223 753; x_wconf 82' lang='lat' dir='ltr'>Susannam</span> 
     </span>
     <span class='ocr_line' id='line_1_7' title="bbox 85 763 1223 844; baseline 0.005 -26"><span class='ocrx_word' id='word_1_45' title='bbox 85 786 162 823; x_wconf 76' lang='lat' dir='ltr'>anain</span> <span class='ocrx_word' id='word_1_46' title='bbox 181 767 311 820; x_wconf 78' lang='lat' dir='ltr'>ancillam</span> <span class='ocrx_word' id='word_1_47' title='bbox 328 781 409 834; x_wconf 85' lang='lat' dir='ltr'>super</span> <span class='ocrx_word' id='word_1_48' title='bbox 428 782 488 816; x_wconf 87' lang='lat' dir='ltr'>eam</span> <span class='ocrx_word' id='word_1_49' title='bbox 506 763 536 816; x_wconf 90' lang='lat' dir='ltr'>iu</span> <span class='ocrx_word' id='word_1_50' title='bbox 554 782 644 820; x_wconf 83' lang='lat' dir='ltr'>casum</span> <span class='ocrx_word' id='word_1_51' title='bbox 668 784 745 820; x_wconf 85' lang='lat' dir='ltr'>suam</span> <span class='ocrx_word' id='word_1_52' title='bbox 770 767 821 821; x_wconf 91' lang='lat' dir='ltr'>tui.</span> <span class='ocrx_word' id='word_1_53' title='bbox 857 769 924 822; x_wconf 85' lang='lat' dir='ltr'>Nou</span> <span class='ocrx_word' id='word_1_54' title='bbox 957 777 1006 822; x_wconf 84' lang='lat' dir='ltr'>est</span> <span class='ocrx_word' id='word_1_55' title='bbox 1030 786 1144 829; x_wconf 63' lang='lat' dir='ltr'>raum.</span> <span class='ocrx_word' id='word_1_56' title='bbox 1178 774 1223 844; x_wconf 76' lang='lat' dir='ltr'>alp·</span> 
     </span>
     <span class='ocr_line' id='line_1_8' title="bbox 85 834 499 911; baseline -0.005 -21"><span class='ocrx_word' id='word_1_57' title='bbox 85 836 193 911; x_wconf 89' lang='lat' dir='ltr'>probet.</span> <span class='ocrx_word' id='word_1_58' title='bbox 228 837 303 902; x_wconf 76' lang='lat' dir='ltr'>Aut,</span> <span class='ocrx_word' id='word_1_59' title='bbox 330 851 360 888; x_wconf 87' lang='lat' dir='ltr'>se</span> <span class='ocrx_word' id='word_1_60' title='bbox 376 834 499 889; x_wconf 85' lang='lat' dir='ltr'>idoneet</span> 
     </span>
    </p>
   </div>
   <div class='ocr_carea' id='block_1_5' title="bbox 87 985 1219 1064">
    <p class='ocr_par' dir='ltr' id='par_1_5' title="bbox 87 985 1219 1064">
     <span class='ocr_line' id='line_1_9' title="bbox 87 985 1219 1064; baseline 0.001 -18"><span class='ocrx_word' id='word_1_61' title='bbox 87 989 201 1047; x_wconf 79' lang='lat' dir='ltr'>naeus</span> <span class='ocrx_word' id='word_1_62' title='bbox 227 986 429 1042; x_wconf 73' lang='lat' dir='ltr'>surranum</span> <span class='ocrx_word' id='word_1_63' title='bbox 458 987 563 1042; x_wconf 80' lang='lat' dir='ltr'>neers</span> <span class='ocrx_word' id='word_1_64' title='bbox 586 985 635 1039; x_wconf 85' lang='lat' dir='ltr'>nc</span> <span class='ocrx_word' id='word_1_65' title='bbox 665 987 765 1043; x_wconf 76' lang='lat' dir='ltr'>anno</span> <span class='ocrx_word' id='word_1_66' title='bbox 794 987 910 1043; x_wconf 78' lang='lat' dir='ltr'>nuens</span> <span class='ocrx_word' id='word_1_67' title='bbox 942 987 1040 1048; x_wconf 81' lang='lat' dir='ltr'>utus</span> <span class='ocrx_word' id='word_1_68' title='bbox 1076 993 1170 1050; x_wconf 82' lang='lat' dir='ltr'>xvn.</span> <span class='ocrx_word' id='word_1_69' title='bbox 1183 992 1219 1064; x_wconf 78' lang='lat'>,)</span> 
     </span>
    </p>
   </div>
   <div class='ocr_carea' id='block_1_6' title="bbox 478 1147 815 1194">
    <p class='ocr_par' dir='ltr' id='par_1_6' title="bbox 478 1147 815 1194">
     <span class='ocr_line' id='line_1_10' title="bbox 478 1147 815 1194; baseline 0.009 -6"><span class='ocrx_word' id='word_1_70' title='bbox 478 1147 596 1188; x_wconf 73' lang='lat' dir='ltr'>lucrm·</span> <span class='ocrx_word' id='word_1_71' title='bbox 643 1147 815 1194; x_wconf 76' lang='lat' dir='ltr'>rnotocut.</span> 
     </span>
    </p>
   </div>
   <div class='ocr_carea' id='block_1_7' title="bbox 10 1239 1273 2979">
    <p class='ocr_par' dir='ltr' id='par_1_7' title="bbox 80 1239 1218 2236">
     <span class='ocr_line' id='line_1_11' title="bbox 174 1239 1218 1322; baseline 0.008 -19"><span class='ocrx_word' id='word_1_72' title='bbox 174 1239 246 1304; x_wconf 88' lang='lat' dir='ltr'>Visi</span> <span class='ocrx_word' id='word_1_73' title='bbox 267 1262 372 1302; x_wconf 89' lang='lat' dir='ltr'>sumus</span> <span class='ocrx_word' id='word_1_74' title='bbox 395 1241 459 1300; x_wconf 86' lang='lat' dir='ltr'>iam</span> <span class='ocrx_word' id='word_1_75' title='bbox 475 1241 569 1302; x_wconf 85' lang='lat' dir='ltr'>etiam</span> <span class='ocrx_word' id='word_1_76' title='bbox 588 1242 623 1302; x_wconf 89' lang='lat' dir='ltr'>in</span> <span class='ocrx_word' id='word_1_77' title='bbox 644 1241 837 1320; x_wconf 81' lang='lat' dir='ltr'>(volumine)</span> <span class='ocrx_word' id='word_1_78' title='bbox 855 1241 998 1322; x_wconf 85' lang='lat' dir='ltr'>antiquo</span> <span class='ocrx_word' id='word_1_79' title='bbox 1020 1243 1148 1309; x_wconf 78' lang='lat' dir='ltr'>Edisti</span> <span class='ocrx_word' id='word_1_80' title='bbox 1160 1269 1218 1311; x_wconf 90' lang='lat' dir='ltr'>cor·</span> 
     </span>
     <span class='ocr_line' id='line_1_12' title="bbox 82 1323 1217 1412; baseline 0.004 -24"><span class='ocrx_word' id='word_1_81' title='bbox 82 1346 164 1411; x_wconf 87' lang='lat' dir='ltr'>pore</span> <span class='ocrx_word' id='word_1_82' title='bbox 184 1326 243 1385; x_wconf 87' lang='lat' dir='ltr'>illo</span> <span class='ocrx_word' id='word_1_83' title='bbox 263 1323 387 1384; x_wconf 81' lang='lat' dir='ltr'>edicere</span> <span class='ocrx_word' id='word_1_84' title='bbox 413 1324 642 1402; x_wconf 71' lang='lat' dir='ltr'>(curavimus),</span> <span class='ocrx_word' id='word_1_85' title='bbox 663 1344 743 1406; x_wconf 75' lang='lat' dir='ltr'>puae</span> <span class='ocrx_word' id='word_1_86' title='bbox 765 1325 835 1385; x_wconf 90' lang='lat' dir='ltr'>Deo</span> <span class='ocrx_word' id='word_1_87' title='bbox 846 1325 976 1408; x_wconf 86' lang='lat' dir='ltr'>placita</span> <span class='ocrx_word' id='word_1_88' title='bbox 998 1342 1085 1402; x_wconf 72' lang='lat' dir='ltr'>sunt</span> <span class='ocrx_word' id='word_1_89' title='bbox 1108 1344 1142 1391; x_wconf 87' lang='lat' dir='ltr'>et</span> <span class='ocrx_word' id='word_1_90' title='bbox 1155 1352 1217 1412; x_wconf 81' lang='lat' dir='ltr'>gen·</span> 
     </span>
     <span class='ocr_line' id='line_1_13' title="bbox 87 1404 1215 1499; baseline 0.004 -27"><span class='ocrx_word' id='word_1_91' title='bbox 87 1411 114 1472; x_wconf 89' lang='lat' dir='ltr'>ti</span> <span class='ocrx_word' id='word_1_92' title='bbox 129 1421 257 1470; x_wconf 87' lang='lat' dir='ltr'>nostroe</span> <span class='ocrx_word' id='word_1_93' title='bbox 277 1404 473 1490; x_wconf 78' lang='lat' dir='ltr'>expedivilio</span> <span class='ocrx_word' id='word_1_94' title='bbox 491 1426 557 1465; x_wconf 89' lang='lat' dir='ltr'>esse</span> <span class='ocrx_word' id='word_1_95' title='bbox 573 1407 777 1486; x_wconf 79' lang='lat' dir='ltr'>cognovimus</span> <span class='ocrx_word' id='word_1_96' title='bbox 789 1430 800 1478; x_wconf 69' lang='grc' dir='ltr'><strong><em>ς</em></strong></span> <span class='ocrx_word' id='word_1_97' title='bbox 820 1420 854 1468; x_wconf 91' lang='lat' dir='ltr'>ut</span> <span class='ocrx_word' id='word_1_98' title='bbox 871 1428 959 1467; x_wconf 87' lang='lat' dir='ltr'>nunc</span> <span class='ocrx_word' id='word_1_99' title='bbox 975 1411 1120 1492; x_wconf 86' lang='lat' dir='ltr'>quidem</span> <span class='ocrx_word' id='word_1_100' title='bbox 1132 1435 1215 1499; x_wconf 82' lang='lat' dir='ltr'>prop</span> 
     </span>
     <span class='ocr_line' id='line_1_14' title="bbox 82 1489 1213 1576; baseline 0.004 -23"><span class='ocrx_word' id='word_1_101' title='bbox 82 1489 137 1553; x_wconf 81' lang='lat' dir='ltr'>ter</span> <span class='ocrx_word' id='word_1_102' title='bbox 156 1489 312 1570; x_wconf 76' lang='lat' dir='ltr'>singulam</span> <span class='ocrx_word' id='word_1_103' title='bbox 339 1491 550 1566; x_wconf 73' lang='lat' dir='ltr'>venationes,</span> <span class='ocrx_word' id='word_1_104' title='bbox 580 1509 659 1572; x_wconf 81' lang='lat' dir='ltr'>quac</span> <span class='ocrx_word' id='word_1_105' title='bbox 689 1489 774 1549; x_wconf 86' lang='lat' dir='ltr'>inter</span> <span class='ocrx_word' id='word_1_106' title='bbox 815 1491 963 1550; x_wconf 79' lang='lat' dir='ltr'>homines</span> <span class='ocrx_word' id='word_1_107' title='bbox 997 1497 1213 1576; x_wconf 76' lang='lat' dir='ltr'>exoriuntur,</span> 
     </span>
     <span class='ocr_line' id='line_1_15' title="bbox 82 1569 1212 1662; baseline 0.004 -27"><span class='ocrx_word' id='word_1_108' title='bbox 82 1573 306 1658; x_wconf 83' lang='lat' dir='ltr'>perspeximus</span> <span class='ocrx_word' id='word_1_109' title='bbox 324 1584 355 1631; x_wconf 91' lang='lat' dir='ltr'>et</span> <span class='ocrx_word' id='word_1_110' title='bbox 370 1569 464 1632; x_wconf 87' lang='lat' dir='ltr'>modo</span> <span class='ocrx_word' id='word_1_111' title='bbox 478 1570 661 1652; x_wconf 87' lang='lat' dir='ltr'>adiungere,</span> <span class='ocrx_word' id='word_1_112' title='bbox 677 1591 757 1653; x_wconf 75' lang='lat' dir='ltr'>quae</span> <span class='ocrx_word' id='word_1_113' title='bbox 785 1584 969 1656; x_wconf 85' lang='lat' dir='ltr'>opportuna</span> <span class='ocrx_word' id='word_1_114' title='bbox 991 1595 1069 1637; x_wconf 88' lang='lat' dir='ltr'>esse</span> <span class='ocrx_word' id='word_1_115' title='bbox 1082 1581 1212 1662; x_wconf 87' lang='lat' dir='ltr'>proban·</span> 
     </span>
     <span class='ocr_line' id='line_1_16' title="bbox 86 1653 1213 1736; baseline 0.005 -19"><span class='ocrx_word' id='word_1_116' title='bbox 86 1668 148 1722; x_wconf 89' lang='lat' dir='ltr'>tur.</span> <span class='ocrx_word' id='word_1_117' title='bbox 171 1655 215 1715; x_wconf 87' lang='lat' dir='ltr'>Et</span> <span class='ocrx_word' id='word_1_118' title='bbox 235 1655 339 1736; x_wconf 86' lang='lat' dir='ltr'>itaque</span> <span class='ocrx_word' id='word_1_119' title='bbox 364 1655 539 1715; x_wconf 87' lang='lat' dir='ltr'>censuimus</span> <span class='ocrx_word' id='word_1_120' title='bbox 557 1668 648 1736; x_wconf 86' lang='lat' dir='ltr'>atque</span> <span class='ocrx_word' id='word_1_121' title='bbox 686 1655 868 1714; x_wconf 73' lang='lat' dir='ltr'>statuimus:</span> <span class='ocrx_word' id='word_1_122' title='bbox 889 1653 982 1716; x_wconf 85' lang='lat' dir='ltr'>odie</span> <span class='ocrx_word' id='word_1_123' title='bbox 1010 1660 1084 1721; x_wconf 86' lang='lat' dir='ltr'>isto</span> <span class='ocrx_word' id='word_1_124' title='bbox 1102 1661 1213 1722; x_wconf 83' lang='lat' dir='ltr'>Kalen·</span> 
     </span>
     <span class='ocr_line' id='line_1_17' title="bbox 86 1737 1212 1830; baseline 0.006 -32"><span class='ocrx_word' id='word_1_125' title='bbox 86 1737 199 1798; x_wconf 87' lang='lat' dir='ltr'>darum</span> <span class='ocrx_word' id='word_1_126' title='bbox 219 1737 433 1814; x_wconf 77' lang='lat' dir='ltr'>Martiarum,</span> <span class='ocrx_word' id='word_1_127' title='bbox 461 1758 544 1798; x_wconf 90' lang='lat' dir='ltr'>anno</span> <span class='ocrx_word' id='word_1_128' title='bbox 570 1739 662 1816; x_wconf 84' lang='lat' dir='ltr'>regni</span> <span class='ocrx_word' id='word_1_129' title='bbox 683 1739 785 1798; x_wconf 89' lang='lat' dir='ltr'>nostri</span> <span class='ocrx_word' id='word_1_130' title='bbox 807 1738 877 1799; x_wconf 92' lang='lat' dir='ltr'>Deo</span> <span class='ocrx_word' id='word_1_131' title='bbox 899 1742 1057 1820; x_wconf 85' lang='lat' dir='ltr'>propitio</span> <span class='ocrx_word' id='word_1_132' title='bbox 1089 1747 1212 1830; x_wconf 86' lang='lat' dir='ltr'>septimo</span> 
     </span>
     <span class='ocr_line' id='line_1_18' title="bbox 85 1818 1212 1897; baseline 0.004 -16"><span class='ocrx_word' id='word_1_133' title='bbox 85 1820 227 1897; x_wconf 87' lang='lat' dir='ltr'>decimo,</span> <span class='ocrx_word' id='word_1_134' title='bbox 255 1818 430 1880; x_wconf 86' lang='lat' dir='ltr'>indictione</span> <span class='ocrx_word' id='word_1_135' title='bbox 466 1818 675 1896; x_wconf 85' lang='lat' dir='ltr'>duodecima,</span> <span class='ocrx_word' id='word_1_136' title='bbox 710 1820 755 1880; x_wconf 87' lang='lat' dir='ltr'>sic</span> <span class='ocrx_word' id='word_1_137' title='bbox 785 1819 898 1881; x_wconf 78' lang='lat' dir='ltr'>debent</span> <span class='ocrx_word' id='word_1_138' title='bbox 929 1819 975 1881; x_wconf 85' lang='lat' dir='ltr'>de</span> <span class='ocrx_word' id='word_1_139' title='bbox 1010 1826 1093 1885; x_wconf 85' lang='lat' dir='ltr'>istis</span> <span class='ocrx_word' id='word_1_140' title='bbox 1119 1828 1212 1889; x_wconf 89' lang='lat' dir='ltr'>causis</span> 
     </span>
     <span class='ocr_line' id='line_1_19' title="bbox 84 1900 1212 1993; baseline 0.001 -30"><span class='ocrx_word' id='word_1_141' title='bbox 84 1902 238 1964; x_wconf 85' lang='lat' dir='ltr'>iudicium</span> <span class='ocrx_word' id='word_1_142' title='bbox 257 1900 451 1985; x_wconf 81' lang='lat' dir='ltr'>procedere3</span> <span class='ocrx_word' id='word_1_143' title='bbox 485 1924 557 1962; x_wconf 90' lang='lat' dir='ltr'>nam</span> <span class='ocrx_word' id='word_1_144' title='bbox 585 1902 673 1984; x_wconf 85' lang='lat' dir='ltr'>quod</span> <span class='ocrx_word' id='word_1_145' title='bbox 701 1914 793 1964; x_wconf 83' lang='lat' dir='ltr'>anteo</span> <span class='ocrx_word' id='word_1_146' title='bbox 815 1903 999 1984; x_wconf 83' lang='lat' dir='ltr'>statuimus,</span> <span class='ocrx_word' id='word_1_147' title='bbox 1037 1922 1139 1993; x_wconf 74' lang='lat' dir='ltr'>atque</span> <span class='ocrx_word' id='word_1_148' title='bbox 1158 1923 1212 1983; x_wconf 66' lang='lat' dir='ltr'>stn-</span> 
     </span>
     <span class='ocr_line' id='line_1_20' title="bbox 85 1983 1211 2069; baseline 0.004 -22"><span class='ocrx_word' id='word_1_149' title='bbox 85 1997 154 2048; x_wconf 88' lang='lat' dir='ltr'>tuta</span> <span class='ocrx_word' id='word_1_150' title='bbox 175 1997 250 2046; x_wconf 82' lang='lat' dir='ltr'>sunt</span> <span class='ocrx_word' id='word_1_151' title='bbox 269 1983 385 2062; x_wconf 83' lang='lat' dir='ltr'>modo,</span> <span class='ocrx_word' id='word_1_152' title='bbox 414 1983 509 2046; x_wconf 88' lang='lat' dir='ltr'>modo</span> <span class='ocrx_word' id='word_1_153' title='bbox 529 1985 655 2045; x_wconf 85' lang='lat' dir='ltr'>minime</span> <span class='ocrx_word' id='word_1_154' title='bbox 681 1985 896 2046; x_wconf 80' lang='lat' dir='ltr'>revolvantur.</span> <span class='ocrx_word' id='word_1_155' title='bbox 942 1987 1034 2069; x_wconf 83' lang='lat' dir='ltr'>Quia</span> <span class='ocrx_word' id='word_1_156' title='bbox 1059 1997 1109 2051; x_wconf 84' lang='lat' dir='ltr'>sic</span> <span class='ocrx_word' id='word_1_157' title='bbox 1129 1994 1211 2054; x_wconf 83' lang='lat' dir='ltr'>nobis</span> 
     </span>
     <span class='ocr_line' id='line_1_21' title="bbox 83 2065 1211 2138; baseline 0.005 -8"><span class='ocrx_word' id='word_1_158' title='bbox 83 2070 227 2130; x_wconf 90' lang='lat' dir='ltr'>constitit</span> <span class='ocrx_word' id='word_1_159' title='bbox 247 2088 316 2128; x_wconf 89' lang='lat' dir='ltr'>cum</span> <span class='ocrx_word' id='word_1_160' title='bbox 333 2069 450 2128; x_wconf 85' lang='lat' dir='ltr'>nostris</span> <span class='ocrx_word' id='word_1_161' title='bbox 471 2065 630 2128; x_wconf 83' lang='lat' dir='ltr'>iudicibus</span> <span class='ocrx_word' id='word_1_162' title='bbox 650 2083 714 2130; x_wconf 88' lang='lat' dir='ltr'>tom</span> <span class='ocrx_word' id='word_1_163' title='bbox 738 2066 778 2127; x_wconf 87' lang='lat' dir='ltr'>cle</span> <span class='ocrx_word' id='word_1_164' title='bbox 794 2067 926 2130; x_wconf 85' lang='lat' dir='ltr'>Austria</span> <span class='ocrx_word' id='word_1_165' title='bbox 952 2084 985 2131; x_wconf 88' lang='lat' dir='ltr'>et</span> <span class='ocrx_word' id='word_1_166' title='bbox 1009 2073 1059 2134; x_wconf 87' lang='lat' dir='ltr'>de</span> <span class='ocrx_word' id='word_1_167' title='bbox 1085 2074 1211 2138; x_wconf 80' lang='lat' dir='ltr'>Tusciae</span> 
     </span>
     <span class='ocr_line' id='line_1_22' title="bbox 80 2149 937 2236; baseline -0.007 -24"><span class='ocrx_word' id='word_1_168' title='bbox 80 2153 227 2236; x_wconf 83' lang='lat' dir='ltr'>partibus</span> <span class='ocrx_word' id='word_1_169' title='bbox 247 2171 303 2210; x_wconf 89' lang='lat' dir='ltr'>seu</span> <span class='ocrx_word' id='word_1_170' title='bbox 325 2170 395 2210; x_wconf 91' lang='lat' dir='ltr'>cum</span> <span class='ocrx_word' id='word_1_171' title='bbox 415 2151 548 2212; x_wconf 89' lang='lat' dir='ltr'>coeteris</span> <span class='ocrx_word' id='word_1_172' title='bbox 566 2149 786 2232; x_wconf 85' lang='lat' dir='ltr'>Langobardis</span> <span class='ocrx_word' id='word_1_173' title='bbox 807 2154 937 2215; x_wconf 54' lang='lat' dir='ltr'>nostris,</span> 
     </span>
    </p>

    <p class='ocr_par' dir='ltr' id='par_1_8' title="bbox 10 2231 1273 2979">
     <span class='ocr_line' id='line_1_23' title="bbox 169 2231 1273 2316; baseline 0.003 -19"><span class='ocrx_word' id='word_1_174' title='bbox 169 2232 254 2300; x_wconf 83' lang='lat' dir='ltr'>etv.</span> <span class='ocrx_word' id='word_1_175' title='bbox 297 2231 383 2316; x_wconf 86' lang='lat' dir='ltr'>(LI.)</span> <span class='ocrx_word' id='word_1_176' title='bbox 423 2233 473 2294; x_wconf 89' lang='lat' dir='ltr'>De</span> <span class='ocrx_word' id='word_1_177' title='bbox 505 2232 556 2296; x_wconf 91' lang='lat' dir='ltr'>his</span> <span class='ocrx_word' id='word_1_178' title='bbox 586 2235 643 2316; x_wconf 89' lang='lat' dir='ltr'>qui</span> <span class='ocrx_word' id='word_1_179' title='bbox 676 2234 716 2296; x_wconf 93' lang='lat' dir='ltr'>de</span> <span class='ocrx_word' id='word_1_180' title='bbox 741 2232 859 2295; x_wconf 90' lang='lat' dir='ltr'>illicito</span> <span class='ocrx_word' id='word_1_181' title='bbox 888 2235 1108 2302; x_wconf 88' lang='lat' dir='ltr'>matrimonio</span> <span class='ocrx_word' id='word_1_182' title='bbox 1150 2237 1210 2300; x_wconf 83' lang='lat' dir='ltr'>nati</span> <span class='ocrx_word' id='word_1_183' title='bbox 1272 2264 1273 2277; x_wconf 55' lang='lat'>¹</span> 
     </span>
     <span class='ocr_line' id='line_1_24' title="bbox 83 2314 1210 2400; baseline 0.003 -19"><span class='ocrx_word' id='word_1_184' title='bbox 83 2327 161 2381; x_wconf 88' lang='lat' dir='ltr'>sunt</span> <span class='ocrx_word' id='word_1_185' title='bbox 186 2317 239 2378; x_wconf 84' lang='lat' dir='ltr'>vel</span> <span class='ocrx_word' id='word_1_186' title='bbox 272 2323 469 2393; x_wconf 88' lang='lat' dir='ltr'>nascuntur,</span> <span class='ocrx_word' id='word_1_187' title='bbox 504 2324 536 2376; x_wconf 91' lang='lat' dir='ltr'>et</span> <span class='ocrx_word' id='word_1_188' title='bbox 567 2315 613 2376; x_wconf 89' lang='lat' dir='ltr'>eis</span> <span class='ocrx_word' id='word_1_189' title='bbox 636 2314 774 2400; x_wconf 82' lang='lat' dir='ltr'>legitimi</span> <span class='ocrx_word' id='word_1_190' title='bbox 805 2317 919 2380; x_wconf 85' lang='lat' dir='ltr'>fratres</span> <span class='ocrx_word' id='word_1_191' title='bbox 944 2319 999 2381; x_wconf 86' lang='lat' dir='ltr'>sui</span> <span class='ocrx_word' id='word_1_192' title='bbox 1023 2322 1210 2385; x_wconf 79' lang='lat' dir='ltr'>voluntarie</span> 
     </span>
     <span class='ocr_line' id='line_1_25' title="bbox 82 2397 1210 2490; baseline 0.003 -29"><span class='ocrx_word' id='word_1_193' title='bbox 82 2410 208 2485; x_wconf 90' lang='lat' dir='ltr'>partem</span> <span class='ocrx_word' id='word_1_194' title='bbox 229 2399 395 2477; x_wconf 86' lang='lat' dir='ltr'>dederint,</span> <span class='ocrx_word' id='word_1_195' title='bbox 418 2398 461 2458; x_wconf 86' lang='lat' dir='ltr'>ita</span> <span class='ocrx_word' id='word_1_196' title='bbox 482 2397 668 2477; x_wconf 72' lang='lat' dir='ltr'>statuimus,</span> <span class='ocrx_word' id='word_1_197' title='bbox 694 2406 730 2459; x_wconf 91' lang='lat' dir='ltr'>ut</span> <span class='ocrx_word' id='word_1_198' title='bbox 751 2398 778 2462; x_wconf 87' lang='lat' dir='ltr'>si</span> <span class='ocrx_word' id='word_1_199' title='bbox 800 2398 846 2460; x_wconf 89' lang='lat' dir='ltr'>eis</span> <span class='ocrx_word' id='word_1_200' title='bbox 869 2400 987 2464; x_wconf 82' lang='lat' dir='ltr'>iratres</span> <span class='ocrx_word' id='word_1_201' title='bbox 1001 2405 1060 2464; x_wconf 89' lang='lat' dir='ltr'>sui</span> <span class='ocrx_word' id='word_1_202' title='bbox 1075 2403 1210 2490; x_wconf 75' lang='lat' dir='ltr'>legitimi</span> 
     </span>
     <span class='ocr_line' id='line_1_26' title="bbox 82 2481 1209 2567; baseline 0.002 -20"><span class='ocrx_word' id='word_1_203' title='bbox 82 2482 268 2547; x_wconf 82' lang='lat' dir='ltr'>voluntarie</span> <span class='ocrx_word' id='word_1_204' title='bbox 312 2492 416 2544; x_wconf 87' lang='lat' dir='ltr'>artem</span> <span class='ocrx_word' id='word_1_205' title='bbox 435 2481 606 2559; x_wconf 88' lang='lat' dir='ltr'>dederint,</span> <span class='ocrx_word' id='word_1_206' title='bbox 629 2483 664 2542; x_wconf 91' lang='lat' dir='ltr'>in</span> <span class='ocrx_word' id='word_1_207' title='bbox 687 2482 754 2566; x_wconf 90' lang='lat' dir='ltr'>ipsa</span> <span class='ocrx_word' id='word_1_208' title='bbox 776 2481 915 2544; x_wconf 86' lang='lat' dir='ltr'>debeant</span> <span class='ocrx_word' id='word_1_209' title='bbox 934 2505 1159 2567; x_wconf 86' lang='lat' dir='ltr'>permanere,</span> <span class='ocrx_word' id='word_1_210' title='bbox 1181 2497 1209 2550; x_wconf 88' lang='lat' dir='ltr'>et</span> 
     </span>
     <span class='ocr_line' id='line_1_27' title="bbox 10 2505 1210 2654; baseline 0.003 -27"><span class='ocrx_word' id='word_1_211' title='bbox 10 2637 11 2640; x_wconf 7' lang='grc' dir='ltr'><strong>Ἴ</strong></span> <span class='ocrx_word' id='word_1_212' title='bbox 83 2588 138 2628; x_wconf 91' lang='lat' dir='ltr'>eos</span> <span class='ocrx_word' id='word_1_213' title='bbox 160 2505 358 2626; x_wconf 72' lang='lat' dir='ltr'>exheredare</span> <span class='ocrx_word' id='word_1_214' title='bbox 380 2563 514 2625; x_wconf 90' lang='lat' dir='ltr'>minime</span> <span class='ocrx_word' id='word_1_215' title='bbox 537 2564 703 2628; x_wconf 86' lang='lat' dir='ltr'>deberent.</span> <span class='ocrx_word' id='word_1_216' title='bbox 744 2566 825 2626; x_wconf 85' lang='lat' dir='ltr'>Nam</span> <span class='ocrx_word' id='word_1_217' title='bbox 845 2575 937 2648; x_wconf 86' lang='lat' dir='ltr'>pater</span> <span class='ocrx_word' id='word_1_218' title='bbox 957 2589 1027 2628; x_wconf 91' lang='lat' dir='ltr'>nou</span> <span class='ocrx_word' id='word_1_219' title='bbox 1052 2571 1157 2654; x_wconf 85' lang='lat' dir='ltr'>possit</span> <span class='ocrx_word' id='word_1_220' title='bbox 1176 2570 1210 2630; x_wconf 95' lang='lat' dir='ltr'>il·</span> 
     </span>
     <span class='ocr_line' id='line_1_28' title="bbox 81 2645 1210 2736; baseline 0.004 -26"><span class='ocrx_word' id='word_1_221' title='bbox 81 2651 131 2710; x_wconf 92' lang='lat' dir='ltr'>los</span> <span class='ocrx_word' id='word_1_222' title='bbox 152 2647 306 2726; x_wconf 89' lang='lat' dir='ltr'>illicitos,</span> <span class='ocrx_word' id='word_1_223' title='bbox 330 2669 437 2728; x_wconf 88' lang='lat' dir='ltr'>neque</span> <span class='ocrx_word' id='word_1_224' title='bbox 458 2668 519 2730; x_wconf 89' lang='lat' dir='ltr'>per</span> <span class='ocrx_word' id='word_1_225' title='bbox 540 2645 651 2724; x_wconf 85' lang='lat' dir='ltr'>thinx,</span> <span class='ocrx_word' id='word_1_226' title='bbox 675 2669 783 2730; x_wconf 90' lang='lat' dir='ltr'>neque</span> <span class='ocrx_word' id='word_1_227' title='bbox 805 2669 865 2731; x_wconf 87' lang='lat' dir='ltr'>per</span> <span class='ocrx_word' id='word_1_228' title='bbox 884 2649 1125 2736; x_wconf 83' lang='lat' dir='ltr'>qualecunque</span> <span class='ocrx_word' id='word_1_229' title='bbox 1150 2653 1210 2715; x_wconf 91' lang='lat' dir='ltr'>col·</span> 
     </span>
     <span class='ocr_line' id='line_1_29' title="bbox 80 2729 1209 2813; baseline 0.005 -22"><span class='ocrx_word' id='word_1_230' title='bbox 80 2731 209 2806; x_wconf 89' lang='lat' dir='ltr'>ludium</span> <span class='ocrx_word' id='word_1_231' title='bbox 230 2729 367 2791; x_wconf 90' lang='lat' dir='ltr'>heredes</span> <span class='ocrx_word' id='word_1_232' title='bbox 387 2729 569 2791; x_wconf 88' lang='lat' dir='ltr'>instituere.</span> <span class='ocrx_word' id='word_1_233' title='bbox 626 2733 695 2792; x_wconf 91' lang='lat' dir='ltr'>Hoc</span> <span class='ocrx_word' id='word_1_234' title='bbox 716 2740 824 2792; x_wconf 90' lang='lat' dir='ltr'>autem</span> <span class='ocrx_word' id='word_1_235' title='bbox 856 2730 931 2793; x_wconf 90' lang='lat' dir='ltr'>ideo</span> <span class='ocrx_word' id='word_1_236' title='bbox 953 2737 1209 2813; x_wconf 86' lang='lat' dir='ltr'>constituimus,</span> 
     </span>
     <span class='ocr_line' id='line_1_30' title="bbox 81 2809 1208 2898; baseline 0.005 -23"><span class='ocrx_word' id='word_1_237' title='bbox 81 2824 118 2876; x_wconf 92' lang='lat' dir='ltr'>ut</span> <span class='ocrx_word' id='word_1_238' title='bbox 134 2811 238 2875; x_wconf 90' lang='lat' dir='ltr'>omnis</span> <span class='ocrx_word' id='word_1_239' title='bbox 256 2809 374 2889; x_wconf 86' lang='lat' dir='ltr'>homo,</span> <span class='ocrx_word' id='word_1_240' title='bbox 396 2811 453 2894; x_wconf 91' lang='lat' dir='ltr'>qui</span> <span class='ocrx_word' id='word_1_241' title='bbox 475 2813 565 2890; x_wconf 85' lang='lat' dir='ltr'>vult,</span> <span class='ocrx_word' id='word_1_242' title='bbox 588 2814 724 2898; x_wconf 83' lang='lat' dir='ltr'>accipiat</span> <span class='ocrx_word' id='word_1_243' title='bbox 751 2813 928 2896; x_wconf 79' lang='lat' dir='ltr'>legitimam</span> <span class='ocrx_word' id='word_1_244' title='bbox 953 2839 1115 2881; x_wconf 81' lang='lat' dir='ltr'>uxorem:</span> <span class='ocrx_word' id='word_1_245' title='bbox 1139 2840 1208 2881; x_wconf 90' lang='lat' dir='ltr'>nam</span> 
     </span>
     <span class='ocr_line' id='line_1_31' title="bbox 81 2893 849 2979; baseline 0.001 -20"><span class='ocrx_word' id='word_1_246' title='bbox 81 2918 148 2959; x_wconf 89' lang='lat' dir='ltr'>uon</span> <span class='ocrx_word' id='word_1_247' title='bbox 170 2894 302 2958; x_wconf 89' lang='lat' dir='ltr'>illicitas</span> <span class='ocrx_word' id='word_1_248' title='bbox 325 2893 494 2956; x_wconf 89' lang='lat' dir='ltr'>contrahat</span> <span class='ocrx_word' id='word_1_249' title='bbox 513 2896 649 2979; x_wconf 84' lang='lat' dir='ltr'>nuptias.</span> <span class='ocrx_word' id='word_1_250' title='bbox 705 2897 747 2962; x_wconf 89' lang='lat'>11.</span> <span class='ocrx_word' id='word_1_251' title='bbox 767 2897 797 2960; x_wconf 91' lang='lat'>8.</span> <span class='ocrx_word' id='word_1_252' title='bbox 819 2896 849 2959; x_wconf 90' lang='grc'>6.</span> 
     </span>
    </p>
   </div>
   <div class='ocr_carea' id='block_1_8' title="bbox 77 2999 1205 3506">
    <p class='ocr_par' dir='ltr' id='par_1_9' title="bbox 77 2999 1205 3506">
     <span class='ocr_line' id='line_1_32' title="bbox 163 2999 1204 3092; baseline 0.009 -30"><span class='ocrx_word' id='word_1_253' title='bbox 163 3001 234 3070; x_wconf 75' lang='lat' dir='ltr'>CV.</span> <span class='ocrx_word' id='word_1_254' title='bbox 275 2999 381 3078; x_wconf 84' lang='lat' dir='ltr'>(Lll.)</span> <span class='ocrx_word' id='word_1_255' title='bbox 422 3000 458 3062; x_wconf 84' lang='lat' dir='ltr'>si</span> <span class='ocrx_word' id='word_1_256' title='bbox 487 3009 596 3063; x_wconf 89' lang='lat' dir='ltr'>autem</span> <span class='ocrx_word' id='word_1_257' title='bbox 628 3003 743 3066; x_wconf 85' lang='lat' dir='ltr'>fratres</span> <span class='ocrx_word' id='word_1_258' title='bbox 776 3025 842 3066; x_wconf 93' lang='lat' dir='ltr'>uon</span> <span class='ocrx_word' id='word_1_259' title='bbox 872 3003 957 3084; x_wconf 88' lang='lat' dir='ltr'>sint,</span> <span class='ocrx_word' id='word_1_260' title='bbox 988 3012 1023 3068; x_wconf 90' lang='lat' dir='ltr'>et</span> <span class='ocrx_word' id='word_1_261' title='bbox 1056 3017 1204 3092; x_wconf 86' lang='lat' dir='ltr'>parentes</span> 
     </span>
     <span class='ocr_line' id='line_1_33' title="bbox 80 3083 1205 3172; baseline 0.002 -22"><span class='ocrx_word' id='word_1_262' title='bbox 80 3085 219 3172; x_wconf 80' lang='lat' dir='ltr'>legitimi</span> <span class='ocrx_word' id='word_1_263' title='bbox 253 3083 395 3160; x_wconf 83' lang='lat' dir='ltr'>inerint,</span> <span class='ocrx_word' id='word_1_264' title='bbox 431 3083 490 3165; x_wconf 89' lang='lat' dir='ltr'>qni</span> <span class='ocrx_word' id='word_1_265' title='bbox 524 3084 668 3168; x_wconf 81' lang='lat' dir='ltr'>legitime</span> <span class='ocrx_word' id='word_1_266' title='bbox 694 3095 873 3168; x_wconf 88' lang='lat' dir='ltr'>potuerunt</span> <span class='ocrx_word' id='word_1_267' title='bbox 908 3089 949 3149; x_wconf 91' lang='lat' dir='ltr'>ad</span> <span class='ocrx_word' id='word_1_268' title='bbox 985 3086 1205 3154; x_wconf 86' lang='lat' dir='ltr'>hereditatem</span> 
     </span>
     <span class='ocr_line' id='line_1_34' title="bbox 104 3167 1203 3248; baseline 0 -14"><span class='ocrx_word' id='word_1_269' title='bbox 104 3167 272 3248; x_wconf 81' lang='lat' dir='ltr'>ervenire,</span> <span class='ocrx_word' id='word_1_270' title='bbox 299 3178 331 3230; x_wconf 90' lang='lat' dir='ltr'>et</span> <span class='ocrx_word' id='word_1_271' title='bbox 352 3186 455 3246; x_wconf 87' lang='lat' dir='ltr'>usque</span> <span class='ocrx_word' id='word_1_272' title='bbox 477 3167 572 3229; x_wconf 92' lang='lat' dir='ltr'>modo</span> <span class='ocrx_word' id='word_1_273' title='bbox 602 3177 790 3247; x_wconf 89' lang='lat' dir='ltr'>tacuerunt,</span> <span class='ocrx_word' id='word_1_274' title='bbox 826 3179 953 3232; x_wconf 89' lang='lat' dir='ltr'>taceant</span> <span class='ocrx_word' id='word_1_275' title='bbox 979 3181 1013 3234; x_wconf 90' lang='lat' dir='ltr'>et</span> <span class='ocrx_word' id='word_1_276' title='bbox 1039 3173 1077 3232; x_wconf 93' lang='lat' dir='ltr'>in</span> <span class='ocrx_word' id='word_1_277' title='bbox 1101 3185 1203 3240; x_wconf 90' lang='lat' dir='ltr'>antea.</span> 
     </span>
     <span class='ocr_line' id='line_1_35' title="bbox 78 3193 1202 3336; baseline 0.001 -18"><span class='ocrx_word' id='word_1_278' title='bbox 78 3193 122 3318; x_wconf 60' lang='lat' dir='ltr'>ist</span> <span class='ocrx_word' id='word_1_279' title='bbox 146 3253 269 3314; x_wconf 91' lang='lat' dir='ltr'>nullam</span> <span class='ocrx_word' id='word_1_280' title='bbox 289 3251 430 3312; x_wconf 87' lang='lat' dir='ltr'>habeant</span> <span class='ocrx_word' id='word_1_281' title='bbox 449 3250 651 3330; x_wconf 83' lang='lat' dir='ltr'>facundiam,</span> <span class='ocrx_word' id='word_1_282' title='bbox 674 3271 736 3312; x_wconf 91' lang='lat' dir='ltr'>nec</span> <span class='ocrx_word' id='word_1_283' title='bbox 759 3262 966 3336; x_wconf 86' lang='lat' dir='ltr'>potestatem,</span> <span class='ocrx_word' id='word_1_284' title='bbox 996 3265 1116 3318; x_wconf 84' lang='lat' dir='ltr'>contra</span> <span class='ocrx_word' id='word_1_285' title='bbox 1138 3279 1202 3336; x_wconf 88' lang='lat' dir='ltr'>eos,</span> 
     </span>
     <span class='ocr_line' id='line_1_36' title="bbox 78 3331 1202 3420; baseline 0.005 -24"><span class='ocrx_word' id='word_1_286' title='bbox 78 3337 135 3420; x_wconf 90' lang='lat' dir='ltr'>qui</span> <span class='ocrx_word' id='word_1_287' title='bbox 159 3335 326 3420; x_wconf 88' lang='lat' dir='ltr'>possident</span> <span class='ocrx_word' id='word_1_288' title='bbox 346 3355 406 3417; x_wconf 86' lang='lat' dir='ltr'>per</span> <span class='ocrx_word' id='word_1_289' title='bbox 425 3331 530 3396; x_wconf 88' lang='lat' dir='ltr'><strong>XXX.</strong></span> <span class='ocrx_word' id='word_1_290' title='bbox 552 3355 653 3397; x_wconf 90' lang='lat' dir='ltr'>annos</span> <span class='ocrx_word' id='word_1_291' title='bbox 672 3333 850 3417; x_wconf 89' lang='lat' dir='ltr'>loquendi,</span> <span class='ocrx_word' id='word_1_292' title='bbox 873 3335 1014 3399; x_wconf 91' lang='lat' dir='ltr'>dicendo</span> <span class='ocrx_word' id='word_1_293' title='bbox 1032 3337 1127 3420; x_wconf 89' lang='lat' dir='ltr'>quod</span> <span class='ocrx_word' id='word_1_294' title='bbox 1149 3338 1202 3402; x_wconf 86' lang='lat' dir='ltr'>he·</span> 
     </span>
     <span class='ocr_line' id='line_1_37' title="bbox 77 3414 1202 3506; baseline 0.001 -24"><span class='ocrx_word' id='word_1_295' title='bbox 77 3419 174 3482; x_wconf 89' lang='lat' dir='ltr'>redes</span> <span class='ocrx_word' id='word_1_296' title='bbox 196 3440 264 3480; x_wconf 88' lang='lat' dir='ltr'>esse</span> <span class='ocrx_word' id='word_1_297' title='bbox 287 3439 354 3479; x_wconf 90' lang='lat' dir='ltr'>uon</span> <span class='ocrx_word' id='word_1_298' title='bbox 376 3414 531 3478; x_wconf 84' lang='lat' dir='ltr'>debeant:</span> <span class='ocrx_word' id='word_1_299' title='bbox 561 3416 623 3478; x_wconf 89' lang='lat' dir='ltr'>nisi</span> <span class='ocrx_word' id='word_1_300' title='bbox 651 3418 710 3500; x_wconf 90' lang='lat' dir='ltr'>qui</span> <span class='ocrx_word' id='word_1_301' title='bbox 738 3440 797 3500; x_wconf 89' lang='lat' dir='ltr'>per</span> <span class='ocrx_word' id='word_1_302' title='bbox 823 3417 935 3486; x_wconf 83' lang='lat' dir='ltr'><strong>XXX.</strong></span> <span class='ocrx_word' id='word_1_303' title='bbox 964 3414 1071 3484; x_wconf 82' lang='lat' dir='ltr'>annos</span> <span class='ocrx_word' id='word_1_304' title='bbox 1092 3441 1202 3506; x_wconf 84' lang='lat' dir='ltr'>posse-</span> 
     </span>
    </p>
   </div>
   <div class='ocr_carea' id='block_1_9' title="bbox 78 3500 1203 4007">
    <p class='ocr_par' dir='ltr' id='par_1_10' title="bbox 78 3500 1203 4007">
     <span class='ocr_line' id='line_1_38' title="bbox 80 3500 1163 3584; baseline -0.002 -18"><span class='ocrx_word' id='word_1_305' title='bbox 80 3503 220 3579; x_wconf 89' lang='lat' dir='ltr'>derunt,</span> <span class='ocrx_word' id='word_1_306' title='bbox 242 3500 428 3584; x_wconf 86' lang='lat' dir='ltr'>possideant</span> <span class='ocrx_word' id='word_1_307' title='bbox 450 3501 536 3560; x_wconf 91' lang='lat' dir='ltr'>etin</span> <span class='ocrx_word' id='word_1_308' title='bbox 560 3508 666 3566; x_wconf 80' lang='lat' dir='ltr'>antes.</span> <span class='ocrx_word' id='word_1_309' title='bbox 707 3501 747 3562; x_wconf 90' lang='lat'>11.</span> <span class='ocrx_word' id='word_1_310' title='bbox 769 3501 799 3568; x_wconf 89' lang='lat'>8.</span> <span class='ocrx_word' id='word_1_311' title='bbox 820 3501 851 3564; x_wconf 89' lang='grc'>6.</span> <span class='ocrx_word' id='word_1_312' title='bbox 1160 3561 1163 3568; x_wconf 80' lang='grc'>,</span> 
     </span>
     <span class='ocr_line' id='line_1_39' title="bbox 148 3582 1203 3654; baseline 0.003 -18"><span class='ocrx_word' id='word_1_313' title='bbox 148 3603 231 3637; x_wconf 80' lang='lat' dir='ltr'>scau.</span> <span class='ocrx_word' id='word_1_314' title='bbox 266 3586 345 3636; x_wconf 81' lang='lat' dir='ltr'>Petne</span> <span class='ocrx_word' id='word_1_315' title='bbox 369 3590 399 3635; x_wconf 90' lang='lat' dir='ltr'>te</span> <span class='ocrx_word' id='word_1_316' title='bbox 420 3583 542 3654; x_wconf 85' lang='lat' dir='ltr'>appellat</span> <span class='ocrx_word' id='word_1_317' title='bbox 553 3582 710 3647; x_wconf 81' lang='lat' dir='ltr'>Martinus,</span> <span class='ocrx_word' id='word_1_318' title='bbox 732 3585 808 3653; x_wconf 88' lang='lat' dir='ltr'>quod</span> <span class='ocrx_word' id='word_1_319' title='bbox 824 3593 855 3638; x_wconf 90' lang='lat' dir='ltr'>tu</span> <span class='ocrx_word' id='word_1_320' title='bbox 873 3593 953 3637; x_wconf 89' lang='lat' dir='ltr'>tenes</span> <span class='ocrx_word' id='word_1_321' title='bbox 969 3582 1022 3636; x_wconf 89' lang='lat' dir='ltr'>sibi</span> <span class='ocrx_word' id='word_1_322' title='bbox 1040 3585 1118 3638; x_wconf 86' lang='lat' dir='ltr'>malo</span> <span class='ocrx_word' id='word_1_323' title='bbox 1132 3587 1203 3640; x_wconf 91' lang='lat' dir='ltr'>ordi-</span> 
     </span>
     <span class='ocr_line' id='line_1_40' title="bbox 78 3653 1203 3725; baseline 0.002 -17"><span class='ocrx_word' id='word_1_324' title='bbox 78 3673 115 3708; x_wconf 90' lang='lat' dir='ltr'>ne</span> <span class='ocrx_word' id='word_1_325' title='bbox 131 3665 229 3708; x_wconf 88' lang='lat' dir='ltr'>terram</span> <span class='ocrx_word' id='word_1_326' title='bbox 248 3655 276 3706; x_wconf 90' lang='lat' dir='ltr'>in</span> <span class='ocrx_word' id='word_1_327' title='bbox 297 3654 347 3708; x_wconf 85' lang='lat' dir='ltr'>tali</span> <span class='ocrx_word' id='word_1_328' title='bbox 364 3654 436 3706; x_wconf 88' lang='lat' dir='ltr'>loco.</span> <span class='ocrx_word' id='word_1_329' title='bbox 472 3653 534 3724; x_wconf 89' lang='lat' dir='ltr'>Ipsa</span> <span class='ocrx_word' id='word_1_330' title='bbox 557 3661 629 3704; x_wconf 84' lang='lat' dir='ltr'>terra</span> <span class='ocrx_word' id='word_1_331' title='bbox 654 3671 715 3706; x_wconf 83' lang='lat' dir='ltr'>mea</span> <span class='ocrx_word' id='word_1_332' title='bbox 732 3655 839 3725; x_wconf 87' lang='lat' dir='ltr'>propria</span> <span class='ocrx_word' id='word_1_333' title='bbox 867 3663 908 3707; x_wconf 87' lang='lat' dir='ltr'>est</span> <span class='ocrx_word' id='word_1_334' title='bbox 925 3672 974 3725; x_wconf 86' lang='lat' dir='ltr'>per</span> <span class='ocrx_word' id='word_1_335' title='bbox 997 3658 1203 3710; x_wconf 86' lang='lat' dir='ltr'>successionem</span> 
     </span>
     <span class='ocr_line' id='line_1_41' title="bbox 79 3723 1201 3796; baseline 0 -16"><span class='ocrx_word' id='word_1_336' title='bbox 79 3726 133 3780; x_wconf 86' lang='lat' dir='ltr'>mei</span> <span class='ocrx_word' id='word_1_337' title='bbox 151 3725 253 3796; x_wconf 85' lang='lat' dir='ltr'>patris,</span> <span class='ocrx_word' id='word_1_338' title='bbox 281 3733 309 3777; x_wconf 88' lang='lat' dir='ltr'>et</span> <span class='ocrx_word' id='word_1_339' title='bbox 326 3723 375 3777; x_wconf 92' lang='lat' dir='ltr'>tui.</span> <span class='ocrx_word' id='word_1_340' title='bbox 400 3724 452 3778; x_wconf 83' lang='lat' dir='ltr'>Vel</span> <span class='ocrx_word' id='word_1_341' title='bbox 468 3723 514 3776; x_wconf 86' lang='lat' dir='ltr'>ita.</span> <span class='ocrx_word' id='word_1_342' title='bbox 554 3723 651 3787; x_wconf 83' lang='lat' dir='ltr'>Petne,</span> <span class='ocrx_word' id='word_1_343' title='bbox 670 3733 699 3776; x_wconf 92' lang='lat' dir='ltr'>te</span> <span class='ocrx_word' id='word_1_344' title='bbox 718 3727 840 3794; x_wconf 86' lang='lat' dir='ltr'>appellat</span> <span class='ocrx_word' id='word_1_345' title='bbox 857 3726 1010 3788; x_wconf 84' lang='lat' dir='ltr'>Martinus,</span> <span class='ocrx_word' id='word_1_346' title='bbox 1031 3727 1101 3796; x_wconf 87' lang='lat' dir='ltr'>qnia</span> <span class='ocrx_word' id='word_1_347' title='bbox 1119 3737 1201 3791; x_wconf 88' lang='lat' dir='ltr'>terra,</span> 
     </span>
     <span class='ocr_line' id='line_1_42' title="bbox 79 3793 1203 3868; baseline 0.001 -19"><span class='ocrx_word' id='word_1_348' title='bbox 79 3814 152 3868; x_wconf 87' lang='lat' dir='ltr'>quae</span> <span class='ocrx_word' id='word_1_349' title='bbox 169 3799 198 3848; x_wconf 86' lang='lat' dir='ltr'>iu</span> <span class='ocrx_word' id='word_1_350' title='bbox 217 3796 267 3849; x_wconf 91' lang='lat' dir='ltr'>tali</span> <span class='ocrx_word' id='word_1_351' title='bbox 284 3796 347 3848; x_wconf 92' lang='lat' dir='ltr'>loco</span> <span class='ocrx_word' id='word_1_352' title='bbox 366 3803 423 3858; x_wconf 93' lang='lat' dir='ltr'>est,</span> <span class='ocrx_word' id='word_1_353' title='bbox 442 3812 491 3846; x_wconf 84' lang='lat' dir='ltr'>sua</span> <span class='ocrx_word' id='word_1_354' title='bbox 511 3800 552 3845; x_wconf 89' lang='lat' dir='ltr'>est</span> <span class='ocrx_word' id='word_1_355' title='bbox 571 3801 598 3844; x_wconf 87' lang='lat' dir='ltr'>et</span> <span class='ocrx_word' id='word_1_356' title='bbox 616 3801 647 3844; x_wconf 89' lang='lat' dir='ltr'>tn</span> <span class='ocrx_word' id='word_1_357' title='bbox 665 3793 717 3846; x_wconf 90' lang='lat' dir='ltr'>sibi</span> <span class='ocrx_word' id='word_1_358' title='bbox 737 3811 796 3846; x_wconf 88' lang='lat' dir='ltr'>eam</span> <span class='ocrx_word' id='word_1_359' title='bbox 815 3794 930 3848; x_wconf 87' lang='lat' dir='ltr'>detines.</span> <span class='ocrx_word' id='word_1_360' title='bbox 974 3796 1052 3866; x_wconf 88' lang='lat' dir='ltr'>Quid</span> <span class='ocrx_word' id='word_1_361' title='bbox 1069 3797 1124 3849; x_wconf 91' lang='lat' dir='ltr'>tibi</span> <span class='ocrx_word' id='word_1_362' title='bbox 1142 3816 1203 3868; x_wconf 91' lang='lat' dir='ltr'>per-</span> 
     </span>
     <span class='ocr_line' id='line_1_43' title="bbox 79 3862 1203 3932; baseline -0.003 -10"><span class='ocrx_word' id='word_1_363' title='bbox 79 3866 171 3922; x_wconf 79' lang='lat' dir='ltr'>tinet?</span> <span class='ocrx_word' id='word_1_364' title='bbox 195 3869 246 3920; x_wconf 89' lang='lat' dir='ltr'>Per</span> <span class='ocrx_word' id='word_1_365' title='bbox 263 3865 463 3919; x_wconf 86' lang='lat' dir='ltr'>successionem</span> <span class='ocrx_word' id='word_1_366' title='bbox 481 3862 535 3915; x_wconf 91' lang='lat' dir='ltr'>mei</span> <span class='ocrx_word' id='word_1_367' title='bbox 552 3863 644 3932; x_wconf 89' lang='lat' dir='ltr'>patris.</span> <span class='ocrx_word' id='word_1_368' title='bbox 680 3866 751 3918; x_wconf 81' lang='lat' dir='ltr'>Vere</span> <span class='ocrx_word' id='word_1_369' title='bbox 769 3866 795 3916; x_wconf 89' lang='lat' dir='ltr'>ei</span> <span class='ocrx_word' id='word_1_370' title='bbox 814 3865 1005 3928; x_wconf 88' lang='lat' dir='ltr'>Psuccessisti,</span> <span class='ocrx_word' id='word_1_371' title='bbox 1024 3867 1076 3920; x_wconf 90' lang='lat' dir='ltr'>sed</span> <span class='ocrx_word' id='word_1_372' title='bbox 1092 3885 1203 3921; x_wconf 90' lang='lat' dir='ltr'>mecum</span> 
     </span>
     <span class='ocr_line' id='line_1_44' title="bbox 79 3931 1203 4007; baseline 0.003 -14"><span class='ocrx_word' id='word_1_373' title='bbox 79 3939 164 3994; x_wconf 90' lang='lat' dir='ltr'>debes</span> <span class='ocrx_word' id='word_1_374' title='bbox 183 3938 210 3990; x_wconf 86' lang='lat' dir='ltr'>ei</span> <span class='ocrx_word' id='word_1_375' title='bbox 227 3937 384 3990; x_wconf 88' lang='lat' dir='ltr'>succedere.</span> <span class='ocrx_word' id='word_1_376' title='bbox 420 3934 486 3990; x_wconf 89' lang='lat' dir='ltr'>Nou</span> <span class='ocrx_word' id='word_1_377' title='bbox 504 3931 588 3988; x_wconf 87' lang='lat' dir='ltr'>debes</span> <span class='ocrx_word' id='word_1_378' title='bbox 605 3942 637 3988; x_wconf 89' lang='lat' dir='ltr'>tu</span> <span class='ocrx_word' id='word_1_379' title='bbox 656 3949 720 3988; x_wconf 90' lang='lat' dir='ltr'>eum</span> <span class='ocrx_word' id='word_1_380' title='bbox 737 3935 901 3999; x_wconf 82' lang='lat' dir='ltr'>succedere,</span> <span class='ocrx_word' id='word_1_381' title='bbox 928 3935 995 4007; x_wconf 87' lang='lat' dir='ltr'>quia</span> <span class='ocrx_word' id='word_1_382' title='bbox 1017 3945 1050 3990; x_wconf 93' lang='lat' dir='ltr'>tu</span> <span class='ocrx_word' id='word_1_383' title='bbox 1071 3957 1101 3992; x_wconf 89' lang='lat' dir='ltr'>es</span> <span class='ocrx_word' id='word_1_384' title='bbox 1121 3948 1203 3996; x_wconf 75' lang='lat' dir='ltr'>uatus</span> 
     </span>
    </p>
   </div>
   <div class='ocr_carea' id='block_1_10' title="bbox 77 4138 1205 4308">
    <p class='ocr_par' dir='ltr' id='par_1_11' title="bbox 77 4138 1205 4308">
     <span class='ocr_line' id='line_1_45' title="bbox 143 4138 1205 4216; baseline -0.011 -14"><span class='ocrx_word' id='word_1_385' title='bbox 143 4149 182 4216; x_wconf 79' lang='lat' dir='ltr'>y)</span> <span class='ocrx_word' id='word_1_386' title='bbox 199 4145 335 4201; x_wconf 84' lang='lat' dir='ltr'>Heroldns</span> <span class='ocrx_word' id='word_1_387' title='bbox 351 4144 425 4200; x_wconf 89' lang='lat' dir='ltr'>hauc</span> <span class='ocrx_word' id='word_1_388' title='bbox 445 4141 652 4215; x_wconf 85' lang='lat' dir='ltr'>inscriptionem</span> <span class='ocrx_word' id='word_1_389' title='bbox 675 4138 723 4194; x_wconf 87' lang='lat' dir='ltr'>sed</span> <span class='ocrx_word' id='word_1_390' title='bbox 743 4139 802 4196; x_wconf 88' lang='lat' dir='ltr'>sine</span> <span class='ocrx_word' id='word_1_391' title='bbox 822 4141 932 4216; x_wconf 73' lang='lat' dir='ltr'>prologo</span> <span class='ocrx_word' id='word_1_392' title='bbox 956 4141 1044 4199; x_wconf 87' lang='lat' dir='ltr'>habet</span> <span class='ocrx_word' id='word_1_393' title='bbox 1070 4155 1139 4209; x_wconf 86' lang='lat' dir='ltr'>ante</span> <span class='ocrx_word' id='word_1_394' title='bbox 1158 4165 1205 4204; x_wconf 80' lang='lat' dir='ltr'>ca.</span> 
     </span>
     <span class='ocr_line' id='line_1_46' title="bbox 77 4219 348 4308; baseline -0.011 -33"><span class='ocrx_word' id='word_1_395' title='bbox 77 4227 129 4292; x_wconf 83' lang='lat' dir='ltr'>put</span> <span class='ocrx_word' id='word_1_396' title='bbox 149 4219 322 4291; x_wconf 83' lang='lat' dir='ltr'>praecedens.</span> <span class='ocrx_word' id='word_1_397' title='bbox 347 4303 348 4308; x_wconf 7' lang='grc' dir='ltr'>ἵ</span> 
     </span>
    </p>
   </div>
   <div class='ocr_carea' id='block_1_11' title="bbox 0 0 1274 4822">
    <p class='ocr_par' dir='ltr' id='par_1_12' title="bbox 0 0 1274 4822">
     <span class='ocr_line' id='line_1_47' title="bbox 0 0 1274 4822; baseline 0 3"><span class='ocrx_word' id='word_1_398' title='bbox 0 0 1274 4822; x_wconf 95' lang='lat' dir='ltr'> </span> 
     </span>
    </p>
   </div>
  </div>
 </body>
</html>
