2648 4874
140 253 217 341 49⁰
358 271 465 344 assas
479 273 768 332 msrcomoaan
786 275 853 330 arn
870 277 922 334 ιιι.
938 276 1011 332 rrr.
1027 267 1077 334 vr.

139 423 295 502 patescat.
324 414 432 478 carta
452 413 479 478 si
499 437 560 479 nee
584 435 770 480 communes
788 414 867 489 filii,
895 437 956 480 uec
976 438 1016 480 ex
1033 417 1132 502 priori
1148 419 1249 504 ipsias

138 501 200 564 viri
234 497 388 580 coniugio
416 497 534 578 geniti,
552 497 748 582 superstites
776 499 961 562 extiterinta
995 509 1027 562 et
1051 522 1088 562 ea
1112 505 1247 568 forsitan

138 580 275 659 mulier,
296 600 381 662 quae
398 579 511 642 relicta
532 591 597 659 est,
620 603 660 642 ex
678 579 778 662 priori
795 581 892 664 digno
916 582 1069 666 coniugio
1089 585 1173 649 filios
1196 587 1248 646 vi-

138 665 254 727 deatur
273 663 412 740 haltere,
433 662 509 746 ipsis
532 665 646 746 procul
665 663 762 728 dubio
779 663 904 724 licitum
926 665 987 728 erit
1003 678 1178 728 maternam
1194 691 1249 730 vo-

138 769 210 820 cem
238 766 396 814 asserere:
425 757 598 809 uteorum
623 745 776 806 instantia
797 747 1009 822 seminarit,
1039 748 1130 810 iuxta
1150 773 1246 834 prae·

137 829 390 912 sentemlegem,
412 829 562 893 scelerati
578 851 714 913 persona
727 827 883 906 damnata,
905 830 1089 892 facultatem
1106 830 1176 898 eins
1194 833 1246 894 in·

137 912 325 974 dubitanter
344 908 520 972 obtineant.
562 911 627 972 lam
650 933 751 988 vero,
782 911 808 974 si
835 911 1070 993 praedictarum
1089 936 1245 997 persona-

136 1016 229 1071 rum,
259 994 313 1056 rel
342 993 404 1056 viri
429 996 480 1056 vel
499 993 663 1072 mulieris,
696 994 874 1056 secuudum
889 995 1067 1076 praefatum
1085 997 1246 1075 ordinem,

136 1077 197 1139 lilii
210 1077 322 1139 deesse
334 1084 531 1141 noscuntur:
553 1085 754 1160 contemptae
770 1076 914 1138 mulieris
932 1076 1145 1140 hereditatem
1166 1089 1245 1142 tunc

135 1169 227 1223 recte
252 1157 444 1242 propinquis
479 1159 549 1221 eius
580 1157 728 1241 capiendi
757 1157 883 1219 licitum
903 1160 982 1238 erit,
1012 1160 1038 1222 si
1059 1159 1246 1243 despectum

60 1255 62 1260 '
159 1239 338 1324 ropinquae
358 1239 553 1302 vindicaturi
577 1238 760 1324 spernentis
774 1241 836 1301 viri
853 1243 1145 1326 praesumptionem
1162 1246 1247 1328 lega·

134 1264 215 1391 liter
245 1323 522 1386 condemnandam
546 1323 734 1391 institerint.
787 1324 922 1385 Maritus
952 1335 1077 1403 antem,
1105 1328 1163 1407 qui
1191 1327 1245 1388 uel

136 1404 268 1470 divortii
283 1404 335 1466 rel
350 1405 531 1469 securitatis
548 1405 717 1487 aconiuge
734 1406 922 1488 scripturam
935 1407 1112 1489 quamlibet
1131 1429 1245 1491 exege-

135 1489 199 1566 rit,
221 1509 279 1550 seu
296 1488 428 1548 fortasse
443 1509 508 1548 non
524 1489 671 1572 exigens,
694 1498 876 1570 contempta
889 1499 994 1550 tamen
1006 1497 1132 1568 uxo're,
1148 1491 1244 1551 aliam

135 1571 197 1634 sihi
217 1591 352 1632 uxorem
372 1571 594 1653 assumpserit,
616 1569 761 1632 ducentis
775 1571 905 1653 publice
923 1573 1112 1636 verberibus
1125 1573 1244 1656 flagel-

135 1653 238 1730 latus,
271 1674 308 1713 ac
331 1653 472 1733 turpiter
493 1654 715 1716 decalvatione
739 1653 885 1715 foedatus
906 1662 962 1717 aut
982 1665 1141 1739 perpetuo
1163 1678 1244 1717 con·

136 1737 311 1798 demuntur
329 1735 451 1812 exilio,
482 1747 537 1796 aut
557 1737 584 1798 si
613 1735 735 1796 donare
757 1735 852 1796 illum
881 1739 1064 1819 cuicunque
1086 1737 1243 1823 principis

136 1827 276 1904 potestas
295 1816 447 1902 elegerit,
475 1817 510 1880 in
535 1840 593 1881 suo
618 1818 768 1879 consistat
788 1818 930 1881 arbitrio.
972 1821 1036 1882 Sed
1062 1831 1093 1882 et
1115 1822 1246 1898 mulier,
1321 1883 1323 1888 ,

135 1922 219 1983 quae
234 1899 359 1978 sciens,
382 1911 438 1961 aut
451 1902 619 1963 occasione
631 1898 776 1982 qualibet
787 1921 983 1984 agnoscens,
1006 1903 1111 1964 virum
1124 1903 1244 1965 hahere

134 1984 340 2067 superstitem
358 2003 509 2059 uxorem,
533 1984 601 2045 eius
623 1982 757 2044 vanitati
778 1984 994 2062 consenserit,
1016 1995 1053 2047 ut
1075 1985 1136 2068 ipsi
1154 2007 1188 2068 se
1208 1985 1244 2045 in

54 2119 56 2124 s
135 2065 291 2150 coniugio
311 2066 463 2146 copulet,
493 2065 544 2126 illi
565 2065 712 2148 protinus
733 2065 863 2127 mulieri
879 2067 1035 2128 tradenda
1064 2077 1129 2145 est,
1160 2087 1244 2150 quae

133 2158 319 2232 contempta
338 2149 378 2210 ab
399 2147 512 2210 eodem
532 2148 667 2225 marito,
689 2169 787 2230 quem
808 2147 865 2209 itta
882 2149 991 2210 sortita
1013 2172 1080 2222 esse
1101 2149 1244 2213 dinosci-

132 2243 201 2294 tur:
223 2231 267 2291 ita
289 2238 325 2291 ut
344 2232 409 2290 vita
430 2239 555 2295 tantum
569 2251 737 2307 concessa,
758 2230 899 2292 faciendi
918 2231 959 2293 de
975 2251 1012 2292 ea
1029 2233 1118 2314 quod
1132 2234 1245 2315 elege-

132 2315 196 2392 rit,
215 2315 256 2375 sit
272 2312 322 2373 illi
341 2312 481 2380 libertas.
527 2313 626 2376 Certe
646 2311 672 2374 si
691 2322 761 2395 post
777 2312 923 2376 mulieris
939 2312 1078 2392 obitum,
1101 2316 1243 2376 tiliorum

133 2397 203 2458 eius
220 2394 393 2456 assertione
407 2396 471 2457 tale
489 2395 687 2456 nefassuerit
704 2395 961 2476 comprobatum
982 2406 1037 2458 aut
1054 2397 1082 2460 si
1096 2398 1157 2459 filii
1182 2399 1241 2459 de-

132 2486 227 2554 sunt,
256 2499 274 2536 a
302 2475 496 2559 propinquis
523 2477 698 2541 heredibus
720 2477 862 2540 extiterit
880 2477 976 2542 huius
999 2479 1047 2542 rei
1075 2481 1239 2562 negotium

130 2568 383 2660 prosequutuma
416 2559 492 2641 ipsis
514 2557 663 2620 similiter
677 2556 936 2641 'praevaricatrix
956 2561 1077 2624 mulier.
1097 2563 1240 2624 tradatur

131 2665 168 2703 rn
190 2650 397 2725 potestatem,
419 2651 455 2703 ut
476 2642 590 2703 eodem
611 2641 751 2720 iudicio,
771 2663 837 2723 quo
852 2643 970 2705 mulier
986 2653 1169 2726 contempta
1189 2645 1241 2709 de·

109 2722 266 2800 ¹lauerat,
287 2724 327 2784 de
351 2745 488 2806 persona
511 2724 580 2786 eius
592 2753 604 2801 ,¹
624 2725 742 2807 absque
762 2724 873 2786 mortis
895 2724 1027 2786 interitu
1048 2726 1241 2793 sententiam

131 2809 248 2870 ferant.
291 2807 395 2882 Sane,
425 2805 503 2884 quia
516 2827 576 2890 per
598 2807 750 2868 mulieres
766 2808 861 2868 etiam
881 2804 977 2870 huius
1003 2807 1052 2869 rai
1076 2807 1241 2870 interdum

130 2888 202 2952 fieri
224 2888 306 2950 solet
325 2888 529 2966 scandalum,
551 2899 587 2948 ut
607 2890 717 2950 favore
737 2889 860 2972 Regum
884 2890 937 2951 vel
956 2891 1119 2968 iudicum,
1153 2891 1240 2952 viros

129 2970 278 3058 proprios
289 2991 442 3052 spernere
457 2971 647 3036 rideanturs
668 2969 825 3052 ideoque,
847 2970 872 3034 si
887 2993 1099 3057 quaecunque
1110 2972 1241 3052 mulier,

130 3054 192 3118 sivi
211 3053 374 3134 Principis
392 3073 454 3134 ope
466 3097 480 3126 ,
503 3063 558 3114 aut
576 3074 772 3138 quocunque
799 3053 949 3137 ingenio,
981 3077 1040 3118 seu
1066 3053 1241 3118 cuiuslibet

129 3135 272 3214 auxilio,
295 3134 472 3196 intenderit
491 3135 577 3198 inter
596 3158 629 3198 se
657 3145 689 3196 et
714 3135 819 3198 virum
837 3158 930 3198 suum
961 3138 1134 3201 divortium
1156 3137 1239 3215 fieri,

128 3219 184 3284 vel
206 3218 247 3279 ad
265 3216 398 3279 alterius
420 3217 483 3278 viri
500 3218 687 3302 coniugium
705 3219 838 3280 transire
859 3221 1076 3298 consenserit,
1098 3221 1133 3282 in
1153 3218 1241 3282 eius-

129 3303 204 3368 dem
233 3298 369 3382 legitimi
394 3299 457 3360 viri
488 3299 539 3362 sni
571 3323 645 3364 cum
667 3301 813 3363 omnihus
844 3301 939 3366 rebus
961 3303 1025 3364 suis
1049 3311 1240 3384 potestatem

128 3383 280 3461 redacta,
320 3383 445 3444 eadem·
459 3404 543 3466 quae
566 3382 713 3466 superius
733 3384 882 3466 maritum
907 3406 1010 3467 poena
1036 3385 1239 3468 constringit,

124 3467 182 3530 ael
200 3487 283 3546 quae
303 3465 344 3526 de
363 3464 459 3527 rehus
480 3487 592 3526 eorum
612 3475 659 3526 est
674 3467 833 3528 sententia
850 3467 1043 3545 constituta,
1065 3467 1239 3528 sceleratae

128 3547 275 3609 mulieris
304 3546 474 3609 damnetur
500 3547 672 3613 temeritas.
733 3548 854 3610 Similis
885 3570 1015 3631 quoque
1042 3559 1073 3610 et
1097 3551 1136 3610 de
1159 3549 1238 3610 viris

129 3631 240 3692 forma·
255 3628 452 3708 servabitur,
482 3629 539 3714 qui
561 3651 697 3692 uxorem
718 3630 848 3692 alterius
869 3632 921 3691 vel
946 3653 1093 3715 sponsam
1119 3631 1180 3692 sibi
1203 3633 1237 3692 in

130 3712 319 3794 coniugium
347 3711 469 3774 sociare
496 3711 780 3794 praesumpserint.¹
830 3715 877 3774 Ea
901 3723 1024 3774 tantum
1048 3714 1237 3776 conditione

126 3804 270 3870 retenta,
293 3803 329 3855 ut
348 3795 374 3858 si
396 3789 710 3873 mulieris'maritus,
733 3796 946 3856 masculorum
968 3797 1160 3858 concubitor
1180 3819 1237 3878 ap·

125 3878 298 3961 probatur,
319 3887 376 3936 aut
397 3877 423 3938 si
443 3877 580 3938 eandem
602 3899 691 3938 suam
714 3899 866 3956 uxorem,
901 3901 939 3939 ea
961 3880 1111 3957 nolente,
1148 3879 1238 3939 adul-

127 3960 294 4021 terandam
326 3959 511 4041 cuicunque
544 3960 615 4021 viro
650 3960 861 4022 dedissc'vel
890 3961 1069 4044 permisisse
1097 3962 1237 4022 convin-

128 4043 232 4119 citur,
269 4041 345 4124 quia
372 4043 436 4102 tale
466 4043 555 4104 nefas
586 4043 656 4106 lieri
686 4064 888 4125 nequaquam
924 4044 1010 4106 inter
1036 4044 1237 4106 Christianos

128 4131 271 4208 oportet,
295 4124 440 4186 nubendi
462 4125 591 4186 mulieri
611 4125 704 4188 alteri
728 4125 818 4202 viro,
841 4126 867 4186 si
889 4127 1037 4188 voluntas
1058 4126 1128 4189 eius
1151 4126 1237 4188 exti-

126 4208 218 4288 terit,
237 4208 423 4274 nullateuus
440 4207 602 4272 inlicitum
625 4207 700 4272 erit,
735 4209 815 4281 Nara
830 4208 861 4273 si
883 4209 916 4274 in
939 4209 1093 4293 coniugio
1111 4208 1237 4298 positis,
