2632 4822
443 259 613 322 euterun
648 257 824 326 uerutus
1108 255 1183 330 753

68 413 156 478 statis
195 416 322 475 nostrae
351 405 574 486 subdiderint,
602 401 727 489 legibus
760 409 1182 494 nostrisLangobardorum

67 497 179 559 rivere
206 494 363 570 debeant,
398 489 459 551 nisi
492 489 599 571 legem
619 511 709 551 suurn
735 511 752 550 a
774 492 892 573 pietate
921 505 1029 556 nostra
1058 519 1182 559 merue-

66 581 144 645 rint.
185 575 220 637 Si
247 575 408 658 legitimos
430 570 514 632 tilios
537 572 727 649 habuerint,
754 570 891 636 heredes
907 597 1019 638 eorum
1054 577 1087 638 in
1114 601 1183 640 om-

23 665 28 671 “
67 661 163 721 nibus
185 658 268 720 sicut
289 666 322 719 et
353 655 414 716 filii
443 654 581 736 legitimi
610 653 911 738 Langobardorum,
943 657 1093 722 existant.
1143 661 1185 724 Et

67 743 94 805 si
116 742 199 804 filios
225 759 291 803 non
325 737 501 800 habuerint
516 736 697 820 legitimos,
720 738 848 802 nonsit
871 739 938 802 illis
957 751 1097 825 potestas
1118 743 1186 807 abs·

68 846 132 908 que
160 823 302 886 iussione
325 815 423 904 Reigis
441 840 493 882 res
520 841 593 883 suas
620 819 815 902 cuicumque
843 821 912 884 thiu
939 845 1010 902 are,
1047 823 1102 886 aut
1125 849 1186 912 per

64 907 239 1056 qplodlqbet
270 903 461 989 ingenium,
495 912 552 965 aut
578 919 639 988 per
663 902 843 986 quemlihet
866 845 1001 968 tittilum
1032 907 1184 976 a'lienare.
1222 965 1225 971 Δ

121 1040 130 1058 .
155 1011 165 1050 1
194 1037 202 1056 0
230 1007 257 1050 10

367 1122 547 1168 Pseonstto
593 1121 683 1166 ntets
722 1121 889 1166 nonestus.

151 1217 319 1282 Praesenti
344 1238 423 1280 aera
454 1215 671 1301 dispositionis
700 1229 827 1278 nostrae
855 1216 980 1297 edicta,
1011 1219 1186 1304 quod-Deo

67 1306 222 1390 propitio,
241 1323 312 1364 cum
322 1320 441 1362 summo
451 1299 558 1362 studio
575 1312 606 1360 et
620 1299 748 1360 summis
759 1300 880 1380 uigiliis
896 1314 926 1362 ct
935 1301 1065 1366 coelesti
1070 1304 1187 1388 favore

67 1387 250 1472 praestitis,
274 1385 469 1467 inquirentes
490 1395 520 1443 et
542 1393 784 1444 rememorantes
797 1384 941 1464 antiquas
957 1384 1040 1464 leges
1057 1400 1188 1472 patrum

71 1481 274 1539 nostrarum,
297 1487 376 1550 quae
394 1465 531 1547 scriptae
553 1474 747 1541 nonerunt,
770 1465 1020 1526 condidissemus
1041 1490 1094 1548 eas
1108 1490 1186 1553 quos

71 1551 285 1614 communibus
315 1547 455 1610 amnium
481 1547 584 1627 gentis
613 1557 739 1606 nostrae
775 1545 964 1609 utilitatibus
991 1549 1186 1634 expediunt,

68 1636 144 1718 pari
162 1631 295 1693 consilia
314 1631 448 1713 parique
462 1649 615 1692 consensu
633 1643 704 1688 eum
728 1627 882 1691 Primatis
904 1627 1066 1694 Iudicibus
1095 1629 1187 1698 canc·
1224 1647 1227 1653 '
1256 1647 1257 1651 ’

71 1729 164 1799 toque
185 1713 377 1794 felicissimo
409 1711 553 1772 exercitu
579 1721 710 1792 augente
744 1711 983 1796 constituimus,
1005 1727 1046 1790 ¹et
1077 1718 1111 1775 in
1128 1718 1187 1779 icoc

71 1798 252 1860 membrano
268 1795 411 1870 ¹scribere
444 1794 613 1866 iussimus,
632 1804 864 1878 pertractantes
891 1795 948 1872 b),
989 1809 1021 1858 et
1043 1800 1101 1862 sub
1127 1802 1186 1861 lioc

72 1893 176 1942 tamen
202 1878 340 1959 capitulo
370 1886 587 1946 reservantes,
626 1888 661 1935 ut
689 1873 778 1958 quod
807 1891 961 1937 annuente
981 1875 1093 1942 diuina
1121 1884 1153 1942 cl
1170 1917 1187 1930 -

71 1962 189 2023 mentia
214 1979 275 2042 per
303 1958 447 2020 subtilem
470 1957 705 2035 inquisitionem
734 1955 774 2017 de
801 1961 939 2042 antiquis
960 1961 1080 2040 legibus
1098 1963 1187 2024 Lan·

70 2041 288 2124 gobardorum
309 2053 373 2102 tam
397 2059 458 2125 per
478 2051 601 2101 nosmet
629 2041 742 2123 ipsos,
766 2061 858 2122 quam
880 2058 941 2124 per
966 2045 1112 2124 antiquos
1126 2067 1188 2106 me·

75 2145 200 2188 morare
227 2123 441 2207 potuerimus,
479 2123 514 2182 in
550 2122 609 2183 hoc
648 2121 752 2183 edicto
783 2123 969 2202 subiungere
1009 2123 1186 2189 debeamus.
1253 2136 1283 2146 “’

73 2206 238 2268 Addentes
266 2205 460 2287 quinetiam
479 2223 538 2284 per
565 2204 744 2283 gairititina·
769 2203 940 2266 secundum
964 2207 1059 2270 ritum
1084 2203 1186 2291 'gentis

74 2301 203 2352 nostrae
220 2285 466 2371 confirmantes,
489 2299 523 2347 ut
543 2289 586 2347 sit
599 2287 674 2348 haec
692 2287 748 2348 lex
758 2285 865 2370 firma
879 2299 911 2346 et
926 2289 1060 2368 stabilis,
1082 2294 1187 2372 quati-

73 2391 133 2432 nus
152 2372 269 2432 nostris
287 2368 488 2451 felicissimis
508 2381 539 2430 et
555 2367 679 2448 suturis
701 2369 892 2452 temporibus
903 2369 1052 2454 firmiter
1080 2385 1111 2436 ct
1135 2375 1186 2436 in-

72 2453 269 2516 violabiliter
289 2453 329 2515 ab
350 2452 494 2515 omnibus
514 2452 634 2513 nostris
655 2452 803 2513 subiectis
837 2447 1051 2515 custodiatur]
1078 2448 1083 2457 ”

383 2587 553 2630 conciano
582 2575 687 2628 uentu
714 2585 877 2630 nonnanis.
1018 2639 1021 2646 ¹

155 2649 200 2718 Et
221 2652 279 2715 icoc
304 2647 451 2713 addimus
482 2663 574 2732 atque
597 2647 786 2732 desinimus,
816 2661 851 2710 ut
871 2657 1020 2726 caussae,
1043 2673 1122 2737 quae
1141 2657 1187 2737 fi.

72 2733 156 2796 nitae
184 2748 275 2808 sunt,
298 2755 363 2796 non
386 2732 602 2796 revolvantur.
654 2731 741 2815 Quae
765 2744 868 2792 autem
901 2753 964 2793 non
986 2726 1189 2820 suntfiuitae

73 2831 105 2878 et
138 2840 158 2876 a
172 2830 336 2900 praesente
360 2813 471 2881 XXII.
493 2813 545 2874 die
566 2815 681 2873 mensis
705 2815 796 2888 iuius
818 2813 1010 2876 Nouembris
1032 2820 1187 2883 indictio.

73 2921 112 2960 ne
132 2899 178 2960 II.
199 2901 365 2983 inquisitae
396 2909 451 2958 aut
468 2895 570 2958 motae
587 2893 731 2977 suerint,
757 2917 817 2981 per
848 2897 906 2958 icoc
936 2895 1074 2962 edictum
1106 2905 1188 2966 inci-

74 2983 212 3053 dantur,
235 2995 266 3042 et
273 2979 446 3066 finiantur.
673 3057 676 3062 ι
1047 2995 1049 2998 ·
1089 2981 1091 2984 ’

156 3062 199 3123 Et
222 3065 280 3125 hoc
313 3062 503 3142 generaliter
524 3059 635 3122 damus
657 3061 691 3120 in
714 3055 890 3140 mandatis,
916 3071 955 3122 ne
973 3061 1081 3148 aliqua
1090 3066 1188 3147 fraus

71 3166 132 3234 per
158 3145 272 3204 vitium
291 3145 499 3227 Scriptorum·
518 3145 552 3203 in
573 3145 632 3206 trac
654 3142 758 3204 edicto
780 3141 976 3205 adhibeatur.
1018 3147 1057 3206 Si
1082 3149 1189 3229 aliqua

65 3229 171 3312 suerit
191 3227 343 3302 intentio,
374 3225 461 3285 nulio
485 3227 550 3286 alio
578 3225 755 3307 exemplari
782 3222 932 3285 credatur
951 3237 1006 3285 arat
1038 3231 1189 3312 suscipia-

76 3325 147 3387 tur,
180 3311 243 3368 nisi
274 3303 362 3391 quod
380 3327 440 3388 per
464 3327 573 3368 manus
587 3305 744 3367 Anscaidi
761 3307 891 3366 Notarii
915 3308 1018 3368 nostri
1035 3311 1187 3392 scriptam

75 3405 131 3456 aut
160 3393 372 3470 recognitum,
404 3407 459 3448 seu
488 3389 673 3469 requisitum
691 3387 816 3471 suerit,
847 3389 903 3468 qui
939 3391 998 3451 Iaoc
1024 3412 1083 3474 per
1114 3385 1188 3454 nos·
1219 3402 1223 3410 “

76 3487 159 3537 tram
186 3473 357 3532 iussionem
386 3472 523 3554 scripsit.
652 3471 654 3475 ’
826 3469 836 3488 '
996 3485 1011 3556 '¹

191 3575 252 3615 nso
274 3573 417 3620 ansuis.
459 3573 554 3619 auen.
594 3572 740 3616 anesten*
765 3569 897 3614 saierus
919 3571 1092 3638 nonnam„

146 3725 175 3792 b)
200 3723 246 3776 stc
264 3721 407 3778 Heroldus.
443 3722 574 3776 Murator.
599 3720 678 3779 vero:
708 3723 875 3775 Praesentes
903 3740 967 3776 vero
995 3722 1202 3795 dispositiones.

75 3795 188 3856 Edisti,
217 3811 288 3864 quac
306 3795 366 3846 Deo
386 3791 495 3844 iubente
515 3805 597 3864 atque
613 3792 735 3863 propitio
761 3804 790 3844 et
807 3795 916 3845 summis
931 3794 1049 3863 ,vigitiis
1068 3796 1107 3848 ad
1130 3817 1191 3852 coe-

76 3867 174 3918 lestem
183 3865 313 3936 savorem
329 3863 491 3933 praestitis,
511 3863 685 3930 inquirentes
703 3875 730 3914 ct
747 3875 919 3914 remorantes
944 3867 1081 3936 antiqua:
1105 3870 1190 3937 teges

73 3949 185 4007 patrum
203 3947 369 3997 nostrorum,
389 3949 460 4001 quae
475 3933 594 4002 scriptae
611 3951 668 3984 raon
685 3944 786 3992 erant,
805 3944 833 3982 et
851 3950 902 4000 pra
918 3937 1054 3988 cammunti
1071 3941 1191 3990 omnium

75 4007 167 4074 gentis
184 4016 297 4056 nostrae
316 4003 439 4056 utilitate
458 3999 624 4070 expediunt,
652 4015 758 4070 partem
784 4003 921 4064 corisiiio,
938 4007 1058 4076 parique
1076 4026 1192 4062 consen-

76 4092 109 4125 su
127 4091 187 4126 cum
207 4075 365 4133 Primatos,
393 4069 522 4132 Iudices,
549 4086 729 4142 cunctumque
738 4072 933 4144 jelicissimum
957 4079 1109 4130 exercitum
1128 4099 1191 4132 nos·

76 4156 149 4195 trum
173 4155 305 4211 crigentes
330 4143 536 4208 constituimus,
566 4143 598 4194 in
624 4141 675 4197 hoc
692 4139 876 4198 membranum
904 4146 1024 4201 scribere
1054 4139 1208 4205 iussimus?

77 4214 284 4268 Pertractantes
304 4223 354 4266 etc.
630 4232 637 4243 ·
1199 4231 1203 4238 ’

383 4349 400 4392 a
944 4309 996 4388 48
