2640 4838
38 233 121 312 oss·
238 245 345 306 usu
363 245 660 306 wlsrsoruoauu
677 249 744 305 ua.
764 247 826 305 ru.
845 249 916 305 ιιι.
938 248 993 304 ιιι.

39 393 175 479 istu
194 396 325 452 adm
348 385 554 467 sublevavit,
573 395 608 450 et
627 386 795 452 coelorum
813 388 943 454 aedibus
965 388 1090 454 intulit
1123 392 1165 455 Et

39 495 100 562 per
120 495 218 551 m,
249 469 309 554 qui
329 471 372 534 ad
399 471 580 534 ontionem
605 470 728 533 Heliaei
751 493 902 555 percusso
922 473 1024 555 pallio
1052 474 1166 538 Heliae

40 554 303 642 apludam
320 553 442 619 divisit.
462 558 541 616 Iuro
560 575 620 635 per
631 575 726 631 cum,
745 554 802 635 qni
815 575 1009 616 ornnessuos
1021 557 1167 637 Prophe·

39 651 163 706 samo
178 645 293 702 nacto
315 635 441 721 Spiritu
457 636 616 718 replevit,
637 644 670 698 et
690 636 748 719 qui
767 638 939 702 Danielem
958 659 976 697 a
995 639 1119 700 rabidis
1134 648 1166 701 et

40 719 281 786 imni-imis
297 719 450 782 lcouilm
465 717 625 782 liberavit.
648 719 726 780 luro
745 739 806 802 per
821 741 907 796 eum,
927 721 986 804 qui
1003 731 1072 783 tres
1087 743 1164 804 pue·

38 807 152 872 arn-'nr
167 804 310 868 roamiuo
337 802 423 886 iguis
446 801 591 864 ardentia
613 801 674 862 sub
699 801 804 863 oculis
823 805 920 886 Regis
945 805 1056 866 infesti
1085 827 1165 864 con-

39 907 171 955 m
192 887 344 969 dianam
366 893 434 948 eata
470 884 528 967 qai
547 892 639 946 tenet
668 885 796 946 clavem
823 886 949 963 David,
980 895 1014 948 et
1042 887 1166 947 claudit

39 972 133 1056 qud
157 989 256 1034 aaa
271 967 396 1050 aperit,
419 976 453 1030 et
476 967 581 1050 aperit
600 968 690 1050 quod
712 989 808 1029 nemo
831 969 964 1030 claudit.
1005 972 1087 1030 Iuro
1108 991 1165 1053 per

41 1075 137 1136 m,
173 1051 238 1134 qni.
263 1049 374 1112 omui·
400 1049 579 1127 mirabilia,
620 1059 653 1112 et
673 1049 810 1112 virtutes
838 1061 872 1113 et
914 1053 1006 1136 signa
1039 1055 1074 1114 in
1105 1075 1164 1135 pu-

38 1139 123 1222 put·
157 1134 279 1212 hest,
299 1134 358 1200 ¹nl
384 1133 419 1194 iu
444 1132 517 1196 aliia
549 1133 700 1214 gentibus
727 1133 807 1194 fecit
859 1136 937 1196 iuro
968 1144 1002 1196 et
1029 1157 1092 1217 per
1115 1157 1165 1196 aa·
1214 1181 1218 1193 ι

41 1241 98 1283 ona
123 1218 238 1280 deum
267 1225 439 1300 puuecepta
472 1215 562 1297 legia.
615 1217 693 1278 Iuro
718 1225 751 1278 et
774 1237 834 1298 per
861 1221 970 1280 Iesum
995 1219 1165 1282 Christum

41 1298 236 1366 filiun-moi
257 1296 377 1381 patris:
407 1309 619 1379 sanctumque
641 1299 812 1382 Spiritum,
837 1300 896 1382 qui
924 1301 1024 1361 est-iu
1052 1300 1166 1362 Trini-

41 1395 110 1450 ω
131 1403 218 1448 unua
253 1389 288 1442 at
317 1403 413 1446 verua
438 1383 543 1442 Deua=
574 1389 608 1442 et
634 1382 906 1446 resurrectionem
928 1382 1064 1444 Domini
1094 1405 1166 1444 noa·

42 1467 88 1532 ui
103 1469 187 1528 'lau
207 1462 350 1542 Christi,
378 1464 512 1546 eiusque
538 1461 580 1525 ad
598 1465 709 1526 coelos
728 1466 971 1543 ascensionem,
993 1475 1026 1528 et
1047 1466 1165 1547 glorio·

41 1568 120 1616 sam·
134 1570 171 1612 ac
196 1545 378 1610 terribilem
401 1545 471 1607 eiua
498 1545 694 1625 adveutum,
717 1546 751 1606 iu
775 1568 841 1630 quo
864 1558 1024 1613 venturus
1042 1559 1090 1610 est
1112 1550 1171 1612 iu-.

41 1633 152 1696 dicare
181 1629 273 1692 viros
302 1637 336 1700 et
367 1640 528 1704 mortuos,
554 1629 642 1690 mitis
669 1651 826 1712 apparens
855 1629 965 1709 iustis,
1007 1631 1164 1693 terribilis

44 1711 297 1794 autemimpiit.
338 1711 446 1794 Atque
474 1711 544 1774 eius
566 1713 790 1774 venerandum
819 1734 956 1796 corpus,
984 1723 1016 1776 et
1039 1714 1165 1796 pretio-

40 1795 433 1878 sauteiumauguiuerm
467 1795 525 1874 qui
548 1815 719 1856 caecorum
739 1795 852 1857 oculos
874 1797 1018 1878 aperuit,
1050 1799 1165 1856 surdos

40 1880 155 1944 audire
179 1876 279 1954 facit,
303 1870 497 1960 paralyticos
517 1877 558 1938 ad
578 1899 636 1940 sua
657 1879 799 1940 membru
819 1878 960 1940 reduxit.
1006 1879 1074 1956 Qui
1097 1880 1166 1940 lin-

40 1969 313 2047 guas-mutorum
333 1959 487 2036 resolvit,
517 1959 687 2021 daemonio
707 1970 839 2023 vexatos
865 1959 1005 2039 sanavit,
1029 1962 1165 2022 claudos

40 2056 174 2110 amasae
197 2043 351 2120 lucil,·st
371 2051 516 2103 mortuos
534 2043 716 2120 suscitavit,
745 2044 802 2126 qui
829 2065 927 2128 super
947 2065 1047 2126 aquas
1070 2045 1165 2128 pedi-

39 2126 317 2202 bustamhulnrit,
341 2133 373 2188 et
395 2127 549 2186 Lazarum
569 2134 671 2188 morte
691 2127 890 2204 resolutum,
919 2147 994 2188 cum
1014 2129 1079 2188 ium
1102 2151 1165 2209 pu-

40 2212 241 2281 tredinem
262 2230 337 2274 caro
359 2208 526 2285 solvisset,
560 2207 647 2269 vitae
678 2230 715 2270 ac
740 2210 836 2270 saluti
864 2211 1023 2288 restituit,
1065 2219 1098 2273 et
1129 2211 1162 2269 in

28 2288 412 2378 'gaudianum-lamentum
434 2290 580 2354 mutavit.
623 2291 689 2369 Qui
719 2301 767 2354 est
788 2294 893 2354 factor
921 2294 1048 2369 seculi,
1083 2293 1166 2354 lueis

41 2376 261 2461 principium,
284 2373 397 2434 salutis
420 2383 542 2440 auctor.
593 2373 660 2454 Qui
683 2375 840 2436 mundum
861 2386 936 2436 ortu
957 2397 1015 2437 auo
1041 2376 1168 2437 illumi-

45 2458 154 2534 navit,
186 2455 335 2539 passione
357 2476 415 2520 aua
436 2454 591 2535 redemit,
621 2457 678 2540 qui
700 2458 786 2520 solua
810 2458 896 2520 inter
917 2467 1062 2520 mortuos
1083 2459 1169 2518 liber

45 2538 130 2618 fnit,
158 2546 190 2599 et
212 2559 230 2597 a
253 2546 355 2598 morte
389 2537 496 2597 teneri
518 2560 582 2599 uon
617 2539 730 2622 poluit.
777 2540 843 2618 Qui
868 2549 1004 2612 tartarea,
1026 2542 1172 2602 claustra-

47 2620 256 2697 cornmirittit,
279 2619 373 2682 etde
396 2619 714 2682 inlernobealorum
745 2623 865 2684 animas
894 2623 1059 2707 polentiae
1091 2645 1168 2686 suae

46 2703 212 2767 maiestate
233 2700 363 2798 eripuit.
423 2700 491 2780 Qui
521 2701 646 2766 devicta
676 2715 776 2766 morte
812 2728 959 2784 carnem,
990 2727 1093 2788 quam
1128 2707 1169 2768 de

47 2785 144 2851 terris
164 2785 353 2867 assumpsit,
383 2782 418 2844 in
445 2785 574 2846 coelum
596 2796 667 2871 post
687 2785 801 2850 mundi
822 2788 989 2850 victoriam
1013 2789 1169 2869 deporta-

47 2861 112 2948 rit,
134 2866 310 2932 seilens‘ad
335 2866 500 2928 dexteram
519 2868 581 2929 Dei
603 2870 700 2954 patris
723 2869 978 2954 omnipotentia,
1003 2870 1170 2956 accipiens

48 2950 305 3014 ableoaae‘temi'
325 2949 418 3031 regni
441 2960 637 3032 potestatem.
669 2955 747 3013 Iuro
768 2954 864 3015 etiam
885 2975 942 3037 per
962 2975 1076 3016 omnes
1098 2977 1170 3014 coe·

48 3030 147 3098 lesleb
169 3029 332 3110 virtutes,
359 3041 394 3094 et
416 3053 476 3116 per
502 3035 646 3096 omnium
674 3042 858 3097 sanctorum
885 3047 917 3098 et
936 3037 1169 3120 Apostolorum

32 3118 225 3203 ¹reliquias,
255 3115 322 3176 sine
348 3125 381 3174 et
400 3135 458 3197 per
481 3127 620 3198 quatuor
651 3118 844 3200 Evangelia,
876 3140 960 3202 quae
983 3119 1169 3204 superposi-

49 3203 97 3266 lia'
111 3202 163 3263 llls
184 3197 426 3262 conditionibus
448 3197 482 3259 in
504 3210 705 3262 sacrosancto
732 3201 845 3262 altario
867 3199 944 3281 illo,
978 3203 1069 3284 qnod
1100 3225 1171 3266 rna-

49 3285 146 3346 nibus
168 3281 248 3344 meis
269 3281 423 3343 contineo
443 3282 496 3343 vel
519 3283 683 3364 contingo.
713 3283 797 3362 Quia
821 3285 928 3344 omnia
950 3299 1170 3368 'quaecunque

50 3363 309 3460 inprofessioue
338 3384 409 3426 mea
429 3367 609 3426 renotanda
630 3365 758 3445 eiurari,
786 3367 839 3428 rel
866 3367 1021 3451 colligere
1056 3367 1169 3450 potui,

49 3458 148 3531 quam
172 3445 232 3508 tibi
262 3447 395 3508 domino
427 3467 500 3508 meo
526 3447 598 3525 illi,
634 3447 724 3509 illius
753 3449 837 3512 aedis
859 3451 1039 3534 Episcopo,
1071 3472 1173 3530 manu

49 3551 121 3594 mea
142 3529 355 3613 subscriptam
376 3529 472 3606 dedi,
501 3529 672 3594 sinceriter
691 3531 869 3594 lota.inihi
907 3533 993 3610 dixi,
1039 3544 1075 3596 et
1109 3531 1170 3594 sub

48 3615 144 3676 uallo
166 3623 355 3697 argumento
377 3614 430 3674 rel
453 3613 567 3675 fraude
590 3635 645 3692 ea,
687 3635 769 3698 quae
797 3615 830 3675 in
856 3615 1059 3698 professione
1084 3638 1172 3676 com-

7 3728 12 3738 ·
46 3696 210 3784 prehensa
238 3705 314 3759 aunt
340 3694 481 3779 protulit
521 3696 577 3758 sed
608 3695 696 3758 omni
727 3698 912 3760 sinceritate
939 3698 1024 3762 sicut
1046 3697 1171 3770 ¹codena

46 3779 206 3865 professio
236 3778 403 3855 continet,
426 3787 459 3838 et
486 3799 599 3840 omues
627 3782 709 3841 ritus
730 3781 783 3844 vel
806 3781 1045 3843 observationes
1074 3781 1171 3840 abin-

51 3885 128 3928 ces
163 3861 299 3924 Iudaeas
334 3860 515 3942 abnegavi,
553 3870 585 3922 et
619 3863 707 3923 omni
745 3865 852 3925 cordis
881 3865 945 3926 mei
982 3863 1176 3932 intentione¹

47 3945 85 4008 iu
168 3955 250 4007 ctam
268 3943 465 4012 Trinitatem
486 3944 668 4006 crediturus
689 3965 778 4022 sum,
809 3945 1080 4028 et-nunquamin
1099 3947 1172 4006 nnl—
1270 3940 1274 3949 ’

45 4028 81 4092 lo
102 4028 144 4089 ad
162 4027 292 4113 pristini
314 4026 433 4088 erroris
454 4025 518 4110 moi
540 4030 695 4090 vomitum
715 4030 880 4092 rediturus
901 4046 988 4107 sum,
1014 4038 1072 4088 aut
1096 4051 1173 4096 oon·

46 4111 147 4175 'nortio
185 4106 313 4173 Iudaici
355 4105 474 4170 erroris
509 4109 696 4174 sociandus:
732 4112 854 4174 sedin
881 4111 933 4173 hia
966 4112 1117 4172 omnibus
1141 4121 1173 4171 et

44 4211 109 4274 pu·
129 4187 457 4273 cmuia··Chriatiano
487 4190 643 4280 deinceps
664 4211 753 4294 more
784 4194 925 4276 riscus,
949 4193 1173 4269 etfchristia-
1214 4237 1217 4250 .
