2684 4868
142 259 216 333 ote
353 229 458 329 iners
476 271 765 344 w1s1eoruoanu
785 277 851 334 nra.
872 279 904 338 x.
923 279 993 336 r1r.
1012 283 1034 335 n

138 429 248 484 custos
264 415 472 494 interveniat,
494 423 531 476 ut
555 415 585 478 ei
603 415 731 479 veniam
751 417 817 496 det,
839 428 873 482 et
894 429 1042 482 exoratus
1068 417 1247 506 indulgeat.

139 501 238 582 Quod
257 500 283 572 si
307 497 435 560 debitor
456 497 574 580 aliquis
600 499 641 560 ad
661 500 839 563 Ecclesiam
858 503 1060 585 confugerit,
1082 525 1156 566 eum
1182 507 1250 569 Ee·

138 584 237 650 clesia
264 603 327 647 non
352 580 525 642 defendat:
550 582 607 643 sed
634 584 797 668 presbyter
820 595 876 646 aut
894 586 1049 647 diaconus
1069 584 1251 651 debitorem

136 668 210 736 aine
233 665 387 730 dilatione
415 663 582 726 restituat=
614 665 659 725 ita
691 677 728 728 ut
748 668 816 749 ipse
846 669 904 749 qui
934 667 1077 729 debitum
1109 672 1249 752 repetit,

137 767 344 831 nequaquam
367 745 503 808 caedere
526 755 581 807 aut
603 747 702 829 ligare
728 771 802 811 euru
826 758 1017 833 praesumat,
1039 751 1095 831 qui
1120 753 1160 816 ad
1179 756 1245 816 Eo·

134 830 255 898 cleriae
281 829 441 890 auxilium
461 829 668 892 decucurrit:
705 833 762 894 sed
789 845 957 915 praesente
973 834 1166 976 presbytero
1192 837 1248 899 vel

138 914 276 978 diacono
302 913 517 973 constituatur
541 912 626 974 intra
648 915 737 994 quod
759 925 883 997 tempus
912 917 942 978 ei
997 916 1119 977 ebitum
1141 920 1249 981 refor-

137 1007 252 1062 metur.
304 993 390 1072 Quia
415 994 490 1056 licet
506 994 671 1059 Ecclesiae
694 997 892 1059 interventui
913 996 1080 1081 religionis
1104 1010 1248 1062 coutem-

137 1079 281 1162 platione
304 1077 525 1156 coucedatur,
562 1077 667 1140 aliena
692 1089 798 1140 tamen
828 1080 962 1142 retineri
989 1101 1054 1141 non
1082 1091 1248 1165 poterunt.

137 1165 187 1224 De
207 1158 380 1222 ¹homicidis
404 1170 524 1237 autem,
545 1160 700 1224 maleficis
728 1171 785 1224 aut
813 1162 987 1242 veneticis,
1013 1163 1049 1224 in
1072 1185 1184 1228 eorum
1203 1166 1249 1230 ti·

137 1243 216 1308 tulis
235 1243 325 1327 leges
346 1251 423 1305 sunt
446 1243 672 1326 requirendae.

138 1424 216 1491 tut
237 1423 277 1490 x.
318 1422 684 1486 neurvrs1orueus
712 1424 769 1486 ar
801 1425 1009 1488 aaronem
1037 1425 1248 1492 restruet-

439 1507 516 1568 ens
543 1505 689 1586 arone
721 1508 948 1575 eruturus,

120 1621 122 1626 Ι
188 1655 278 1726 'Pru
306 1655 336 1725 1.
387 1655 447 1726 De
472 1655 709 1824 divisionipns
741 1669 778 1728 et
809 1661 918 1728 terris
944 1659 990 1728 ad
1024 1659 1198 1754 placitum

664 1768 740 1827 atis.
1021 1790 1025 1796 ·
1187 1775 1192 1780 '

571 1909 596 1970 l.
658 1928 807 1984 surrent.

424 2021 466 2085 Ut
490 2022 589 2082 valeat
617 2021 712 2084 semel
724 2021 818 2103 facta
837 2021 984 2086 divitie·

220 2101 336 2167 Valeat
356 2107 454 2167 semel
473 2106 556 2167 facta
578 2105 695 2167 divisio
712 2106 805 2186 iusta,
825 2108 973 2170 utnulla
993 2101 1251 2190 inpostmodum

138 2183 329 2278 immutandi
351 2189 536 2250 admittatur
558 2188 692 2250 occasio.
1245 2196 1246 2200 ’

137 2299 183 2368 ll.
225 2305 275 2364 De
295 2324 359 2366 non
376 2303 556 2365 reuocanda
583 2303 735 2365 divisione
757 2303 841 2363 inter
852 2300 1002 2384 fratres,
1037 2305 1159 2366 etiamsi
1180 2305 1250 2366 sine

156 2386 317 2465 scriptura
340 2388 382 2446 sit
399 2389 514 2468 sacta,
543 2386 643 2446 solum
672 2387 702 2444 si
721 2384 759 2445 id
783 2384 897 2446 idoneo
918 2399 994 2446 teste
1016 2388 1227 2449 convincatur.

221 2466 423 2529 Divisionem
447 2470 563 2529 factem
582 2469 668 2527 inter
687 2468 823 2543 fratres,
846 2469 969 2531 etiamsi
993 2470 1062 2531 sine
1085 2470 1248 2551 scriptura
1296 2528 1299 2536 ,

138 2547 226 2608 inter
254 2569 308 2610 eos
338 2550 559 2626 convenerit,
590 2570 777 2632 permanere
807 2549 978 2614 iubemusz
1028 2551 1200 2613 dummodo
1225 2575 1246 2612 a

137 2630 271 2772 tfiestilius
295 2631 420 2700 idoneis
437 2635 674 2717 comprobetur,
694 2641 726 2694 et
748 2631 862 2695 divisio
890 2633 959 2718 ipsa
979 2635 1109 2719 plenam
1128 2633 1249 2698 haheat
1306 2685 1308 2688 .

162 2722 330 2780 imitatem.
420 2768 426 2776 .
1178 2719 1181 2726 '
1281 2725 1283 2729 ’

570 2828 627 2897 ΠΙ.
670 2848 818 2910 surrent.

143 2943 184 3008 Ut
204 2943 294 3030 quod
312 2970 332 3007 a
353 2945 498 3030 pluribus
520 2960 550 3010 et
579 2949 761 3011 melioribus
784 2947 937 3010 divisione
964 2957 1011 3007 est
1033 2945 1246 3022 constitutum,

280 3052 300 3089 a
322 3032 432 3114 paucis
448 3044 483 3091 et
504 3030 714 3093 deterioribus
736 3051 799 3092 nou
821 3031 915 3091 liceat
935 3029 1104 3090 immutari.

219 3110 254 3173 si
280 3112 390 3194 plures
406 3113 530 3176 fuerint
553 3114 586 3176 in
608 3114 768 3176 divisione
790 3124 965 3190 consortes,
990 3109 1079 3194 quod
1103 3131 1121 3168 a
1135 3106 1248 3170 meltis

137 3194 192 3256 vel
218 3217 235 3253 a
260 3195 447 3258 melioribus
470 3195 553 3258 iuste
581 3198 792 3258 constitutum
816 3205 875 3273 est,
899 3217 917 3254 a
938 3195 1049 3278 paucis
1074 3192 1127 3258 vel
1154 3191 1247 3254 dete·

136 3276 276 3340 rioribus
299 3299 363 3339 non
390 3279 546 3341 convenit
569 3278 772 3363 aliquatenus
793 3278 972 3344 immutari·

493 3425 551 3492 IV.
614 3448 677 3494 aas.
720 3447 784 3494 cns.
825 3447 893 3488 aar.

183 3540 225 3605 Ut
245 3541 339 3604 licent
362 3544 419 3602 uni
438 3541 550 3604 heredi
571 3542 786 3628 respondere,
815 3543 844 3603 si
872 3541 911 3603 ab
932 3539 1040 3623 aliquo
1058 3536 1205 3622 petitur,-

281 3636 311 3684 et
330 3638 456 3708 petere,
479 3627 508 3685 si
535 3647 646 3688 causac
670 3626 876 3709 qualicunque
901 3623 1120 3704 compellitur..

211 3707 305 3769 ,Cum
324 3709 445 3789 priscae
470 3709 550 3792 legis
574 3709 762 3769 auctoritate
788 3706 889 3769 fuerit
909 3705 1137 3780 coustitutum,
1159 3710 1196 3761 ut
1219 3700 1249 3764 is

137 3789 196 3872 qui
220 3790 260 3851 ad
276 3790 453 3854 dicendam
477 3813 619 3853 caussam
644 3790 861 3873 compellitur,
889 3811 956 3850 non
987 3787 1049 3848 uisi
1077 3793 1247 3869 praesente

137 3893 188 3950 eo,
220 3873 278 3955 qni
311 3873 451 3956 litigiose
482 3896 613 3936 consors
639 3885 709 3952 est,
741 3873 912 3934 audiatur:
940 3869 1015 3934 satis
1043 3891 1082 3932 ex
1104 3867 1168 3928 hoc
1192 3888 1251 3950 pe·

136 3956 271 4019 titornm
297 3958 426 4038 negotia
451 3957 613 4040 superflue
637 3957 862 4038 conspeximus
878 3954 1024 4016 dilataris
1052 3973 1124 4014 curn
1143 3949 1182 4010 ad
1201 3948 1249 4010 di-

134 4038 274 4104 cendum
296 4061 439 4102 caussam
458 4062 517 4122 pro
536 4061 592 4100 sua
610 4041 834 4122 unusquisque
857 4058 994 4122 persona
1013 4035 1157 4100 sufficiat.
1181 4032 1248 4114 lgi-

110 4129 254 4183 -turne
281 4122 397 4182 callida
422 4123 627 4206 oppositione
650 4123 835 4198 conuentis,
864 4123 940 4182 dum
964 4119 1128 4181 excusatio
1156 4136 1250 4198 prae-

135 4203 302 4283 tenditur,
326 4225 385 4287 pro
407 4213 555 4268 consorte
578 4204 768 4267 tricennalis
787 4203 896 4268 obviet
912 4202 1073 4265 annositas
1093 4198 1247 4284 petitori:
