2648 4874
129 253 204 337 tto
308 277 723 338 trcrs'wtuoornonnn
742 285 967 344 um1ur1r.
986 264 1044 340 u1.

453 411 544 482 vlit.
607 439 670 484 ras.
712 441 797 494 cans.
838 443 910 486 arx.

244 604 247 612 Ι
328 533 366 594 Si
384 525 655 596 sarai'muliere'm
676 534 841 616 ingenuam
861 539 1033 624 rapuerint.

211 615 391 700 Aequitatis
413 619 635 700 opportunitas
656 619 755 700 exigit
779 621 886 702 legem
905 642 1026 703 ponere
1043 619 1244 700 sequuturis,

130 701 218 764 unde
246 698 455 762 dubitationis
488 700 613 762 occasio
641 699 727 762 inter
752 711 935 784 praesentes
956 701 1104 782 occurrit.
1148 702 1238 764 Serri

131 783 230 868 igitur
251 783 277 846 si
309 781 431 844 sciente
454 781 586 843 domino
612 783 664 843 vel
693 783 822 845 iubente
855 794 982 866 raptum
1010 786 1117 846 facere
1145 805 1237 866 prae-

129 865 342 950 sumpserint,
364 865 405 926 ad
425 886 554 926 omnem
577 865 715 948 legalem
733 867 982 930 satisfactionem
1003 887 1166 928 servorum
1184 866 1238 928 do·

71 993 73 998 -
129 949 237 1012 minus
265 946 382 1010 iudicis
412 945 564 1008 instantia
593 948 835 1030 compellendus
860 957 916 1010 est.
966 949 1063 1028 Quod
1090 948 1117 1009 si
1149 958 1239 1009 extra

128 1031 328 1094 voluntatem
348 1028 481 1108 domini,
502 1029 585 1091 servi
610 1031 684 1092 talia
703 1031 977 1114 perpetraverint;
1000 1030 1117 1091 iudicis
1139 1029 1239 1090 iidem

128 1111 292 1176 sententia
313 1109 557 1192 comprehensi,
585 1133 623 1173 ac
646 1113 874 1175 decalvationis
905 1114 1057 1175 foeditate
1080 1112 1238 1190 mulctati,

127 1194 281 1256 trecentis
312 1195 445 1276 insuper
476 1193 596 1290 singuli
632 1193 833 1278 flagellorum
866 1195 981 1257 ictibus
1014 1195 1236 1258 verberentur.

128 1278 190 1339 Ille
212 1285 321 1338 tamen
343 1297 463 1354 servus,
484 1297 541 1357 qur
562 1277 720 1359 ingenuae
743 1277 870 1340 mulieri
892 1299 951 1360 per
970 1277 1115 1362 rapinam
1136 1299 1238 1361 copu-

127 1359 189 1422 lari
209 1357 385 1442 qnaesivit,
406 1359 537 1442 poenali
557 1361 736 1422 sententiae
758 1360 942 1424 subiacebit.

417 1472 473 1536 lx.
536 1495 599 1536 ras.
642 1495 708 1535 cas.
749 1495 836 1537 ncne.
877 1495 946 1537 aar.

253 1589 291 1651 Si
310 1609 422 1650 seruus
442 1586 604 1650 mulierem
632 1589 773 1652 libertati
793 1588 942 1650 traditam
964 1591 1114 1673 rapuerit.

210 1671 244 1734 si
264 1692 373 1733 servus
394 1670 544 1732 libertam
563 1670 704 1754 rapuisse
723 1671 795 1732 dete
820 1671 894 1750 itur,
908 1673 1062 1768 quoniam
1085 1671 1149 1731 iam
1170 1692 1235 1732 non

48 1803 58 1812 .,
127 1753 223 1832 unius
245 1753 442 1818 conditionis
466 1775 534 1818 esse
566 1762 762 1832 noscuntur,
785 1694 878 1831 ideo,
906 1775 934 1814 ss
960 1753 1095 1816 idoneus
1127 1775 1237 1815 servus

127 1847 185 1914 est,
208 1836 266 1920 qui
291 1837 369 1898 talia
393 1835 587 1898 commisisse
609 1835 777 1918 detegitur,
801 1844 833 1896 et
851 1836 1000 1906 idoneam
1022 1835 1169 1900 libertam
1185 1857 1241 1911 rar.

126 1920 233 2004 puisse
256 1917 439 1996 invenitur,
467 1918 496 1998 si
516 1917 655 1979 voluerit
682 1913 831 1980 dominus
852 1917 942 1997 eius,
971 1921 1006 1982 C.
1029 1918 1148 1981 solidos
1176 1923 1237 2001 pr'o

127 2025 166 2064 eo
190 2009 377 2084 componam
400 2000 426 2062 si
445 2010 531 2062 certe
553 2000 703 2076 noluerit,
722 2001 862 2062 eundem
879 2021 1006 2062 servum
1020 2001 1145 2062 tradere
1168 2021 1236 2060 non

127 2084 275 2149 desistat:
306 2084 348 2144 ita
367 2091 405 2144 ut
432 2080 492 2164 ipsi
517 2083 647 2144 mulieri
673 2083 757 2144 ultra
779 2103 843 2142 non
868 2082 976 2144 liceat.
994 2083 1134 2146 eundem
1160 2104 1237 2165 rap-

125 2175 229 2231 torem
251 2165 310 2230 sibi
336 2165 369 2225 in
393 2165 542 2248 coniugio
555 2165 724 2247 copulare.
767 2165 864 2242 Quod
884 2166 910 2226 si
932 2165 974 2227 ad
995 2165 1063 2227 eius
1084 2165 1236 2247 aliquan-

62 2307 65 2322 ,
127 2251 169 2311 do
198 2248 383 2330 coniugium
404 2248 540 2325 venerit,
556 2245 597 2308 'et
619 2247 678 2308 filii
698 2246 816 2326 exinde
838 2247 964 2310 suerint
981 2248 1159 2329 procreati,
1183 2248 1238 2308 do·

127 2330 234 2395 minus
259 2330 315 2391 ille
324 2375 334 2407 ,
366 2328 457 2390 euius
482 2351 592 2394 servus
620 2329 701 2410 rapti
728 2329 849 2390 crimen
880 2330 1072 2407 admiserat,
1106 2339 1138 2390 et
1166 2347 1234 2403 ser&

125 2435 202 2474 vum
221 2421 255 2474 et
276 2411 479 2494 agnationem
500 2412 559 2474 sibi
583 2410 726 2473 vindicet
747 2412 941 2477 servituram.
982 2413 1016 2472 Si
1035 2419 1141 2472 autem
1161 2431 1234 2472 rus-

125 2497 228 2573 ticus,
258 2502 314 2554 aut
334 2492 505 2555 vilissimus
524 2515 634 2555 servus
651 2513 719 2554 esse
739 2504 898 2575 noscatur,
920 2504 953 2558 et
973 2495 1111 2556 similem
1134 2493 1232 2554 liber-

126 2586 192 2641 tam
212 2575 355 2658 rapuisse
383 2575 607 2657 cognoscitur:
644 2585 801 2657 quantum
827 2573 934 2660 ipsum
970 2597 1099 2638 servum
1124 2575 1232 2636 valere

127 2658 318 2734 constiterit,
339 2665 464 2717 tantum
482 2658 620 2738 pretium
635 2657 783 2720 dominus
802 2659 885 2720 servi
900 2659 1083 2742 praedictae
1102 2657 1232 2718 mulieri

141 2741 308 2804 'ersolrere
329 2739 524 2822 procurabit.
566 2743 637 2824 lpse
656 2763 733 2803 vero
758 2761 882 2819 servus,
911 2743 1059 2804 centenis
1086 2740 1234 2823 flagello-

125 2763 233 2885 lorum
254 2821 371 2882 ictibus
391 2819 594 2901 verberatus,
615 2843 653 2883 ac
678 2823 819 2905 turpiter
837 2823 1037 2904 decalvatus,
1066 2823 1101 2886 in
1122 2830 1234 2906 potes·

126 2915 191 2978 tate
214 2904 337 2968 domini
358 2902 408 2968 sui
430 2903 492 2968 erit
510 2906 669 2992 perpetim
689 2925 925 2990 permansurus.

472 3047 513 3119 X.
575 3077 638 3120 ras.
680 3079 766 3124 cans.
806 3078 878 3124 aar.

345 3169 385 3232 Si
402 3191 513 3233 servits
536 3172 687 3233 ancillam
709 3172 841 3232 alterius
863 3174 1013 3255 rapuerit.

209 3254 244 3315 si
271 3275 382 3316 servus
412 3253 565 3314 ancillam
590 3253 673 3314 iuris
702 3253 801 3315 alieni
831 3257 990 3336 rapuerit,
1018 3253 1234 3315 ducentorum

128 3337 535 3421 flagellorumverberibus
556 3357 666 3399 caesus
689 3358 726 3396 ac
749 3331 948 3408 decalvatus;
971 3337 1010 3396 ab
1026 3335 1155 3396 ¹ancilla
1172 3335 1233 3397 eti-

127 3426 195 3504 am,
218 3419 245 3481 si
271 3418 420 3484 domiuus
441 3418 580 3505 ancillae
600 3417 762 3498 voluerit,
783 3417 902 3502 absque
932 3418 1031 3483 dubio
1060 3427 1231 3506 separetur.

468 3533 521 3600 xt.
584 3553 646 3600 res.
689 3555 765 3594 cans
813 3555 885 3602 anx.

127 3648 177 3708 De
198 3645 459 3708 sollicitatoribus
469 3645 621 3729 filiarum
643 3658 674 3707 et
695 3667 832 3710 uxorum
853 3647 1042 3720 alienarum,
1064 3647 1120 3708 ael
1140 3650 1233 3708 etiam

125 3727 322 3796 viduarum,-
352 3748 388 3788 aa
412 3727 451 3788 de
477 3730 546 3800 his,
574 3728 629 3810 qai
649 3727 787 3811 puellam
817 3742 871 3790 aut
902 3729 1027 3790 viduam
1055 3732 1232 3809 ingenuam,

147 3811 261 3890 absque
286 3810 372 3888 regio
393 3811 498 3883 iussu,
521 3809 678 3872 violenter
697 3808 776 3872 dare
802 3813 915 3872 marito
935 3813 1220 3893 praesumpserint:

209 3893 314 3953 Omne
339 3890 427 3974 quod
447 3892 649 3952 honestatem
669 3893 751 3954 vitae
775 3893 1005 3970 commaculat,
1036 3894 1151 3976 legalis
1173 3915 1233 3954 ne-

126 3995 212 4036 cesse
235 3982 282 4034 est
303 3982 338 4032 ut
354 3996 488 4034 censura
509 3983 665 4036 coerceat.
696 3975 819 4037 Idcirco
834 3977 1059 4038 sollicitatores
1081 3975 1231 4037 adulterii
1269 3997 1271 4003 ·

126 4077 264 4118 uxorum
284 4057 338 4117 vel
359 4057 499 4122 filiarum
521 4057 717 4138 alienarum,
747 4068 843 4140 atque
870 4059 1038 4120 viduarum
1059 4060 1112 4120 vel
1135 4075 1231 4142 spon-

125 4160 242 4216 sarum,
265 4139 291 4199 si
313 4160 372 4220 per
393 4139 571 4221 ingenuum
592 4140 643 4200 rel
667 4141 851 4224 ingenuam,
873 4164 930 4203 seu
951 4165 1009 4226 per
1031 4161 1156 4203 servum
1179 4148 1233 4200 aut

124 4219 295 4306 ancillam,
318 4230 412 4308 atque
436 4223 533 4289 etiam
551 4223 699 4290 libertam
719 4233 775 4288 aut
794 4221 956 4310 libertum,
977 4247 1052 4290 ntor
1077 4222 1232 4288 manifes-
