2648 4874
117 233 191 308 sta
320 247 817 307 asetsvv1s1ooraoanma1e.
838 249 868 302 v.
889 235 959 302 rar.
980 252 1003 303 1.
1023 257 1029 266 ·
1135 251 1138 258 ·

115 387 316 468 eonstiterit,
344 383 418 448 XX.
439 383 568 447 dierum
586 384 804 470 poenitentiae
817 385 1034 450 satisfactione
1056 389 1233 455 admissum

117 473 246 536 facinus
280 465 482 550 expurgabit.
535 468 692 530 Similiter
717 468 786 529 sive
809 468 938 531 maioris
966 470 1008 532 sit
1035 475 1137 556 precii
1159 477 1231 538 sive

90 555 253 620 'minoris
283 573 381 636 quam
407 551 639 633 praesumpsit,
671 549 830 632 geminata
858 550 920 612 boc
947 573 1071 636 semper
1099 557 1230 618 dierum

117 636 335 704 satisfactione
348 632 401 697 vel
413 631 614 715 poenitentia
627 632 820 694 emendabit„
855 634 961 694 Simili
974 656 1102 718 quoque
1117 649 1150 700 et
1169 641 1227 702 ille

116 721 279 788 sententia
300 718 355 784 vel
377 715 516 797 dampno
536 715 722 776 multandus
744 725 810 793 est,
832 715 890 797 qui
912 718 1077 780 decessore
1097 743 1154 782 sao
1175 721 1228 784 ab·

117 808 182 868 lata
198 803 351 882 deinceps
365 816 579 882 quaecunque
593 798 634 860 de
647 797 845 860 dioecesanis
860 800 1006 862 ecclesiis
1019 802 1103 883 apud
1122 825 1154 864 se
1177 814 1228 867 te-

121 909 199 950 nere
223 879 480 970 praesumpserit.
544 881 741 963 Quicunque
773 889 879 944 tamen
911 881 1057 945 indicum
1084 893 1229 946 tenorem

118 970 217 1033 buius
238 966 319 1050 legis
340 962 516 1046 adimplere
532 964 724 1045 neglexerit,
747 963 835 1045 quod
850 974 906 1025 aut
920 964 1066 1027 indicare
1077 965 1153 1027 talia
1170 967 1232 1028 dil-

116 1055 219 1128 ferat,
247 1060 302 1110 aut
320 1044 496 1109 iudicanda
515 1045 613 1128 regiis
634 1043 797 1107 auditibus
812 1046 906 1108 nullo
927 1049 1024 1111 modo
1042 1049 1231 1127 innotescat,

117 1153 247 1198 omnem
267 1129 317 1193 rei
336 1127 551 1204 taxationem,
574 1149 670 1210 quam
689 1125 866 1211 Episcopus
887 1129 944 1190 ille
966 1131 1151 1213 persolvere
1172 1131 1232 1194 de-

116 1216 208 1294 buit,
239 1212 297 1296 qui
327 1211 404 1272 talia
430 1210 564 1287 fecerit,
602 1218 702 1270 totam
730 1211 884 1272 ecclesiae
914 1213 964 1274 illi
990 1214 1030 1277 de
1062 1234 1120 1274 sua
1146 1213 1234 1276 idem

118 1300 219 1364 iudex
239 1294 435 1380 proprietate
457 1291 589 1354 debebit
615 1313 823 1375 componere,
853 1295 944 1358 cuins
965 1305 1151 1357 accusatum
1170 1295 1233 1358 sibi

116 1380 284 1464 negotium
302 1375 424 1440 destitit
442 1374 597 1439 indicare.
638 1377 724 1436 Haec
746 1374 845 1458 igitur
863 1376 937 1455 lex,
960 1399 1026 1439 non
1045 1379 1233 1460 solumpro

115 1465 233 1542 rebus,
266 1481 349 1544 qnae
375 1459 408 1518 in
433 1457 580 1519 ecclesiis
604 1456 757 1519 absolutis
787 1458 839 1519 vel
865 1459 1064 1522 dioecesanis
1094 1461 1233 1523 collatas

116 1556 209 1625 sunt,
232 1542 471 1606 observabitur:
492 1539 549 1602 sed
570 1540 630 1602 sub
649 1539 791 1620 generali
807 1541 939 1604 nomine
959 1543 1105 1603 omnium
1123 1545 1233 1605 eccle-

118 1631 256 1705 siarum,
287 1625 321 1688 id
347 1633 413 1702 est,
452 1630 518 1682 tam
543 1621 577 1682 in
610 1622 810 1684 monasteriis
834 1623 980 1686 virorum
1009 1647 1107 1708 quam
1135 1627 1235 1688 etiam

121 1711 338 1776 foeminarum
368 1704 550 1768 o'muimoda
578 1705 805 1768 constitutione
839 1707 1062 1790 complebitur.
1118 1708 1158 1770 Id
1181 1717 1234 1770 ta·

117 1817 191 1858 men
229 1787 552 1855 adiiciendumbuic
581 1787 647 1870 legi
677 1787 847 1850 manifesta
874 1790 956 1852 ratio
984 1789 1161 1873 persuasit,
1195 1799 1235 1852 ut

119 1874 273 1960 Episcopi
294 1892 404 1933 omnes
425 1891 639 1965 quoscunque
660 1891 720 1953 per
740 1870 891 1934 ecclesias
912 1893 987 1936 suae
1009 1872 1166 1950 dioecesis
1184 1895 1235 1934 sa·

118 1961 267 2023 cerdotss
287 1964 494 2037 rectoresque
524 1953 721 2015 ordinandos
744 1953 922 2036 elegerint,
951 1956 1146 2039 cognitiores
1175 1976 1233 2016 eos

117 2041 258 2104 efficiant
279 2039 319 2099 do
341 2035 534 2099 utilitatibus
564 2035 718 2097 ecclesiae
746 2035 856 2114 illins,
893 2037 927 2098 in
963 2038 1081 2120 quibus
1101 2036 1236 2114 ‚fuerint

119 2120 278 2186 ordinati:
307 2121 342 2182 id
363 2128 431 2197 est,
454 2128 490 2178 nt
507 2116 670 2199 quidquid
690 2119 914 2201 unnsquisque
935 2119 1169 2204 Episcoporum
1188 2119 1232 2182 de

117 2207 287 2290 scripturis
315 2202 471 2264 ecclesiae
507 2200 663 2262 dioecesis
698 2222 774 2263 suae
801 2203 887 2284 apud
914 2225 948 2266 se
977 2202 1233 2266 conservationis

118 2311 228 2354 caussa
256 2286 376 2348 babere
404 2305 437 2346 se
459 2282 610 2360 noverit,
640 2303 715 2344 mox
738 2292 897 2345 rectorem
917 2286 1072 2349 ecclesiae
1095 2283 1234 2347 cuilibet

117 2370 328 2458 praetulerit,
362 2366 470 2428 statim
491 2365 544 2442 ei,
573 2386 671 2447 quem
695 2365 912 2446 ordinaverit,
940 2368 1095 2430 utilitates
1128 2366 1233 2428 eccle·

117 2456 183 2519 siae
218 2453 273 2516 vel
308 2449 481 2532 scripturas
517 2445 552 2506 in
587 2446 786 2508 manifestam
820 2449 1040 2532 cognitionem
1070 2451 1230 2528 deducat,

119 2559 180 2599 nec
217 2557 283 2612 non
305 2543 431 2596 tantum
455 2530 636 2614 ignorantia
664 2529 822 2609 ordinati,
862 2533 919 2594 sed
948 2532 1037 2615 quod
1060 2530 1152 2614 peius
1181 2540 1233 2594 est

117 2619 321 2684 obcelatione
344 2616 398 2676 vel
427 2613 509 2675 vitio
529 2611 708 2674 ordinantis
737 2613 887 2675 voluntas
907 2615 941 2674 in
963 2635 1161 2696 quocunque
1182 2615 1229 2676 la-

119 2713 186 2767 teat
221 2697 390 2762 testatoris.
453 2696 494 2758 Id
531 2706 638 2757 tamen
672 2694 754 2772 erit,
792 2705 830 2756 ut
862 2706 896 2758 et
924 2699 1140 2780 competentia
1166 2694 1231 2759 sibi

119 2785 301 2852 sacerdotes
332 2789 540 2860 rectoresque
569 2776 780 2839 ecclesiarum
802 2778 988 2842 authentica
1015 2779 1165 2857 videant,
1197 2786 1231 2841 et

120 2867 380 2932 authenticorum
400 2864 542 2944 ipsorum
568 2860 762 2942 exemplaria
788 2882 887 2922 manu
917 2863 969 2926 sui
994 2861 1147 2946 Episcopi
1177 2882 1230 2922 ro-

118 2956 228 3017 borata
249 2970 308 3032 pro
327 2945 419 3025 „omni
440 2943 587 3004 firmitate
609 2964 628 3001 a
648 2943 807 3005 Pontifice
828 2966 886 3006 suo
915 2945 1087 3027 accipiant:
1120 2943 1230 3027 quali-

71 3103 73 3108 ,
119 3048 169 3101 ter
186 3055 246 3118 per
270 3052 307 3092 ea
331 3030 407 3112 ipsa·
426 3023 637 3108 exemplaria,
667 3035 700 3087 ct
720 3026 848 3110 negotia
870 3029 1025 3090 ecclesiae
1052 3026 1113 3088 sibi
1138 3031 1239 3089 com?

120 3120 231 3182 missae
251 3113 370 3195 absque
394 3108 607 3170 haesitatione
635 3118 834 3191 proponant,
870 3119 902 3171 et
933 3109 1102 3172 veritatem
1128 3108 1229 3192 partis

117 3222 193 3262 snae
215 3195 336 3259 iustitia
357 3193 594 3253 intercurrente
625 3191 784 3273 recipiant
862 3193 945 3252 Data
977 3201 1010 3254 et
1041 3191 1229 3252 confirmata

117 3284 193 3359 lex,
222 3281 312 3342 adis
334 3273 506 3339 undecimo
527 3273 749 3336 Kalendarum
770 3274 976 3350 Ianuarium,
1006 3296 1092 3335 anno
1121 3272 1251 3362 felici·⁸

117 3376 169 3429 ter
192 3373 306 3448 quarto
334 3357 426 3442 regni
456 3354 567 3422 nostri.
618 3357 657 3416 In
687 3355 749 3418 Dei
771 3357 909 3420 Nomine
935 3358 1062 3419 Toleto.

410 3493 485 3556 VII.
528 3517 589 3558 rts.
625 3517 689 3561 ons.
723 3515 837 3563 sauss.
869 3519 939 3559 aar.
1016 3489 1017 3494 ἵ
1056 3555 1061 3564 .

119 3617 167 3681 Ne
188 3619 245 3694 bi,
267 3615 323 3698 qui
344 3623 464 3675 retento
486 3609 635 3672 ccclesiae
657 3610 804 3693 obsequio
827 3613 1106 3694 manumittuntur,
1137 3616 1227 3698 iuge·

259 3716 391 3760 nuaram
409 3713 618 3778 personarum
638 3691 776 3754 audeant
796 3691 886 3754 adire
909 3698 1098 3776 coniugium.

202 3782 318 3863 Magna
345 3786 393 3840 est
420 3774 568 3837 confusio
600 3774 748 3859 generis,
784 3775 840 3836 ubi
868 3775 1096 3841 dissimilitudo
1130 3780 1227 3843 unius

121 3865 280 3950 parentis,
314 3869 430 3922 statum
457 3859 633 3940 degenerat
659 3858 846 3941 progepitae
877 3860 987 3941 prolis.
1042 3864 1111 3924 Hoc
1140 3863 1228 3924 enim

27 4003 30 4006 .
123 3967 251 4012 necesse
274 3956 339 4020 est,
361 3951 398 4003 ut
423 3941 609 4002 inveniatur
629 3941 663 4000 in
685 3940 822 4020 frutice,
851 3942 938 4024 qnod
958 3954 1096 4008 tractum
1118 3957 1228 4007 estex

122 4033 242 4096 radice.
282 4024 451 4104 Quomodo
474 4023 562 4084 enim
581 4022 718 4086 absoluti
746 4023 869 4086 decoris
889 4025 1021 4088 titulum
1040 4029 1226 4110 reportabit,

124 4116 215 4178 cuius
237 4117 382 4194 parentes
404 4104 557 4187 obligatio
577 4104 683 4168 adhuc
705 4105 823 4168 innexa
845 4108 1053 4192 constringit?
1085 4112 1128 4171 Et
1147 4110 1226 4171 baec

124 4199 254 4286 quidem
276 4190 446 4277 praemissa
467 4196 559 4266 suut,
587 4210 652 4272 pro
675 4209 714 4250 eo
734 4190 824 4276 quod
844 4189 938 4252 multi
961 4192 1001 4254 de
1023 4194 1153 4256 familiis
1178 4214 1225 4254 ec·
