2632 4822
343 260 561 324 stornatum
594 255 721 338 aucun
754 267 819 325 ua
839 268 885 322 vt.
1061 223 1068 274 ⁷
1117 246 1190 357 815

21 439 28 454 ’·
79 410 287 480 tlum'suum
324 409 368 470 Et
387 407 455 490 ipsa
475 405 628 490 probatio*
651 389 689 482 ,in
717 405 784 470 hoc
811 407 925 470 ordine
953 405 1068 472 debeat
1101 409 1191 488 fieri,

79 505 116 557 ut
137 493 267 575 quando
290 493 329 554 de
351 492 445 554 rebus
469 488 613 551 mulieris
634 511 709 551 suae
731 489 856 572 aliquid
877 491 1115 574 comparaverit,
1134 491 1192 553 ad·

80 580 177 643 ducat
197 575 348 637 homines
374 574 432 656 qni
453 572 576 648 sciant,
615 572 703 653 quod
730 572 836 656 ipsum
862 573 1001 657 pretinm
1028 576 1067 636 de
1094 575 1190 636 rebus

79 651 226 722 mulieris
239 680 326 720 -suae
350 657 406 736 sit,
429 666 474 716 *ut
499 667 608 716 caussa
631 656 700 737 ipsa
726 677 792 716 non
814 657 984 725 veniatad
1006 657 1191 739 periurium.

79 741 144 805 Sed
166 743 296 823 quando
329 739 468 802 voluerit
495 738 610 813 iurare,
639 738 726 820 quod
748 739 787 799 de
815 741 909 800 rebus
939 740 1083 801 mulieris
1116 761 1191 800 suae

80 825 276 908 comparatio
298 826 367 908 ipsa
394 825 479 884 facta
505 821 641 882 fuisset:
671 829 717 882 et.
732 821 782 890 illi
803 831 901 884 testes
923 823 1058 884 firmiter
1077 822 1191 899 sciant,

80 919 113 970 et
134 907 261 969 iurante
305 908 388 989 Quia
418 903 637 985 interfuimus,
672 903 799 985 quando
832 909 902 990 ipsa
927 901 1119 990 comparatio
1149 905 1190 964 de

81 991 174 1053 retas
202 991 344 1058 mulieris
370 987 464 1070 sacta
496 998 564 1046 est.-
611 995 644 1048 et
671 987 717 1046 sic
748 998 859 1068 postea
887 988 1021 1070 recipiat
1051 986 1192 1071 pretium

80 1093 192 1149 suum,
226 1081 259 1134 et
286 1071 392 1154 ipsum
419 1068 584 1152 negotium
610 1078 774 1130 remaneat
795 1072 829 1130 iu
852 1071 919 1152 ipsa
942 1092 1022 1130 casa.
1064 1072 1145 1130 Nam
1166 1071 1192 1131 si

82 1156 123 1217 de
145 1153 203 1216 illo
226 1153 335 1216 labore
359 1151 604 1236 comparaverit,
627 1153 715 1234 quod
735 1163 845 1235 postea
867 1148 1038 1228 laboravit,
1067 1164 1121 1214 aut
1140 1154 1191 1213 fe-

82 1238 128 1300 cit
152 1247 322 1320 postquam
344 1237 378 1297 in
401 1237 468 1318 ipsa
491 1255 561 1295 casa
582 1235 622 1295 ad
644 1256 777 1297 censum
797 1236 1000 1297 reddendum
1020 1235 1191 1314 introierit,

82 1323 121 1381 in·
139 1321 209 1400 ipso
232 1319 351 1402 cespite
375 1318 525 1393 dimittat,
547 1317 608 1391 ubi
625 1317 787 1390 laboravit.
828 1319 898 1379 Hoc
915 1327 1026 1400 ¹autem
1047 1318 1122 1380 ideo
1144 1320 1193 1378 af-

80 1404 225 1481 fiximus,
264 1402 338 1485 quia
366 1400 587 1462 tantummodo
617 1421 727 1461 caussa
757 1400 815 1461 ista
844 1402 877 1460 in
905 1400 969 1461 hoc
990 1402 1085 1462 modo
1108 1423 1193 1462 sem-

80 1507 140 1570 per
160 1495 192 1548 et
213 1495 450 1546 antecessorum
472 1492 653 1542 nostrorum
674 1494 835 1566 tempore,
858 1483 891 1544 et
912 1493 1040 1562 nostro,
1062 1505 1120 1567 per
1142 1505 1193 1544 ca-

81 1568 263 1630 darfredam
283 1573 314 1646 η)
334 1567 392 1630 sic
418 1566 558 1626 indicata
579 1576 641 1626 est:
673 1566 801 1627 namin
824 1565 887 1627 hoc
907 1566 1025 1631 Edicto
1047 1567 1191 1651 adscrip-

81 1661 151 1714 tum
174 1671 240 1711 non
262 1651 333 1712 fuit.
396 1651 509 1712 11.23;
535 1671 560 1708 1.
1057 1699 1059 1705 A

126 1762 128 1764 ·
166 1733 345 1796 CXXXIV.
391 1729 562 1812 (LXXXI.)
603 1730 637 1791 Si
657 1730 871 1815 homineslin
900 1733 966 1792 uno
997 1733 1069 1793 vico
1098 1729 1191 1791 luibi-

81 1824 187 1878 tantes
207 1815 347 1897 aliquam
368 1814 583 1877 intentionem
604 1813 689 1875 inter
710 1811 742 1875 se
764 1814 936 1876 habuerint
958 1816 997 1875 de
1017 1823 1122 1891 terra,
1143 1813 1193 1874 vi-

83 1920 161 1976 nea,
191 1906 297 1980 prato,
329 1909 382 1960 aut
403 1899 499 1973 silva,
527 1898 579 1958 vel
603 1897 642 1957 de
664 1897 725 1957 alia
747 1919 798 1969 re;
830 1908 863 1960 et
884 1897 1051 1978 collegerit
1072 1919 1104 1958 se
1127 1917 1193 1955 una

82 2003 156 2065 pars
178 2001 251 2040 cum
272 1981 387 2042 virtute
411 1992 443 2043 et
473 1979 605 2040 dixerit:
641 1979 759 2040 Eamus
788 1992 817 2039 et
845 1981 1040 2062 expellamus
1070 2001 1122 2040 eos
1151 1979 1199 2038 de'

82 2068 153 2146 ipso
167 2064 245 2123 ¹loco
263 2084 323 2145 per
343 2065 493 2125 virtutem
504 2062 617 2144 foras,
641 2071 673 2122 et
688 2061 938 2139 ambulaverint,
961 2071 994 2122 et
1007 2061 1195 2123 scandalum

81 2145 129 2207 ibi
158 2145 361 2206 commissum
389 2145 504 2222 fuerit,
541 2154 572 2205 et
604 2146 716 2227 plagae
746 2145 798 2205 vel
833 2145 945 2205 feritae
974 2146 1096 2222 factae,
1139 2151 1193 2202 aut
1292 2171 1293 2178 ¹

82 2228 180 2290 bomo
203 2227 326 2290 occisus
347 2229 460 2300 fuerit3
491 2227 534 2287 ita
556 2227 777 2305 decernimus,
813 2236 848 2286 ut
868 2228 977 2310 plagas
999 2235 1053 2286 aut
1072 2227 1193 2299 feritas,

84 2322 117 2373 et
144 2310 310 2371 hominem
337 2320 499 2371 mortuum
527 2311 704 2372 secundum
732 2310 874 2370 anterius
894 2309 1063 2387 Edictum,
1104 2310 1193 2391 quod

55 2435 59 2446 a
84 2393 331 2476 gloriosissimus
352 2396 421 2454 Rex
454 2394 618 2472 Rotharis,
647 2393 700 2454 vel
734 2413 792 2452 nos
814 2392 1029 2470 instituimus,
1060 2413 1193 2474 compo-

83 2484 171 2542 nant.
193 2476 258 2536 Sed
277 2498 336 2558 pro
357 2475 471 2537 illicita
490 2476 725 2557 praesumtione
750 2475 788 2536 de
807 2475 874 2559 ipsa
890 2475 1084 2536 collectione
1101 2496 1193 2534 com·
1273 2473 1289 2522 st

81 2568 205 2655 ponant
226 2559 347 2620 solidos
369 2562 438 2624 XX.
459 2563 489 2637 o)
511 2560 551 2620 ad
572 2559 661 2618 illam
682 2566 814 2639 partem,
847 2579 929 2640 quae
952 2558 985 2616 iu
1007 2580 1118 2641 campo
1140 2565 1195 2617 aut

85 2664 120 2711 an
147 2642 258 2720 vinea,
294 2642 347 2702 vel
379 2641 491 2722 prato,
529 2651 583 2701 aut
612 2641 645 2699 in
669 2642 746 2702 silva
768 2662 861 2700 snum
884 2641 1026 2701 laborem
1047 2642 1194 2702 faciebat.

83 2724 181 2802 Quod
191 2733 297 2784 autem
310 2724 385 2784 ideo
398 2724 571 2802 statuimus,
591 2731 630 2782 ut·
642 2725 753 2784 nullus
769 2733 949 2804 praesumat
961 2722 1060 2784 malas
1070 2745 1194 2784 caussas

86 2807 121 2866 in
138 2805 413 2888 quolibetcuuque
434 2807 507 2866 loco
523 2807 661 2868 excitare
678 2815 732 2865 aut
747 2807 874 2886 facere3
897 2815 930 2867 et
948 2828 1014 2866 non
1033 2807 1196 2889 potuimus

79 2911 229 2950 caussam
249 2889 340 2950 istam
355 2889 529 2950 assimilare
553 2911 615 2949 nec
638 2889 677 2949 ad
697 2889 831 2949 arascild
849 2893 907 2972 p),
930 2911 990 2950 nec
1013 2891 1054 2950 ad
1083 2889 1197 2960 conci-

87 2972 167 3031 lium
191 2971 445 3049 rusticanorum,
465 2972 522 3033 'vel
546 2972 585 3032 ad
605 2971 816 3032 seditionem:
845 2979 878 3032 et
898 2974 973 3056 plus
1001 2972 1094 3032 nobis
1116 2993 1196 3032 con-

86 3074 200 3134 gruum
221 3055 327 3134 paruit
349 3076 416 3115 esse
440 3054 479 3114 de
502 3053 637 3114 consilio
660 3055 755 3132 malo,
776 3055 810 3115 id
833 3062 881 3114 est
900 3057 939 3116 de
955 3054 1090 3115 consilio
1108 3076 1195 3115 mor-

85 3135 136 3196 tis.
179 3135 262 3209 Quia
287 3137 417 3216 quando
446 3158 478 3197 se
505 3137 679 3218 colligunt,
709 3145 743 3197 et
766 3157 861 3218 super
885 3137 965 3198 alios
985 3137 1108 3198 vadunt
1136 3156 1196 3219 pro

85 3215 237 3300 peccatis,
259 3218 299 3276 ad
320 3217 353 3278 id
373 3218 515 3296 vadunt,
538 3232 573 3278 ut
593 3219 712 3278 faciant
729 3220 865 3279 malum:
889 3231 943 3280 aut
963 3219 990 3280 si
1013 3240 1104 3280 casus
1126 3240 1197 3280 eve·

81 3297 192 3376 uerit,
228 3306 261 3357 nt
282 3298 446 3359 hominem
468 3301 634 3377 occidant,
667 3311 720 3360 aut
741 3303 850 3382 plagas
877 3309 908 3360 et
933 3301 1042 3362 feritas
1067 3302 1197 3362 faciant.

83 3382 165 3443 ldeo
187 3389 223 3440 ut
247 3380 403 3458 diximus,
426 3381 666 3443 assimilavimus
687 3404 829 3444 caussam
850 3383 940 3443 istam
963 3383 1003 3444 ad
1025 3385 1197 3446 consilium

5 3511 9 3527 ,
87 3463 213 3540 mortis,
250 3462 338 3545 quod
365 3471 424 3540 est,
452 3464 647 3548 sicut‘supra
670 3465 825 3542 diximus,
846 3465 1022 3526 solidorum
1042 3468 1109 3529 XX.

81 3548 111 3650 L
137 3547 236 3684 livonia·
272 3629 352 3684 Petre
376 3636 404 3681 te
434 3628 555 3701 appellat
579 3629 734 3693 Martinus,
762 3631 836 3701 qnod
857 3630 916 3700 ipse
933 3630 1079 3685 habitabat
1105 3641 1198 3684 tecum

87 3700 117 3752 in
142 3716 197 3751 uno
216 3697 286 3752 vico.
323 3697 450 3752 Habebat
471 3699 652 3751 intentionem
670 3711 762 3753 tecum
781 3702 815 3753 de
843 3720 898 3753 uno
916 3713 994 3772 prato
1020 3712 1049 3756 et
1073 3703 1199 3756 adunasti

88 3777 116 3823 te
137 3787 198 3824 cum
216 3768 337 3834 virtute,
362 3779 392 3822 et
412 3769 541 3840 expulisti
559 3787 622 3822 eum
642 3787 703 3822 cum
724 3770 826 3823 virtute
842 3771 910 3824 foras
927 3772 961 3826 de
980 3774 1039 3842 ipso
1061 3781 1146 3842 prato.

172 3837 341 3906 CXXXV.
385 3839 577 3918 (LXXXll.)
619 3839 932 3916 Annuntiatnmwest
961 3844 1070 3920 nobis,
1107 3841 1196 3923 qnod

87 3921 204 4005 aliquis
226 3944 396 4005 perversus
417 3921 525 4000 homo,
548 3922 626 3982 dum
646 3944 680 3985 se
701 3925 858 4007 quaedam
880 3926 1001 3987 femina
1033 3926 1067 3986 in
1097 3925 1196 3987 fluvio

157 4078 188 4146 n)
214 4078 253 4129 Al.
276 4079 362 4131 Codd.
389 4077 590 4150 cardofedam3
619 4079 839 4151 caderplredam;
875 4077 1110 4154 cadalplerdam5
1136 4082 1197 4136 cab-

86 4145 226 4214 warfida;
245 4147 439 4216 quawarfeda.
464 4151 573 4202 Herold.
593 4169 649 4223 qua
662 4151 843 4225 vuadarfida.
896 4155 932 4224 o)
950 4157 1000 4206 Un.
1021 4155 1087 4206 Cod.
1106 4154 1200 4206 addit:

87 4217 159 4268 sicut
177 4215 210 4269 de
230 4222 348 4273 consilio
367 4221 470 4272 mortis.
540 4220 571 4292 p)
588 4221 630 4280 al.
647 4221 732 4274 Codd.
753 4222 896 4294 ar’scbild5
919 4223 1065 4297 arasgild5
1084 4221 1197 4280 rascild.
