<?xml version="1.0" encoding="UTF-8"?>
<!DOCTYPE html PUBLIC "-//W3C//DTD XHTML 1.0 Transitional//EN"
    "http://www.w3.org/TR/xhtml1/DTD/xhtml1-transitional.dtd">
<html xmlns="http://www.w3.org/1999/xhtml" xml:lang="en" lang="en">
 <head>
  <title>
</title>
<meta http-equiv="Content-Type" content="text/html;charset=utf-8" />
  <meta name='ocr-system' content='tesseract 3.04.00' />
  <meta name='ocr-capabilities' content='ocr_page ocr_carea ocr_par ocr_line ocrx_word'/>
</head>
<body>
  <div class='ocr_page' id='page_1' title='image "./corpusiurisgerm00visigoog_0341.png"; bbox 0 0 2632 4822; ppageno 0'>
   <div class='ocr_carea' id='block_1_1' title="bbox 123 231 990 314">
    <p class='ocr_par' dir='ltr' id='par_1_1' title="bbox 123 231 990 314">
     <span class='ocr_line' id='line_1_1' title="bbox 123 231 990 314; baseline -0.01 0"><span class='ocrx_word' id='word_1_1' title='bbox 123 231 200 314; x_wconf 84' lang='grc'>748</span> <span class='ocrx_word' id='word_1_2' title='bbox 501 249 669 308; x_wconf 86' lang='lat' dir='ltr'>enroruu</span> <span class='ocrx_word' id='word_1_3' title='bbox 704 247 882 307; x_wconf 75' lang='lat' dir='ltr'>soranus</span> <span class='ocrx_word' id='word_1_4' title='bbox 986 285 990 294; x_wconf 88' lang='lat'>.</span> 
     </span>
    </p>
   </div>
   <div class='ocr_carea' id='block_1_2' title="bbox 120 388 1245 802">
    <p class='ocr_par' dir='ltr' id='par_1_2' title="bbox 120 388 1245 597">
     <span class='ocr_line' id='line_1_2' title="bbox 120 388 1245 470; baseline 0.002 -19"><span class='ocrx_word' id='word_1_5' title='bbox 120 397 184 452; x_wconf 77' lang='lat' dir='ltr'>tlon</span> <span class='ocrx_word' id='word_1_6' title='bbox 201 391 253 470; x_wconf 74' lang='lat' dir='ltr'>tibl</span> <span class='ocrx_word' id='word_1_7' title='bbox 271 390 442 465; x_wconf 80' lang='lat' dir='ltr'>respondeo,</span> <span class='ocrx_word' id='word_1_8' title='bbox 473 391 541 463; x_wconf 83' lang='lat' dir='ltr'>qula</span> <span class='ocrx_word' id='word_1_9' title='bbox 566 393 651 446; x_wconf 79' lang='lat' dir='ltr'>altera</span> <span class='ocrx_word' id='word_1_10' title='bbox 669 393 731 448; x_wconf 77' lang='lat' dir='ltr'>vles</span> <span class='ocrx_word' id='word_1_11' title='bbox 752 388 978 462; x_wconf 66' lang='lat' dir='ltr'>neapponatis,</span> <span class='ocrx_word' id='word_1_12' title='bbox 1006 399 1037 448; x_wconf 83' lang='lat' dir='ltr'>ot</span> <span class='ocrx_word' id='word_1_13' title='bbox 1057 411 1110 463; x_wconf 73' lang='lat' dir='ltr'>ego</span> <span class='ocrx_word' id='word_1_14' title='bbox 1134 393 1245 453; x_wconf 81' lang='lat' dir='ltr'>vadium</span> 
     </span>
     <span class='ocr_line' id='line_1_3' title="bbox 120 461 1243 544; baseline 0.004 -25"><span class='ocrx_word' id='word_1_15' title='bbox 120 477 152 524; x_wconf 78' lang='lat' dir='ltr'>et</span> <span class='ocrx_word' id='word_1_16' title='bbox 163 466 351 522; x_wconf 76' lang='lat' dir='ltr'>fideiussorem</span> <span class='ocrx_word' id='word_1_17' title='bbox 365 463 403 518; x_wconf 83' lang='lat' dir='ltr'>de</span> <span class='ocrx_word' id='word_1_18' title='bbox 421 471 593 520; x_wconf 78' lang='lat' dir='ltr'>sacramento</span> <span class='ocrx_word' id='word_1_19' title='bbox 611 463 692 526; x_wconf 88' lang='lat' dir='ltr'>dedi,</span> <span class='ocrx_word' id='word_1_20' title='bbox 718 471 748 518; x_wconf 82' lang='lat' dir='ltr'>et</span> <span class='ocrx_word' id='word_1_21' title='bbox 767 461 807 514; x_wconf 83' lang='lat' dir='ltr'>fui</span> <span class='ocrx_word' id='word_1_22' title='bbox 828 472 938 544; x_wconf 76' lang='lat' dir='ltr'>paratus</span> <span class='ocrx_word' id='word_1_23' title='bbox 953 462 990 518; x_wconf 81' lang='lat' dir='ltr'>cd</span> <span class='ocrx_word' id='word_1_24' title='bbox 1003 465 1087 521; x_wconf 81' lang='lat' dir='ltr'>illum</span> <span class='ocrx_word' id='word_1_25' title='bbox 1110 465 1243 536; x_wconf 71' lang='lat' dir='ltr'>dudum,</span> 
     </span>
     <span class='ocr_line' id='line_1_4' title="bbox 121 531 851 597; baseline -0.005 -4"><span class='ocrx_word' id='word_1_26' title='bbox 121 548 152 597; x_wconf 60' lang='lat' dir='ltr'>et</span> <span class='ocrx_word' id='word_1_27' title='bbox 170 547 205 592; x_wconf 83' lang='lat' dir='ltr'>tu</span> <span class='ocrx_word' id='word_1_28' title='bbox 231 544 290 588; x_wconf 91' lang='lat' dir='ltr'>toto</span> <span class='ocrx_word' id='word_1_29' title='bbox 316 551 388 586; x_wconf 87' lang='lat' dir='ltr'>anno</span> <span class='ocrx_word' id='word_1_30' title='bbox 415 533 569 588; x_wconf 75' lang='lat' dir='ltr'>voluntarie</span> <span class='ocrx_word' id='word_1_31' title='bbox 596 531 692 586; x_wconf 79' lang='lat' dir='ltr'>audire</span> <span class='ocrx_word' id='word_1_32' title='bbox 718 533 851 589; x_wconf 81' lang='lat' dir='ltr'>dilatasu.</span> 
     </span>
    </p>

    <p class='ocr_par' dir='ltr' id='par_1_3' title="bbox 192 603 707 684">
     <span class='ocr_line' id='line_1_5' title="bbox 192 603 707 684; baseline -0.008 -24"><span class='ocrx_word' id='word_1_33' title='bbox 192 607 245 660; x_wconf 87' lang='lat' dir='ltr'>Vel</span> <span class='ocrx_word' id='word_1_34' title='bbox 271 612 383 660; x_wconf 82' lang='lat' dir='ltr'>utantur</span> <span class='ocrx_word' id='word_1_35' title='bbox 407 603 466 656; x_wconf 85' lang='lat' dir='ltr'>aliis</span> <span class='ocrx_word' id='word_1_36' title='bbox 487 603 707 684; x_wconf 78' lang='lat' dir='ltr'>exceptionibus.</span> 
     </span>
    </p>

    <p class='ocr_par' dir='ltr' id='par_1_4' title="bbox 121 671 1242 802">
     <span class='ocr_line' id='line_1_6' title="bbox 191 671 1242 748; baseline 0.006 -22"><span class='ocrx_word' id='word_1_37' title='bbox 191 675 275 746; x_wconf 87' lang='lat' dir='ltr'>Quod</span> <span class='ocrx_word' id='word_1_38' title='bbox 294 673 407 748; x_wconf 85' lang='lat' dir='ltr'>quidem</span> <span class='ocrx_word' id='word_1_39' title='bbox 431 673 528 728; x_wconf 86' lang='lat' dir='ltr'>melias</span> <span class='ocrx_word' id='word_1_40' title='bbox 544 681 580 726; x_wconf 87' lang='lat' dir='ltr'>art</span> <span class='ocrx_word' id='word_1_41' title='bbox 595 681 704 726; x_wconf 83' lang='lat' dir='ltr'>tantum</span> <span class='ocrx_word' id='word_1_42' title='bbox 726 671 881 728; x_wconf 81' lang='lat' dir='ltr'>inustione</span> <span class='ocrx_word' id='word_1_43' title='bbox 899 685 950 746; x_wconf 82' lang='lat' dir='ltr'>pro</span> <span class='ocrx_word' id='word_1_44' title='bbox 966 674 1142 748; x_wconf 77' lang='lat' dir='ltr'>possessione</span> <span class='ocrx_word' id='word_1_45' title='bbox 1160 675 1242 745; x_wconf 87' lang='lat' dir='ltr'>iuret,</span> 
     </span>
     <span class='ocr_line' id='line_1_7' title="bbox 121 744 433 802; baseline -0.019 0"><span class='ocrx_word' id='word_1_46' title='bbox 121 745 277 802; x_wconf 83' lang='lat' dir='ltr'>secandam</span> <span class='ocrx_word' id='word_1_47' title='bbox 301 744 433 800; x_wconf 84' lang='lat' dir='ltr'>valentes.</span> 
     </span>
    </p>
   </div>
   <div class='ocr_carea' id='block_1_3' title="bbox 113 811 1241 2392">
    <p class='ocr_par' dir='ltr' id='par_1_5' title="bbox 113 811 1241 2392">
     <span class='ocr_line' id='line_1_8' title="bbox 207 811 1241 897; baseline -0.002 -19"><span class='ocrx_word' id='word_1_48' title='bbox 207 815 431 878; x_wconf 77' lang='lat' dir='ltr'>CCCLXVII.</span> <span class='ocrx_word' id='word_1_49' title='bbox 475 813 509 874; x_wconf 87' lang='lat' dir='ltr'>Si</span> <span class='ocrx_word' id='word_1_50' title='bbox 534 813 706 896; x_wconf 80' lang='lat' dir='ltr'>contigerit</span> <span class='ocrx_word' id='word_1_51' title='bbox 732 811 858 873; x_wconf 85' lang='lat' dir='ltr'>homini</span> <span class='ocrx_word' id='word_1_52' title='bbox 882 821 954 897; x_wconf 86' lang='lat' dir='ltr'>post</span> <span class='ocrx_word' id='word_1_53' title='bbox 977 813 1090 875; x_wconf 86' lang='lat' dir='ltr'>datum</span> <span class='ocrx_word' id='word_1_54' title='bbox 1109 813 1241 877; x_wconf 85' lang='lat' dir='ltr'>fideius-</span> 
     </span>
     <span class='ocr_line' id='line_1_9' title="bbox 121 895 1240 976; baseline 0.001 -17"><span class='ocrx_word' id='word_1_55' title='bbox 121 917 226 969; x_wconf 80' lang='lat' dir='ltr'>sorem</span> <span class='ocrx_word' id='word_1_56' title='bbox 247 899 285 959; x_wconf 86' lang='lat' dir='ltr'>de</span> <span class='ocrx_word' id='word_1_57' title='bbox 305 905 528 974; x_wconf 87' lang='lat' dir='ltr'>sacramento,</span> <span class='ocrx_word' id='word_1_58' title='bbox 550 906 583 958; x_wconf 90' lang='lat' dir='ltr'>et</span> <span class='ocrx_word' id='word_1_59' title='bbox 602 895 847 960; x_wconf 79' lang='lat' dir='ltr'>sacramentales</span> <span class='ocrx_word' id='word_1_60' title='bbox 871 895 1055 958; x_wconf 89' lang='lat' dir='ltr'>nominatos</span> <span class='ocrx_word' id='word_1_61' title='bbox 1076 897 1181 976; x_wconf 85' lang='lat' dir='ltr'>m&#39;ori,</span> <span class='ocrx_word' id='word_1_62' title='bbox 1210 907 1240 960; x_wconf 91' lang='lat' dir='ltr'>et</span> 
     </span>
     <span class='ocr_line' id='line_1_10' title="bbox 121 977 1240 1064; baseline -0.001 -21"><span class='ocrx_word' id='word_1_63' title='bbox 121 981 207 1044; x_wconf 86' lang='lat' dir='ltr'>filios</span> <span class='ocrx_word' id='word_1_64' title='bbox 230 979 403 1052; x_wconf 75' lang='lat' dir='ltr'>‹limiserit;</span> <span class='ocrx_word' id='word_1_65' title='bbox 426 987 601 1064; x_wconf 88' lang='lat' dir='ltr'>posteaque</span> <span class='ocrx_word' id='word_1_66' title='bbox 619 977 693 1056; x_wconf 86' lang='lat' dir='ltr'>ille,</span> <span class='ocrx_word' id='word_1_67' title='bbox 714 979 771 1060; x_wconf 89' lang='lat' dir='ltr'>qui</span> <span class='ocrx_word' id='word_1_68' title='bbox 790 992 934 1040; x_wconf 81' lang='lat' dir='ltr'>caussam</span> <span class='ocrx_word' id='word_1_69' title='bbox 951 977 1100 1062; x_wconf 87' lang='lat' dir='ltr'>quaerit,</span> <span class='ocrx_word' id='word_1_70' title='bbox 1156 981 1240 1042; x_wconf 86' lang='lat' dir='ltr'>alsa·</span> 
     </span>
     <span class='ocr_line' id='line_1_11' title="bbox 121 1059 1239 1147; baseline -0.003 -21"><span class='ocrx_word' id='word_1_71' title='bbox 121 1064 296 1130; x_wconf 90' lang='lat' dir='ltr'>veritlilios</span> <span class='ocrx_word' id='word_1_72' title='bbox 306 1062 464 1141; x_wconf 88' lang='lat' dir='ltr'>dicendo,</span> <span class='ocrx_word' id='word_1_73' title='bbox 487 1063 569 1147; x_wconf 83' lang='lat' dir='ltr'>Quia</span> <span class='ocrx_word' id='word_1_74' title='bbox 585 1059 1095 1146; x_wconf 80' lang='lat' dir='ltr'>quicquidpaterperwadiamet</span> <span class='ocrx_word' id='word_1_75' title='bbox 1136 1060 1239 1124; x_wconf 87' lang='lat' dir='ltr'>deius·</span> 
     </span>
     <span class='ocr_line' id='line_1_12' title="bbox 120 1143 1237 1244; baseline -0.004 -34"><span class='ocrx_word' id='word_1_76' title='bbox 120 1167 224 1210; x_wconf 84' lang='lat' dir='ltr'>sorem</span> <span class='ocrx_word' id='word_1_77' title='bbox 244 1147 410 1244; x_wconf 66' lang='lat' dir='ltr'>obligavit,</span> <span class='ocrx_word' id='word_1_78' title='bbox 422 1143 497 1228; x_wconf 79' lang='lat' dir='ltr'>filii</span> <span class='ocrx_word' id='word_1_79' title='bbox 518 1145 674 1228; x_wconf 83' lang='lat' dir='ltr'>complere</span> <span class='ocrx_word' id='word_1_80' title='bbox 691 1143 822 1206; x_wconf 82' lang='lat' dir='ltr'>debent:</span> <span class='ocrx_word' id='word_1_81' title='bbox 842 1154 921 1205; x_wconf 89' lang='lat' dir='ltr'>tunc</span> <span class='ocrx_word' id='word_1_82' title='bbox 936 1165 1071 1206; x_wconf 85' lang='lat' dir='ltr'>neeesse</span> <span class='ocrx_word' id='word_1_83' title='bbox 1088 1157 1140 1206; x_wconf 88' lang='lat' dir='ltr'>est</span> <span class='ocrx_word' id='word_1_84' title='bbox 1156 1145 1237 1224; x_wconf 83' lang='lat' dir='ltr'>filiis,</span> 
     </span>
     <span class='ocr_line' id='line_1_13' title="bbox 120 1227 1238 1314; baseline -0.003 -23"><span class='ocrx_word' id='word_1_85' title='bbox 120 1229 266 1314; x_wconf 86' lang='lat' dir='ltr'>quamvis</span> <span class='ocrx_word' id='word_1_86' title='bbox 278 1232 435 1288; x_wconf 78' lang='lat' dir='ltr'>minorem</span> <span class='ocrx_word' id='word_1_87' title='bbox 444 1227 753 1303; x_wconf 86' lang='lat' dir='ltr'>virtutemhabeant,</span> <span class='ocrx_word' id='word_1_88' title='bbox 775 1247 871 1308; x_wconf 87' lang='lat' dir='ltr'>quam</span> <span class='ocrx_word' id='word_1_89' title='bbox 887 1233 976 1312; x_wconf 86' lang='lat' dir='ltr'>pater</span> <span class='ocrx_word' id='word_1_90' title='bbox 989 1227 1037 1306; x_wconf 76' lang='lat' dir='ltr'>le),</span> <span class='ocrx_word' id='word_1_91' title='bbox 1060 1237 1238 1310; x_wconf 85' lang='lat' dir='ltr'>autpersa-</span> 
     </span>
     <span class='ocr_line' id='line_1_14' title="bbox 121 1309 1238 1405; baseline -0.004 -30"><span class='ocrx_word' id='word_1_92' title='bbox 121 1323 321 1377; x_wconf 81' lang='lat' dir='ltr'>crementum</span> <span class='ocrx_word' id='word_1_93' title='bbox 338 1329 471 1394; x_wconf 79' lang='lat' dir='ltr'>negare,</span> <span class='ocrx_word' id='word_1_94' title='bbox 504 1309 592 1394; x_wconf 88' lang='lat' dir='ltr'>quod</span> <span class='ocrx_word' id='word_1_95' title='bbox 613 1319 704 1392; x_wconf 89' lang='lat' dir='ltr'>pater</span> <span class='ocrx_word' id='word_1_96' title='bbox 725 1329 837 1370; x_wconf 89' lang='lat' dir='ltr'>eorum</span> <span class='ocrx_word' id='word_1_97' title='bbox 864 1328 930 1369; x_wconf 93' lang='lat' dir='ltr'>non</span> <span class='ocrx_word' id='word_1_98' title='bbox 952 1309 1159 1405; x_wconf 79' lang='lat' dir='ltr'>promiserit,</span> <span class='ocrx_word' id='word_1_99' title='bbox 1188 1318 1238 1372; x_wconf 88' lang='lat' dir='ltr'>ant</span> 
     </span>
     <span class='ocr_line' id='line_1_15' title="bbox 120 1391 1238 1483; baseline -0.005 -23"><span class='ocrx_word' id='word_1_100' title='bbox 120 1402 207 1460; x_wconf 85' lang='lat' dir='ltr'>certe</span> <span class='ocrx_word' id='word_1_101' title='bbox 227 1391 315 1483; x_wconf 87' lang='lat' dir='ltr'>quod</span> <span class='ocrx_word' id='word_1_102' title='bbox 331 1391 505 1478; x_wconf 87' lang='lat' dir='ltr'>spopondit</span> <span class='ocrx_word' id='word_1_103' title='bbox 521 1391 724 1476; x_wconf 87' lang='lat' dir='ltr'>adimpleant.</span> <span class='ocrx_word' id='word_1_104' title='bbox 766 1391 847 1454; x_wconf 85' lang='lat' dir='ltr'>Etsi</span> <span class='ocrx_word' id='word_1_105' title='bbox 863 1393 981 1476; x_wconf 77' lang='lat' dir='ltr'>aliquis</span> <span class='ocrx_word' id='word_1_106' title='bbox 1003 1391 1044 1454; x_wconf 90' lang='lat' dir='ltr'>de</span> <span class='ocrx_word' id='word_1_107' title='bbox 1060 1413 1238 1456; x_wconf 88' lang='lat' dir='ltr'>sacramen·</span> 
     </span>
     <span class='ocr_line' id='line_1_16' title="bbox 118 1473 1236 1573; baseline -0.004 -31"><span class='ocrx_word' id='word_1_108' title='bbox 118 1479 237 1542; x_wconf 89' lang='lat' dir='ltr'>talibus</span> <span class='ocrx_word' id='word_1_109' title='bbox 259 1485 405 1538; x_wconf 88' lang='lat' dir='ltr'>mortuus</span> <span class='ocrx_word' id='word_1_110' title='bbox 431 1475 546 1554; x_wconf 83' lang='lat' dir='ltr'>t&#39;uerit,</span> <span class='ocrx_word' id='word_1_111' title='bbox 575 1482 766 1563; x_wconf 88' lang='lat' dir='ltr'>potestatem</span> <span class='ocrx_word' id='word_1_112' title='bbox 790 1473 905 1537; x_wconf 85' lang='lat' dir='ltr'>habeat</span> <span class='ocrx_word' id='word_1_113' title='bbox 925 1475 1003 1552; x_wconf 83' lang='lat' dir='ltr'>ille,</span> <span class='ocrx_word' id='word_1_114' title='bbox 1036 1476 1095 1573; x_wconf 74' lang='lat' dir='ltr'>qui</span> <span class='ocrx_word' id='word_1_115' title='bbox 1121 1477 1236 1560; x_wconf 88' lang='lat' dir='ltr'>pulsat,</span> 
     </span>
     <span class='ocr_line' id='line_1_17' title="bbox 119 1555 1237 1644; baseline -0.005 -19"><span class='ocrx_word' id='word_1_116' title='bbox 119 1563 154 1626; x_wconf 87' lang='lat' dir='ltr'>iu</span> <span class='ocrx_word' id='word_1_117' title='bbox 186 1563 260 1624; x_wconf 91' lang='lat' dir='ltr'>loco</span> <span class='ocrx_word' id='word_1_118' title='bbox 291 1559 408 1620; x_wconf 84' lang='lat' dir='ltr'>mortui</span> <span class='ocrx_word' id='word_1_119' title='bbox 429 1555 566 1620; x_wconf 84' lang='lat' dir='ltr'>similem</span> <span class='ocrx_word' id='word_1_120' title='bbox 586 1557 685 1618; x_wconf 89' lang='lat' dir='ltr'>alium</span> <span class='ocrx_word' id='word_1_121' title='bbox 707 1559 872 1619; x_wconf 89' lang='lat' dir='ltr'>nominare</span> <span class='ocrx_word' id='word_1_122' title='bbox 896 1557 935 1620; x_wconf 92' lang='lat' dir='ltr'>de</span> <span class='ocrx_word' id='word_1_123' title='bbox 954 1557 1113 1642; x_wconf 84' lang='lat' dir='ltr'>proximis</span> <span class='ocrx_word' id='word_1_124' title='bbox 1133 1559 1237 1644; x_wconf 71' lang='lat' dir='ltr'>legiti-</span> 
     </span>
     <span class='ocr_line' id='line_1_18' title="bbox 118 1641 1236 1724; baseline -0.003 -19"><span class='ocrx_word' id='word_1_125' title='bbox 118 1647 198 1723; x_wconf 90' lang='lat' dir='ltr'>mis,</span> <span class='ocrx_word' id='word_1_126' title='bbox 220 1653 274 1704; x_wconf 89' lang='lat' dir='ltr'>aut</span> <span class='ocrx_word' id='word_1_127' title='bbox 290 1643 329 1704; x_wconf 87' lang='lat' dir='ltr'>de</span> <span class='ocrx_word' id='word_1_128' title='bbox 349 1641 564 1720; x_wconf 87' lang='lat' dir='ltr'>naturalibus,</span> <span class='ocrx_word' id='word_1_129' title='bbox 587 1652 640 1703; x_wconf 87' lang='lat' dir='ltr'>aut</span> <span class='ocrx_word' id='word_1_130' title='bbox 653 1641 692 1701; x_wconf 86' lang='lat' dir='ltr'>de</span> <span class='ocrx_word' id='word_1_131' title='bbox 707 1641 879 1724; x_wconf 85' lang='lat' dir='ltr'>gamalibus</span> <span class='ocrx_word' id='word_1_132' title='bbox 894 1642 940 1720; x_wconf 89' lang='lat' dir='ltr'>l),</span> <span class='ocrx_word' id='word_1_133' title='bbox 964 1641 1060 1704; x_wconf 86' lang='lat' dir='ltr'>idest</span> <span class='ocrx_word' id='word_1_134' title='bbox 1079 1645 1236 1704; x_wconf 87' lang='lat' dir='ltr'>confabu-</span> 
     </span>
     <span class='ocr_line' id='line_1_19' title="bbox 119 1723 1236 1810; baseline -0.006 -17"><span class='ocrx_word' id='word_1_135' title='bbox 119 1727 201 1794; x_wconf 83' lang='lat' dir='ltr'>latis.</span> <span class='ocrx_word' id='word_1_136' title='bbox 243 1729 286 1788; x_wconf 88' lang='lat' dir='ltr'>Et</span> <span class='ocrx_word' id='word_1_137' title='bbox 314 1724 341 1788; x_wconf 90' lang='lat' dir='ltr'>si</span> <span class='ocrx_word' id='word_1_138' title='bbox 372 1724 505 1802; x_wconf 82' lang='lat' dir='ltr'>dixerit,</span> <span class='ocrx_word' id='word_1_139' title='bbox 558 1723 613 1810; x_wconf 90' lang='lat' dir='ltr'>qui</span> <span class='ocrx_word' id='word_1_140' title='bbox 641 1723 747 1808; x_wconf 85' lang='lat' dir='ltr'>pulsat</span> <span class='ocrx_word' id='word_1_141' title='bbox 774 1725 863 1808; x_wconf 89' lang='lat' dir='ltr'>quod</span> <span class='ocrx_word' id='word_1_142' title='bbox 894 1735 1135 1788; x_wconf 86' lang='lat' dir='ltr'>sacramentnm</span> <span class='ocrx_word' id='word_1_143' title='bbox 1162 1749 1236 1808; x_wconf 90' lang='lat' dir='ltr'>rup-</span> 
     </span>
     <span class='ocr_line' id='line_1_20' title="bbox 117 1805 1237 1891; baseline -0.005 -17"><span class='ocrx_word' id='word_1_144' title='bbox 117 1823 186 1874; x_wconf 88' lang='lat' dir='ltr'>tum</span> <span class='ocrx_word' id='word_1_145' title='bbox 218 1810 349 1887; x_wconf 84' lang='lat' dir='ltr'>fuisset,</span> <span class='ocrx_word' id='word_1_146' title='bbox 386 1807 539 1891; x_wconf 88' lang='lat' dir='ltr'>praebeat</span> <span class='ocrx_word' id='word_1_147' title='bbox 567 1816 824 1886; x_wconf 87' lang='lat' dir='ltr'>sacramentum,</span> <span class='ocrx_word' id='word_1_148' title='bbox 864 1805 920 1888; x_wconf 91' lang='lat' dir='ltr'>qui</span> <span class='ocrx_word' id='word_1_149' title='bbox 943 1818 1055 1890; x_wconf 83' lang='lat' dir='ltr'>negat,</span> <span class='ocrx_word' id='word_1_150' title='bbox 1095 1809 1124 1870; x_wconf 92' lang='lat' dir='ltr'>si</span> <span class='ocrx_word' id='word_1_151' title='bbox 1146 1830 1237 1870; x_wconf 89' lang='lat' dir='ltr'>ausus</span> 
     </span>
     <span class='ocr_line' id='line_1_21' title="bbox 118 1893 1237 1976; baseline -0.005 -18"><span class='ocrx_word' id='word_1_152' title='bbox 118 1893 217 1967; x_wconf 84' lang='lat' dir='ltr'>suerit</span> <span class='ocrx_word' id='word_1_153' title='bbox 239 1893 361 1952; x_wconf 86' lang='lat' dir='ltr'>iurare:</span> <span class='ocrx_word' id='word_1_154' title='bbox 398 1893 486 1976; x_wconf 48' lang='lat' dir='ltr'>Quia¹</span> <span class='ocrx_word' id='word_1_155' title='bbox 501 1911 599 1974; x_wconf 83' lang='lat' dir='ltr'>neque</span> <span class='ocrx_word' id='word_1_156' title='bbox 618 1903 711 1972; x_wconf 80' lang='lat' dir='ltr'>pater</span> <span class='ocrx_word' id='word_1_157' title='bbox 732 1911 830 1970; x_wconf 79' lang='lat' dir='ltr'>raeque</span> <span class='ocrx_word' id='word_1_158' title='bbox 852 1893 919 1971; x_wconf 87' lang='lat' dir='ltr'>ipse</span> <span class='ocrx_word' id='word_1_159' title='bbox 941 1906 1174 1952; x_wconf 80' lang='lat' dir='ltr'>sacromentum</span> <span class='ocrx_word' id='word_1_160' title='bbox 1188 1912 1237 1952; x_wconf 85' lang='lat' dir='ltr'>ru·</span> 
     </span>
     <span class='ocr_line' id='line_1_22' title="bbox 113 1971 1236 2066; baseline -0.004 -27"><span class='ocrx_word' id='word_1_161' title='bbox 113 1979 221 2066; x_wconf 56' lang='lat' dir='ltr'>parim</span> <span class='ocrx_word' id='word_1_162' title='bbox 249 1984 359 2060; x_wconf 89' lang='lat' dir='ltr'>postea</span> <span class='ocrx_word' id='word_1_163' title='bbox 378 1974 478 2050; x_wconf 89' lang='lat' dir='ltr'>iuret,</span> <span class='ocrx_word' id='word_1_164' title='bbox 503 1971 586 2034; x_wconf 86' lang='lat' dir='ltr'>siout</span> <span class='ocrx_word' id='word_1_165' title='bbox 607 1972 870 2056; x_wconf 88' lang='lat' dir='ltr'>suprascriptum</span> <span class='ocrx_word' id='word_1_166' title='bbox 890 1979 946 2034; x_wconf 89' lang='lat' dir='ltr'>est.</span> <span class='ocrx_word' id='word_1_167' title='bbox 991 1973 1236 2036; x_wconf 84' lang='lat' dir='ltr'>Sacramentum</span> 
     </span>
     <span class='ocr_line' id='line_1_23' title="bbox 115 2053 1235 2142; baseline -0.004 -20"><span class='ocrx_word' id='word_1_168' title='bbox 115 2073 195 2129; x_wconf 82' lang='lat' dir='ltr'>tunc</span> <span class='ocrx_word' id='word_1_169' title='bbox 218 2057 412 2142; x_wconf 78' lang='lat' dir='ltr'>intelligitur</span> <span class='ocrx_word' id='word_1_170' title='bbox 432 2065 580 2140; x_wconf 88' lang='lat' dir='ltr'>ruptum,</span> <span class='ocrx_word' id='word_1_171' title='bbox 616 2055 747 2137; x_wconf 89' lang='lat' dir='ltr'>quando</span> <span class='ocrx_word' id='word_1_172' title='bbox 776 2053 1000 2139; x_wconf 87' lang='lat' dir='ltr'>praesentibus</span> <span class='ocrx_word' id='word_1_173' title='bbox 1022 2057 1235 2118; x_wconf 87' lang='lat' dir='ltr'>sacrosanctis</span> 
     </span>
     <span class='ocr_line' id='line_1_24' title="bbox 116 2135 1236 2233; baseline -0.008 -26"><span class='ocrx_word' id='word_1_174' title='bbox 116 2142 320 2233; x_wconf 75' lang='lat' dir='ltr'>Evangeliis,</span> <span class='ocrx_word' id='word_1_175' title='bbox 351 2150 405 2201; x_wconf 92' lang='lat' dir='ltr'>aut</span> <span class='ocrx_word' id='word_1_176' title='bbox 426 2139 520 2200; x_wconf 85' lang='lat' dir='ltr'>armis</span> <span class='ocrx_word' id='word_1_177' title='bbox 542 2138 690 2216; x_wconf 85' lang='lat' dir='ltr'>sacratis,</span> <span class='ocrx_word' id='word_1_178' title='bbox 729 2137 785 2198; x_wconf 88' lang='lat' dir='ltr'>ille</span> <span class='ocrx_word' id='word_1_179' title='bbox 809 2137 865 2220; x_wconf 88' lang='lat' dir='ltr'>qui</span> <span class='ocrx_word' id='word_1_180' title='bbox 888 2135 1052 2218; x_wconf 87' lang='lat' dir='ltr'>pulsatur,</span> <span class='ocrx_word' id='word_1_181' title='bbox 1089 2161 1164 2200; x_wconf 90' lang='lat' dir='ltr'>cum</span> <span class='ocrx_word' id='word_1_182' title='bbox 1186 2161 1236 2201; x_wconf 89' lang='lat' dir='ltr'>sa-</span> 
     </span>
     <span class='ocr_line' id='line_1_25' title="bbox 118 2215 1233 2298; baseline -0.005 -9"><span class='ocrx_word' id='word_1_183' title='bbox 118 2222 365 2290; x_wconf 88' lang='lat' dir='ltr'>cramentalibus</span> <span class='ocrx_word' id='word_1_184' title='bbox 388 2221 452 2284; x_wconf 90' lang='lat' dir='ltr'>suis</span> <span class='ocrx_word' id='word_1_185' title='bbox 473 2220 697 2298; x_wconf 86' lang='lat' dir='ltr'>coniunxerit,</span> <span class='ocrx_word' id='word_1_186' title='bbox 725 2229 758 2281; x_wconf 84' lang='lat' dir='ltr'>et</span> <span class='ocrx_word' id='word_1_187' title='bbox 781 2243 844 2282; x_wconf 89' lang='lat' dir='ltr'>non</span> <span class='ocrx_word' id='word_1_188' title='bbox 869 2215 972 2280; x_wconf 78' lang='lat' dir='ltr'>ausus</span> <span class='ocrx_word' id='word_1_189' title='bbox 985 2217 1086 2282; x_wconf 84' lang='lat' dir='ltr'>suerit</span> <span class='ocrx_word' id='word_1_190' title='bbox 1107 2221 1233 2296; x_wconf 86' lang='lat' dir='ltr'>iurare;</span> 
     </span>
     <span class='ocr_line' id='line_1_26' title="bbox 119 2301 1239 2392; baseline -0.001 -24"><span class='ocrx_word' id='word_1_191' title='bbox 119 2321 152 2374; x_wconf 87' lang='lat' dir='ltr'>et</span> <span class='ocrx_word' id='word_1_192' title='bbox 173 2321 228 2377; x_wconf 81' lang='lat' dir='ltr'>aut</span> <span class='ocrx_word' id='word_1_193' title='bbox 250 2311 328 2392; x_wconf 90' lang='lat' dir='ltr'>ipse,</span> <span class='ocrx_word' id='word_1_194' title='bbox 351 2313 406 2366; x_wconf 87' lang='lat' dir='ltr'>aut</span> <span class='ocrx_word' id='word_1_195' title='bbox 427 2301 544 2388; x_wconf 87' lang='lat' dir='ltr'>aliquis</span> <span class='ocrx_word' id='word_1_196' title='bbox 567 2303 604 2366; x_wconf 90' lang='lat' dir='ltr'>de</span> <span class='ocrx_word' id='word_1_197' title='bbox 629 2303 911 2365; x_wconf 87' lang='lat' dir='ltr'>sacramentalibus</span> <span class='ocrx_word' id='word_1_198' title='bbox 933 2301 1002 2364; x_wconf 92' lang='lat' dir='ltr'>eius</span> <span class='ocrx_word' id='word_1_199' title='bbox 1024 2326 1057 2364; x_wconf 91' lang='lat' dir='ltr'>se</span> <span class='ocrx_word' id='word_1_200' title='bbox 1077 2305 1239 2368; x_wconf 75' lang='lat' dir='ltr'>subtraxe-</span> 
     </span>
    </p>
   </div>
   <div class='ocr_carea' id='block_1_4' title="bbox 119 2383 1156 2475">
    <p class='ocr_par' dir='ltr' id='par_1_6' title="bbox 119 2383 1156 2475">
     <span class='ocr_line' id='line_1_27' title="bbox 119 2383 1156 2475; baseline -0.009 -21"><span class='ocrx_word' id='word_1_201' title='bbox 119 2389 178 2475; x_wconf 72' lang='lat' dir='ltr'>rit,</span> <span class='ocrx_word' id='word_1_202' title='bbox 200 2403 278 2452; x_wconf 89' lang='lat' dir='ltr'>tune</span> <span class='ocrx_word' id='word_1_203' title='bbox 301 2387 503 2470; x_wconf 79' lang='lat' dir='ltr'>intelligatur</span> <span class='ocrx_word' id='word_1_204' title='bbox 524 2396 755 2450; x_wconf 88' lang='lat' dir='ltr'>sacramentum</span> <span class='ocrx_word' id='word_1_205' title='bbox 777 2395 918 2472; x_wconf 84' lang='lat' dir='ltr'>ruptum.</span> <span class='ocrx_word' id='word_1_206' title='bbox 984 2383 1029 2448; x_wconf 88' lang='lat' dir='ltr'>il.</span> <span class='ocrx_word' id='word_1_207' title='bbox 1051 2387 1102 2452; x_wconf 85' lang='lat'>55.</span> <span class='ocrx_word' id='word_1_208' title='bbox 1127 2413 1156 2472; x_wconf 87' lang='lat'>7.</span> 
     </span>
    </p>
   </div>
   <div class='ocr_carea' id='block_1_5' title="bbox 118 2467 1241 3172">
    <p class='ocr_par' dir='ltr' id='par_1_7' title="bbox 118 2467 1240 2756">
     <span class='ocr_line' id='line_1_28' title="bbox 206 2467 1239 2542; baseline 0 -18"><span class='ocrx_word' id='word_1_209' title='bbox 206 2523 208 2530; x_wconf 79' lang='grc'>,</span> <span class='ocrx_word' id='word_1_210' title='bbox 258 2491 337 2525; x_wconf 79' lang='lat' dir='ltr'>sonu.</span> <span class='ocrx_word' id='word_1_211' title='bbox 381 2470 459 2526; x_wconf 79' lang='lat' dir='ltr'>Petre</span> <span class='ocrx_word' id='word_1_212' title='bbox 480 2482 508 2526; x_wconf 91' lang='lat' dir='ltr'>te</span> <span class='ocrx_word' id='word_1_213' title='bbox 537 2490 570 2542; x_wconf 86' lang='lat' dir='ltr'>ap</span> <span class='ocrx_word' id='word_1_214' title='bbox 591 2472 657 2525; x_wconf 88' lang='lat' dir='ltr'>ellat</span> <span class='ocrx_word' id='word_1_215' title='bbox 678 2471 829 2532; x_wconf 86' lang='lat' dir='ltr'>Martinus,</span> <span class='ocrx_word' id='word_1_216' title='bbox 866 2467 940 2540; x_wconf 90' lang='lat' dir='ltr'>qaod</span> <span class='ocrx_word' id='word_1_217' title='bbox 966 2479 1043 2538; x_wconf 87' lang='lat' dir='ltr'>pater</span> <span class='ocrx_word' id='word_1_218' title='bbox 1070 2479 1134 2524; x_wconf 87' lang='lat' dir='ltr'>tuus</span> <span class='ocrx_word' id='word_1_219' title='bbox 1163 2469 1239 2524; x_wconf 90' lang='lat' dir='ltr'>dedit</span> 
     </span>
     <span class='ocr_line' id='line_1_29' title="bbox 118 2491 1240 2610; baseline -0.003 -14"><span class='ocrx_word' id='word_1_220' title='bbox 118 2536 175 2596; x_wconf 83' lang='lat' dir='ltr'>sibi</span> <span class='ocrx_word' id='word_1_221' title='bbox 198 2532 279 2594; x_wconf 74' lang='lat' dir='ltr'>vidia</span> <span class='ocrx_word' id='word_1_222' title='bbox 303 2543 337 2594; x_wconf 92' lang='lat' dir='ltr'>de</span> <span class='ocrx_word' id='word_1_223' title='bbox 362 2539 473 2605; x_wconf 85' lang='lat' dir='ltr'>iurare,</span> <span class='ocrx_word' id='word_1_224' title='bbox 510 2491 588 2610; x_wconf 75' lang='lat' dir='ltr'>qumi</span> <span class='ocrx_word' id='word_1_225' title='bbox 608 2558 663 2593; x_wconf 91' lang='lat' dir='ltr'>non</span> <span class='ocrx_word' id='word_1_226' title='bbox 685 2539 801 2596; x_wconf 82' lang='lat' dir='ltr'>haberet</span> <span class='ocrx_word' id='word_1_227' title='bbox 828 2539 927 2592; x_wconf 84' lang='lat' dir='ltr'>saetam</span> <span class='ocrx_word' id='word_1_228' title='bbox 953 2539 1082 2591; x_wconf 85' lang='lat' dir='ltr'>iniuriam</span> <span class='ocrx_word' id='word_1_229' title='bbox 1095 2541 1132 2592; x_wconf 73' lang='lat' dir='ltr'>‘in</span> <span class='ocrx_word' id='word_1_230' title='bbox 1163 2559 1240 2594; x_wconf 78' lang='lat' dir='ltr'>snam</span> 
     </span>
     <span class='ocr_line' id='line_1_30' title="bbox 119 2609 1240 2683; baseline -0.002 -17"><span class='ocrx_word' id='word_1_231' title='bbox 119 2613 333 2674; x_wconf 80' lang='lat' dir='ltr'>mundoaldam‚</span> <span class='ocrx_word' id='word_1_232' title='bbox 365 2621 393 2664; x_wconf 89' lang='lat' dir='ltr'>et</span> <span class='ocrx_word' id='word_1_233' title='bbox 416 2627 471 2665; x_wconf 88' lang='lat' dir='ltr'>non</span> <span class='ocrx_word' id='word_1_234' title='bbox 493 2610 592 2664; x_wconf 79' lang='lat' dir='ltr'>iuravit</span> <span class='ocrx_word' id='word_1_235' title='bbox 614 2612 678 2662; x_wconf 88' lang='lat' dir='ltr'>dnm</span> <span class='ocrx_word' id='word_1_236' title='bbox 701 2610 778 2664; x_wconf 81' lang='lat' dir='ltr'>vixit.</span> <span class='ocrx_word' id='word_1_237' title='bbox 814 2610 899 2664; x_wconf 81' lang='lat' dir='ltr'>Modo</span> <span class='ocrx_word' id='word_1_238' title='bbox 925 2609 1001 2673; x_wconf 84' lang='lat' dir='ltr'>vult,</span> <span class='ocrx_word' id='word_1_239' title='bbox 1019 2610 1060 2682; x_wconf 69' lang='lat' dir='ltr'>lut</span> <span class='ocrx_word' id='word_1_240' title='bbox 1087 2611 1240 2683; x_wconf 75' lang='lat' dir='ltr'>adimpleat</span> 
     </span>
     <span class='ocr_line' id='line_1_31' title="bbox 121 2679 774 2756; baseline -0.003 -20"><span class='ocrx_word' id='word_1_241' title='bbox 121 2685 197 2756; x_wconf 87' lang='lat' dir='ltr'>quod</span> <span class='ocrx_word' id='word_1_242' title='bbox 215 2684 272 2752; x_wconf 88' lang='lat' dir='ltr'>ipse</span> <span class='ocrx_word' id='word_1_243' title='bbox 291 2681 430 2750; x_wconf 83' lang='lat' dir='ltr'>promisit,</span> <span class='ocrx_word' id='word_1_244' title='bbox 456 2689 484 2735; x_wconf 91' lang='lat' dir='ltr'>et</span> <span class='ocrx_word' id='word_1_245' title='bbox 501 2679 574 2734; x_wconf 89' lang='lat' dir='ltr'>unde</span> <span class='ocrx_word' id='word_1_246' title='bbox 592 2682 672 2734; x_wconf 85' lang='lat' dir='ltr'>vadis</span> <span class='ocrx_word' id='word_1_247' title='bbox 689 2681 774 2734; x_wconf 86' lang='lat' dir='ltr'>dedit.</span> 
     </span>
    </p>

    <p class='ocr_par' dir='ltr' id='par_1_8' title="bbox 192 2751 792 2821">
     <span class='ocr_line' id='line_1_32' title="bbox 192 2751 792 2821; baseline -0.005 -15"><span class='ocrx_word' id='word_1_248' title='bbox 192 2755 268 2808; x_wconf 67' lang='grc' dir='ltr'>ΗΜ</span> <span class='ocrx_word' id='word_1_249' title='bbox 287 2752 458 2821; x_wconf 80' lang='lat' dir='ltr'>appellatio,</span> <span class='ocrx_word' id='word_1_250' title='bbox 482 2751 633 2804; x_wconf 87' lang='lat' dir='ltr'>secundum</span> <span class='ocrx_word' id='word_1_251' title='bbox 652 2751 792 2820; x_wconf 86' lang='lat' dir='ltr'>quosdam.</span> 
     </span>
    </p>

    <p class='ocr_par' dir='ltr' id='par_1_9' title="bbox 121 2814 1241 3172">
     <span class='ocr_line' id='line_1_33' title="bbox 192 2814 1241 2892; baseline -0.003 -17"><span class='ocrx_word' id='word_1_252' title='bbox 192 2826 272 2879; x_wconf 85' lang='lat' dir='ltr'>Patre</span> <span class='ocrx_word' id='word_1_253' title='bbox 292 2829 320 2877; x_wconf 81' lang='lat' dir='ltr'>te</span> <span class='ocrx_word' id='word_1_254' title='bbox 339 2822 462 2890; x_wconf 76' lang='lat' dir='ltr'>appellat</span> <span class='ocrx_word' id='word_1_255' title='bbox 482 2820 632 2882; x_wconf 86' lang='lat' dir='ltr'>Martinus,</span> <span class='ocrx_word' id='word_1_256' title='bbox 660 2821 736 2892; x_wconf 92' lang='lat' dir='ltr'>quod</span> <span class='ocrx_word' id='word_1_257' title='bbox 753 2830 831 2892; x_wconf 88' lang='lat' dir='ltr'>pater</span> <span class='ocrx_word' id='word_1_258' title='bbox 848 2825 913 2875; x_wconf 87' lang='lat' dir='ltr'>tuus</span> <span class='ocrx_word' id='word_1_259' title='bbox 936 2817 1012 2874; x_wconf 86' lang='lat' dir='ltr'>dedit</span> <span class='ocrx_word' id='word_1_260' title='bbox 1036 2814 1088 2869; x_wconf 90' lang='lat' dir='ltr'>sibi</span> <span class='ocrx_word' id='word_1_261' title='bbox 1110 2817 1241 2872; x_wconf 89' lang='lat' dir='ltr'>vadimo-</span> 
     </span>
     <span class='ocr_line' id='line_1_34' title="bbox 121 2887 1239 2962; baseline -0.004 -16"><span class='ocrx_word' id='word_1_262' title='bbox 121 2893 199 2950; x_wconf 90' lang='lat' dir='ltr'>nium</span> <span class='ocrx_word' id='word_1_263' title='bbox 219 2892 373 2952; x_wconf 87' lang='lat' dir='ltr'>deiurare,</span> <span class='ocrx_word' id='word_1_264' title='bbox 394 2891 469 2962; x_wconf 89' lang='lat' dir='ltr'>quod</span> <span class='ocrx_word' id='word_1_265' title='bbox 493 2887 606 2940; x_wconf 85' lang='lat' dir='ltr'>haberet</span> <span class='ocrx_word' id='word_1_266' title='bbox 624 2907 771 2960; x_wconf 86' lang='lat' dir='ltr'>possessam</span> <span class='ocrx_word' id='word_1_267' title='bbox 790 2909 838 2960; x_wconf 91' lang='lat' dir='ltr'>per</span> <span class='ocrx_word' id='word_1_268' title='bbox 857 2891 937 2944; x_wconf 89' lang='lat' dir='ltr'>XXX.</span> <span class='ocrx_word' id='word_1_269' title='bbox 963 2905 1044 2940; x_wconf 88' lang='lat' dir='ltr'>annos</span> <span class='ocrx_word' id='word_1_270' title='bbox 1068 2888 1177 2960; x_wconf 87' lang='lat' dir='ltr'>peciam</span> <span class='ocrx_word' id='word_1_271' title='bbox 1199 2889 1239 2941; x_wconf 88' lang='lat' dir='ltr'>de</span> 
     </span>
     <span class='ocr_line' id='line_1_35' title="bbox 122 2957 1240 3034; baseline -0.003 -18"><span class='ocrx_word' id='word_1_272' title='bbox 122 2971 213 3026; x_wconf 88' lang='lat' dir='ltr'>terra,</span> <span class='ocrx_word' id='word_1_273' title='bbox 242 2980 313 3034; x_wconf 89' lang='lat' dir='ltr'>quae</span> <span class='ocrx_word' id='word_1_274' title='bbox 332 2959 405 3012; x_wconf 86' lang='lat' dir='ltr'>iacet</span> <span class='ocrx_word' id='word_1_275' title='bbox 424 2957 454 3010; x_wconf 82' lang='lat' dir='ltr'>in</span> <span class='ocrx_word' id='word_1_276' title='bbox 476 2959 525 3010; x_wconf 91' lang='lat' dir='ltr'>tali</span> <span class='ocrx_word' id='word_1_277' title='bbox 548 2958 628 3024; x_wconf 87' lang='lat' dir='ltr'>loco;</span> <span class='ocrx_word' id='word_1_278' title='bbox 656 2968 684 3012; x_wconf 86' lang='lat' dir='ltr'>et</span> <span class='ocrx_word' id='word_1_279' title='bbox 706 2961 769 3011; x_wconf 89' lang='lat' dir='ltr'>dum</span> <span class='ocrx_word' id='word_1_280' title='bbox 785 2959 874 3012; x_wconf 84' lang='lat' dir='ltr'>iurare</span> <span class='ocrx_word' id='word_1_281' title='bbox 892 2961 1005 3022; x_wconf 83' lang='lat' dir='ltr'>debuit,</span> <span class='ocrx_word' id='word_1_282' title='bbox 1028 2965 1176 3030; x_wconf 83' lang='lat' dir='ltr'>postquam</span> <span class='ocrx_word' id='word_1_283' title='bbox 1195 2959 1240 3012; x_wconf 84' lang='lat' dir='ltr'>sol</span> 
     </span>
     <span class='ocr_line' id='line_1_36' title="bbox 123 3027 1240 3100; baseline -0.004 -13"><span class='ocrx_word' id='word_1_284' title='bbox 123 3030 272 3096; x_wconf 87' lang='lat' dir='ltr'>occiderit,</span> <span class='ocrx_word' id='word_1_285' title='bbox 299 3037 407 3100; x_wconf 87' lang='lat' dir='ltr'>etpost</span> <span class='ocrx_word' id='word_1_286' title='bbox 426 3029 547 3099; x_wconf 85' lang='lat' dir='ltr'>spacium</span> <span class='ocrx_word' id='word_1_287' title='bbox 568 3029 602 3080; x_wconf 86' lang='lat' dir='ltr'>ad</span> <span class='ocrx_word' id='word_1_288' title='bbox 618 3030 794 3099; x_wconf 88' lang='lat' dir='ltr'>inquirendos</span> <span class='ocrx_word' id='word_1_289' title='bbox 812 3032 1035 3088; x_wconf 76' lang='lat' dir='ltr'>sacramentales,</span> <span class='ocrx_word' id='word_1_290' title='bbox 1054 3027 1107 3080; x_wconf 81' lang='lat' dir='ltr'>luit</span> <span class='ocrx_word' id='word_1_291' title='bbox 1122 3037 1240 3098; x_wconf 75' lang='lat' dir='ltr'>nuptum</span> 
     </span>
     <span class='ocr_line' id='line_1_37' title="bbox 121 3099 1240 3172; baseline -0.004 -14"><span class='ocrx_word' id='word_1_292' title='bbox 121 3111 323 3158; x_wconf 72' lang='lat' dir='ltr'>sacramentum</span> <span class='ocrx_word' id='word_1_293' title='bbox 342 3101 415 3166; x_wconf 89' lang='lat' dir='ltr'>eius,</span> <span class='ocrx_word' id='word_1_294' title='bbox 445 3101 491 3153; x_wconf 86' lang='lat' dir='ltr'>vel</span> <span class='ocrx_word' id='word_1_295' title='bbox 514 3101 732 3154; x_wconf 82' lang='lat' dir='ltr'>sacramentalis:</span> <span class='ocrx_word' id='word_1_296' title='bbox 761 3109 789 3153; x_wconf 90' lang='lat' dir='ltr'>et</span> <span class='ocrx_word' id='word_1_297' title='bbox 809 3102 870 3155; x_wconf 85' lang='lat' dir='ltr'>vult</span> <span class='ocrx_word' id='word_1_298' title='bbox 898 3110 930 3154; x_wconf 91' lang='lat' dir='ltr'>ut</span> <span class='ocrx_word' id='word_1_299' title='bbox 949 3101 1070 3154; x_wconf 84' lang='lat' dir='ltr'>dimittas</span> <span class='ocrx_word' id='word_1_300' title='bbox 1098 3099 1124 3152; x_wconf 90' lang='lat' dir='ltr'>ei</span> <span class='ocrx_word' id='word_1_301' title='bbox 1149 3102 1240 3172; x_wconf 82' lang='lat' dir='ltr'>ipsam</span> 
     </span>
    </p>
   </div>
   <div class='ocr_carea' id='block_1_6' title="bbox 117 3176 386 3249">
    <p class='ocr_par' dir='ltr' id='par_1_10' title="bbox 117 3176 386 3249">
     <span class='ocr_line' id='line_1_38' title="bbox 117 3176 386 3249; baseline -0.026 -19"><span class='ocrx_word' id='word_1_302' title='bbox 117 3177 229 3249; x_wconf 81' lang='lat' dir='ltr'>peciam</span> <span class='ocrx_word' id='word_1_303' title='bbox 249 3176 282 3228; x_wconf 89' lang='lat' dir='ltr'>de</span> <span class='ocrx_word' id='word_1_304' title='bbox 306 3182 386 3226; x_wconf 83' lang='lat' dir='ltr'>terra.</span> 
     </span>
    </p>
   </div>
   <div class='ocr_carea' id='block_1_7' title="bbox 117 3237 1250 4068">
    <p class='ocr_par' dir='ltr' id='par_1_11' title="bbox 117 3237 1250 4068">
     <span class='ocr_line' id='line_1_39' title="bbox 206 3237 1239 3322; baseline -0.008 -14"><span class='ocrx_word' id='word_1_305' title='bbox 206 3239 444 3308; x_wconf 84' lang='lat' dir='ltr'>CCCLXVHI.</span> <span class='ocrx_word' id='word_1_306' title='bbox 487 3238 522 3302; x_wconf 89' lang='lat' dir='ltr'>Si</span> <span class='ocrx_word' id='word_1_307' title='bbox 542 3260 600 3322; x_wconf 87' lang='lat' dir='ltr'>pro</span> <span class='ocrx_word' id='word_1_308' title='bbox 623 3260 826 3321; x_wconf 86' lang='lat' dir='ltr'>quacumque</span> <span class='ocrx_word' id='word_1_309' title='bbox 852 3260 963 3303; x_wconf 87' lang='lat' dir='ltr'>caussa</span> <span class='ocrx_word' id='word_1_310' title='bbox 978 3247 1040 3308; x_wconf 78' lang='lat' dir='ltr'>‚aut</span> <span class='ocrx_word' id='word_1_311' title='bbox 1061 3237 1155 3321; x_wconf 78' lang='lat' dir='ltr'>orrlpa</span> <span class='ocrx_word' id='word_1_312' title='bbox 1176 3239 1239 3300; x_wconf 91' lang='lat' dir='ltr'>ho-</span> 
     </span>
     <span class='ocr_line' id='line_1_40' title="bbox 124 3319 1240 3411; baseline -0.007 -21"><span class='ocrx_word' id='word_1_313' title='bbox 124 3350 176 3390; x_wconf 93' lang='lat' dir='ltr'>mo</span> <span class='ocrx_word' id='word_1_314' title='bbox 197 3328 342 3411; x_wconf 90' lang='lat' dir='ltr'>pulsatus</span> <span class='ocrx_word' id='word_1_315' title='bbox 364 3322 463 3384; x_wconf 89' lang='lat' dir='ltr'>fuerit</span> <span class='ocrx_word' id='word_1_316' title='bbox 483 3323 522 3382; x_wconf 88' lang='lat' dir='ltr'>ab</span> <span class='ocrx_word' id='word_1_317' title='bbox 544 3321 627 3400; x_wconf 84' lang='lat' dir='ltr'>alio,</span> <span class='ocrx_word' id='word_1_318' title='bbox 660 3331 692 3383; x_wconf 90' lang='lat' dir='ltr'>et</span> <span class='ocrx_word' id='word_1_319' title='bbox 725 3320 907 3403; x_wconf 83' lang='lat' dir='ltr'>negaverit,</span> <span class='ocrx_word' id='word_1_320' title='bbox 940 3319 1037 3384; x_wconf 84' lang='lat' dir='ltr'>liceat</span> <span class='ocrx_word' id='word_1_321' title='bbox 1056 3321 1086 3382; x_wconf 90' lang='lat' dir='ltr'>ei</span> <span class='ocrx_word' id='word_1_322' title='bbox 1108 3342 1141 3384; x_wconf 88' lang='lat' dir='ltr'>se</span> <span class='ocrx_word' id='word_1_323' title='bbox 1165 3322 1240 3383; x_wconf 90' lang='lat' dir='ltr'>ido-</span> 
     </span>
     <span class='ocr_line' id='line_1_41' title="bbox 125 3404 1239 3487; baseline -0.013 -11"><span class='ocrx_word' id='word_1_324' title='bbox 125 3434 221 3476; x_wconf 89' lang='lat' dir='ltr'>neare</span> <span class='ocrx_word' id='word_1_325' title='bbox 241 3407 432 3484; x_wconf 61' lang='lat' dir='ltr'>⁴secundum</span> <span class='ocrx_word' id='word_1_326' title='bbox 460 3405 583 3487; x_wconf 78' lang='lat' dir='ltr'>legem,</span> <span class='ocrx_word' id='word_1_327' title='bbox 622 3414 655 3466; x_wconf 91' lang='lat' dir='ltr'>et</span> <span class='ocrx_word' id='word_1_328' title='bbox 684 3404 871 3486; x_wconf 86' lang='lat' dir='ltr'>qualitatem</span> <span class='ocrx_word' id='word_1_329' title='bbox 893 3425 1031 3468; x_wconf 88' lang='lat' dir='ltr'>caussae.</span> <span class='ocrx_word' id='word_1_330' title='bbox 1074 3404 1110 3466; x_wconf 89' lang='lat' dir='ltr'>Si</span> <span class='ocrx_word' id='word_1_331' title='bbox 1131 3414 1239 3465; x_wconf 88' lang='lat' dir='ltr'>autem</span> 
     </span>
     <span class='ocr_line' id='line_1_42' title="bbox 122 3486 1239 3571; baseline -0.009 -13"><span class='ocrx_word' id='word_1_332' title='bbox 122 3490 373 3558; x_wconf 65' lang='lat' dir='ltr'>manifestaverit</span> <span class='ocrx_word' id='word_1_333' title='bbox 395 3509 429 3552; x_wconf 90' lang='lat' dir='ltr'>se</span> <span class='ocrx_word' id='word_1_334' title='bbox 451 3489 586 3563; x_wconf 85' lang='lat' dir='ltr'>fecisse,</span> <span class='ocrx_word' id='word_1_335' title='bbox 617 3498 788 3571; x_wconf 88' lang='lat' dir='ltr'>componat</span> <span class='ocrx_word' id='word_1_336' title='bbox 807 3488 987 3550; x_wconf 85' lang='lat' dir='ltr'>secundum</span> <span class='ocrx_word' id='word_1_337' title='bbox 1007 3486 1097 3570; x_wconf 83' lang='lat' dir='ltr'>quod</span> <span class='ocrx_word' id='word_1_338' title='bbox 1118 3486 1151 3546; x_wconf 92' lang='lat' dir='ltr'>in</span> <span class='ocrx_word' id='word_1_339' title='bbox 1174 3487 1239 3548; x_wconf 88' lang='lat' dir='ltr'>hoc</span> 
     </span>
     <span class='ocr_line' id='line_1_43' title="bbox 121 3569 1238 3658; baseline -0.011 -16"><span class='ocrx_word' id='word_1_340' title='bbox 121 3579 228 3642; x_wconf 85' lang='lat' dir='ltr'>edicto</span> <span class='ocrx_word' id='word_1_341' title='bbox 251 3576 377 3658; x_wconf 81' lang='lat' dir='ltr'>legitur.</span> <span class='ocrx_word' id='word_1_342' title='bbox 419 3573 499 3634; x_wconf 85' lang='lat' dir='ltr'>Nam</span> <span class='ocrx_word' id='word_1_343' title='bbox 521 3569 604 3634; x_wconf 90' lang='lat' dir='ltr'>nulli</span> <span class='ocrx_word' id='word_1_344' title='bbox 625 3570 739 3649; x_wconf 86' lang='lat' dir='ltr'>liceat,</span> <span class='ocrx_word' id='word_1_345' title='bbox 775 3579 945 3653; x_wconf 87' lang='lat' dir='ltr'>postquam</span> <span class='ocrx_word' id='word_1_346' title='bbox 975 3570 1238 3644; x_wconf 82' lang='lat' dir='ltr'>manifestaverit,</span> 
     </span>
     <span class='ocr_line' id='line_1_44' title="bbox 120 3651 1238 3749; baseline -0.01 -24"><span class='ocrx_word' id='word_1_347' title='bbox 120 3671 232 3749; x_wconf 86' lang='lat' dir='ltr'>postea</span> <span class='ocrx_word' id='word_1_348' title='bbox 264 3679 323 3742; x_wconf 86' lang='lat' dir='ltr'>per</span> <span class='ocrx_word' id='word_1_349' title='bbox 357 3664 590 3720; x_wconf 81' lang='lat' dir='ltr'>sacramentum</span> <span class='ocrx_word' id='word_1_350' title='bbox 620 3675 756 3737; x_wconf 84' lang='lat' dir='ltr'>negare,</span> <span class='ocrx_word' id='word_1_351' title='bbox 789 3653 877 3734; x_wconf 90' lang='lat' dir='ltr'>qnod</span> <span class='ocrx_word' id='word_1_352' title='bbox 904 3651 1032 3725; x_wconf 54' lang='lat' dir='ltr'>non2sit</span> <span class='ocrx_word' id='word_1_353' title='bbox 1054 3652 1238 3734; x_wconf 84' lang='lat' dir='ltr'>culpabilis,</span> 
     </span>
     <span class='ocr_line' id='line_1_45' title="bbox 120 3735 1250 3830; baseline -0.01 -23"><span class='ocrx_word' id='word_1_354' title='bbox 120 3756 290 3830; x_wconf 82' lang='lat' dir='ltr'>postquam</span> <span class='ocrx_word' id='word_1_355' title='bbox 311 3742 378 3822; x_wconf 86' lang='lat' dir='ltr'>ipse</span> <span class='ocrx_word' id='word_1_356' title='bbox 401 3759 433 3800; x_wconf 88' lang='lat' dir='ltr'>se</span> <span class='ocrx_word' id='word_1_357' title='bbox 456 3737 653 3820; x_wconf 88' lang='lat' dir='ltr'>culpabilem</span> <span class='ocrx_word' id='word_1_358' title='bbox 674 3736 855 3818; x_wconf 77' lang='lat' dir='ltr'>assignavit.</span> <span class='ocrx_word' id='word_1_359' title='bbox 898 3735 984 3814; x_wconf 85' lang='lat' dir='ltr'>Quia</span> <span class='ocrx_word' id='word_1_360' title='bbox 1011 3737 1129 3799; x_wconf 85' lang='lat' dir='ltr'>multos</span> <span class='ocrx_word' id='word_1_361' title='bbox 1160 3758 1250 3819; x_wconf 28' lang='lat' dir='ltr'>cog-¹</span> 
     </span>
     <span class='ocr_line' id='line_1_46' title="bbox 117 3819 1240 3905; baseline -0.01 -14"><span class='ocrx_word' id='word_1_362' title='bbox 117 3831 270 3891; x_wconf 81' lang='lat' dir='ltr'>novimus</span> <span class='ocrx_word' id='word_1_363' title='bbox 293 3826 326 3885; x_wconf 92' lang='lat' dir='ltr'>in</span> <span class='ocrx_word' id='word_1_364' title='bbox 349 3825 461 3905; x_wconf 77' lang='lat' dir='ltr'>Regno</span> <span class='ocrx_word' id='word_1_365' title='bbox 484 3831 594 3882; x_wconf 89' lang='lat' dir='ltr'>nostro</span> <span class='ocrx_word' id='word_1_366' title='bbox 613 3822 695 3881; x_wconf 88' lang='lat' dir='ltr'>tales</span> <span class='ocrx_word' id='word_1_367' title='bbox 718 3841 829 3903; x_wconf 89' lang='lat' dir='ltr'>pravas</span> <span class='ocrx_word' id='word_1_368' title='bbox 850 3827 1052 3901; x_wconf 84' lang='lat' dir='ltr'>opponentes</span> <span class='ocrx_word' id='word_1_369' title='bbox 1080 3819 1240 3881; x_wconf 89' lang='lat' dir='ltr'>intentio-</span> 
     </span>
     <span class='ocr_line' id='line_1_47' title="bbox 121 3901 1239 3990; baseline -0.012 -14"><span class='ocrx_word' id='word_1_370' title='bbox 121 3935 197 3990; x_wconf 88' lang='lat' dir='ltr'>nes,</span> <span class='ocrx_word' id='word_1_371' title='bbox 227 3920 259 3972; x_wconf 89' lang='lat' dir='ltr'>et</span> <span class='ocrx_word' id='word_1_372' title='bbox 291 3909 373 3968; x_wconf 87' lang='lat' dir='ltr'>haec</span> <span class='ocrx_word' id='word_1_373' title='bbox 405 3912 576 3967; x_wconf 88' lang='lat' dir='ltr'>moverunt</span> <span class='ocrx_word' id='word_1_374' title='bbox 606 3924 665 3964; x_wconf 92' lang='lat' dir='ltr'>nos</span> <span class='ocrx_word' id='word_1_375' title='bbox 694 3912 896 3986; x_wconf 87' lang='lat' dir='ltr'>praesentem</span> <span class='ocrx_word' id='word_1_376' title='bbox 928 3902 1089 3986; x_wconf 80' lang='lat' dir='ltr'>corrigere</span> <span class='ocrx_word' id='word_1_377' title='bbox 1118 3901 1239 3987; x_wconf 81' lang='lat' dir='ltr'>legem,</span> 
     </span>
     <span class='ocr_line' id='line_1_48' title="bbox 124 3985 1055 4068; baseline -0.013 -8"><span class='ocrx_word' id='word_1_378' title='bbox 124 4007 156 4061; x_wconf 90' lang='lat' dir='ltr'>et</span> <span class='ocrx_word' id='word_1_379' title='bbox 178 3995 219 4056; x_wconf 88' lang='lat' dir='ltr'>ad</span> <span class='ocrx_word' id='word_1_380' title='bbox 238 3992 406 4053; x_wconf 89' lang='lat' dir='ltr'>meliorem</span> <span class='ocrx_word' id='word_1_381' title='bbox 427 3997 543 4050; x_wconf 90' lang='lat' dir='ltr'>statum</span> <span class='ocrx_word' id='word_1_382' title='bbox 564 4007 724 4048; x_wconf 90' lang='lat' dir='ltr'>revocare.</span> <span class='ocrx_word' id='word_1_383' title='bbox 787 3985 832 4046; x_wconf 88' lang='lat'>11.</span> <span class='ocrx_word' id='word_1_384' title='bbox 854 3985 903 4049; x_wconf 82' lang='lat'>55.</span> <span class='ocrx_word' id='word_1_385' title='bbox 925 3985 956 4048; x_wconf 88' lang='grc'>8.</span> <span class='ocrx_word' id='word_1_386' title='bbox 1043 4031 1055 4068; x_wconf 56' lang='lat'>3</span> 
     </span>
    </p>
   </div>
   <div class='ocr_carea' id='block_1_8' title="bbox 113 4137 1239 4296">
    <p class='ocr_par' dir='ltr' id='par_1_12' title="bbox 113 4137 1239 4296">
     <span class='ocr_line' id='line_1_49' title="bbox 113 4137 1239 4224; baseline -0.01 -10"><span class='ocrx_word' id='word_1_387' title='bbox 113 4137 144 4192; x_wconf 61' lang='lat' dir='ltr'>‘b</span> <span class='ocrx_word' id='word_1_388' title='bbox 181 4152 352 4224; x_wconf 66' lang='lat' dir='ltr'>avarsus·</span> <span class='ocrx_word' id='word_1_389' title='bbox 368 4175 387 4207; x_wconf 69' lang='lat' dir='ltr'>a</span> <span class='ocrx_word' id='word_1_390' title='bbox 404 4167 493 4224; x_wconf 60' lang='lat' dir='ltr'>paca</span> <span class='ocrx_word' id='word_1_391' title='bbox 581 4153 612 4224; x_wconf 81' lang='lat' dir='ltr'>r)</span> <span class='ocrx_word' id='word_1_392' title='bbox 631 4153 671 4206; x_wconf 81' lang='lat' dir='ltr'>ar.</span> <span class='ocrx_word' id='word_1_393' title='bbox 692 4150 777 4207; x_wconf 77' lang='lat' dir='ltr'>cosa.</span> <span class='ocrx_word' id='word_1_394' title='bbox 797 4150 935 4221; x_wconf 68' lang='lat' dir='ltr'>gamana.</span> <span class='ocrx_word' id='word_1_395' title='bbox 961 4149 1074 4208; x_wconf 68' lang='lat' dir='ltr'>uestra.</span> <span class='ocrx_word' id='word_1_396' title='bbox 1091 4151 1239 4223; x_wconf 56' lang='lat' dir='ltr'>aprima</span> 
     </span>
     <span class='ocr_line' id='line_1_50' title="bbox 120 4223 660 4296; baseline -0.015 -12"><span class='ocrx_word' id='word_1_397' title='bbox 120 4244 172 4284; x_wconf 72' lang='lat' dir='ltr'>out</span> <span class='ocrx_word' id='word_1_398' title='bbox 192 4227 225 4286; x_wconf 80' lang='lat' dir='ltr'>de</span> <span class='ocrx_word' id='word_1_399' title='bbox 248 4229 341 4289; x_wconf 74' lang='lat' dir='ltr'>natis,</span> <span class='ocrx_word' id='word_1_400' title='bbox 369 4238 419 4285; x_wconf 83' lang='lat' dir='ltr'>aut</span> <span class='ocrx_word' id='word_1_401' title='bbox 434 4223 468 4278; x_wconf 85' lang='lat' dir='ltr'>de</span> <span class='ocrx_word' id='word_1_402' title='bbox 489 4223 660 4296; x_wconf 74' lang='lat' dir='ltr'>gamalieles.</span> 
     </span>
    </p>
   </div>
   <div class='ocr_carea' id='block_1_9' title="bbox 0 0 1320 4822">
    <p class='ocr_par' dir='ltr' id='par_1_13' title="bbox 0 0 1320 4822">
     <span class='ocr_line' id='line_1_51' title="bbox 0 0 1320 4822; baseline 0 0"><span class='ocrx_word' id='word_1_403' title='bbox 0 0 1320 4822; x_wconf 95' lang='lat' dir='ltr'> </span> 
     </span>
    </p>
   </div>
  </div>
 </body>
</html>
