2648 4874
287 250 394 306 asnis
412 249 705 317 wmaoraoaun
723 251 787 308 un.
806 249 839 304 v.
859 249 929 306 rte.
950 253 972 304 ι.
1126 234 1196 310 511

78 393 163 456 haec
186 399 222 454 et
243 389 322 454 talia
350 388 544 472 nequissima
575 388 717 452 iustitiae
740 386 931 452 defensioue
960 389 1083 473 prolata
1111 391 1198 472 siut,
1224 395 1228 403 '

79 497 140 536 nos
165 483 275 534 tamen
297 495 363 532 nou
388 474 561 554 praeterita
586 469 792 548 ordinamus,
825 471 883 536 sed
908 471 1018 534 futura
1053 475 1196 556 disponi-

79 579 167 618 mus:
193 578 254 616 nen
281 553 545 640 praecedentium
574 556 715 635 Regum,
744 553 802 616 sed
833 555 934 616 nostri
954 555 1048 638 regni
1070 566 1198 640 tempo·-
1280 615 1283 622 ,

80 663 116 704 ra
152 637 335 701 definimus„
398 637 558 718 Abrogata
586 658 662 718 ergo
695 635 848 718 deinceps
881 639 979 700 totius
1012 639 1198 722 cupiditatis

81 722 238 794 lieentia,
284 717 589 782 uulli'Pontificum
621 721 704 780 ultra
729 719 842 782 licebit
866 720 1046 802 quidquam
1077 722 1117 782 ab
1141 745 1198 786 ee·

82 804 188 867 clesiis
207 802 363 863 dioecesis
387 822 462 862 suae
487 804 615 864 auferre
624 845 637 873 ,
665 809 719 864 aut
740 801 880 863 ablatum
902 804 1122 888 quodcunque
1137 825 1197 886 per

13 893 16 900 '
81 885 317 970 oppositionem
350 883 501 944 tricennii
533 884 710 946 vindicare.
750 885 822 946 Non
853 885 942 946 enim
967 888 1001 946 in
1024 886 1083 948 bac
1103 909 1198 950 cans-

81 993 113 1032 se
133 969 290 1050 deinceps
313 965 493 1028 tricennale
522 977 647 1048 tempus
675 965 902 1049 accipiendum
926 977 989 1030 est:
1017 970 1074 1032 sed
1096 991 1197 1052 quau·

83 1054 259 1133 docunque
287 1048 388 1108 fuerit
412 1050 554 1112 veritatis
584 1048 674 1130 origo
709 1055 904 1129 monstrata,
938 1050 1093 1113 iustitiam
1126 1073 1197 1134 par-

79 1135 119 1196 tis
150 1154 229 1194 suae
266 1131 409 1213 recipiat.
464 1131 549 1210 Quia
578 1141 612 1191 et
642 1141 678 1191 ut
706 1129 878 1212 multiplex
913 1153 1072 1194 annorum
1097 1135 1196 1196 series

79 1217 149 1278 sine
168 1214 364 1298 repetitione
385 1221 601 1309 pertransent,
626 1213 722 1275 faciat
746 1213 809 1274 boc
838 1215 1090 1296 praeeminentis
1116 1217 1197 1278 dura

78 1307 234 1383 potestas:
264 1317 347 1378 quae
371 1316 417 1357 sic
438 1297 564 1357 subdita
586 1296 648 1357 sibi
673 1297 875 1358 sacerdotnm
893 1299 1078 1380 comprimit
1098 1300 1195 1378 colla,

79 1391 116 1441 ut
132 1403 195 1464 pro
221 1379 334 1440 ablatis
360 1377 455 1440 rebus
483 1377 653 1440 intendere
679 1389 793 1440 contra
815 1381 1066 1463 praeeminentis
1083 1403 1196 1466 perso-

81 1485 156 1524 nam
186 1483 250 1524 neu
275 1462 433 1538 audeant,
477 1481 538 1523 uec
569 1469 784 1544 praesumant.
829 1462 973 1525 Proinde
1010 1485 1052 1526 ne
1080 1464 1196 1526 talium

80 1545 215 1608 silentio
246 1566 311 1607 vox
345 1543 534 1625 perenniter
561 1545 741 1626 expoliatae
777 1543 936 1608 ecclesiae
965 1547 1194 1629 conquiescet,

78 1628 209 1690 licitum
242 1628 305 1690 erit
328 1622 428 1686 huius
449 1626 716 1710 praesumptionis
738 1628 912 1690 admissum
942 1637 976 1690 et
1005 1651 1064 1712 per
1085 1651 1196 1711 quem-

78 1731 211 1793 cunque
239 1718 280 1771 et
303 1709 564 1791 quandocunque
591 1719 775 1772 accusatum
802 1709 929 1792 detegi,
971 1720 1003 1772 et
1027 1712 1196 1774 imminen-

78 1795 120 1856 tis
148 1792 250 1876 ipsius
271 1812 399 1852 caussae
421 1793 586 1872 negotium
608 1792 754 1874 expediri
781 1792 860 1864 snb;
889 1794 950 1854 isto
973 1793 1127 1858 videlicet
1144 1815 1196 1856 or-

77 1877 176 1953 dine,
211 1885 248 1936 ut
278 1873 305 1936 si
328 1872 464 1936 heredes
488 1874 677 1936 fundatores
705 1873 864 1936 ecclesiae
894 1874 1028 1955 adsunt,
1059 1876 1119 1959 ipsi
1145 1887 1195 1938 ta·

77 1959 124 2020 lia
155 1967 404 2041 prosequantur.
458 1956 494 2018 Si
529 1967 634 2017 autem
666 1977 731 2018 nou
761 1957 901 2035 luerint,
938 1965 994 2018 aut
1032 1963 1129 2022 etiarn
1166 1959 1195 2020 si

78 2042 165 2120 sint,
188 2061 335 2101 caussare
360 2049 467 2102 tamen
498 2037 686 2118 noluerint,
720 2046 799 2100 tunc
819 2039 965 2102 Ducibus
986 2041 1039 2102 vel
1058 2040 1195 2104 Comiti-

77 2124 159 2201 bus,
196 2121 360 2205 tiuphadis
385 2131 482 2204 atque
504 2119 651 2200 vicariis,
677 2121 744 2183 sive
767 2121 1016 2205 quibuscunque
1036 2125 1195 2205 personis,

78 2221 160 2288 quos
183 2204 333 2287 'cognitio
360 2203 457 2266 huius
484 2202 533 2266 rei
564 2203 724 2287 attigerit,
764 2212 799 2264 et
823 2204 929 2268 aditus
957 2207 1129 2268 accusandi
1162 2216 1196 2269 et

77 2289 213 2350 licentia
236 2287 389 2348 tribuitur
406 2285 600 2368 exequendi.
643 2286 841 2367 Quicunque
863 2308 939 2368 ergo
958 2288 1195 2372 Episcoporum

76 2370 159 2432 baec
185 2369 469 2466 quaeopraemissa
499 2377 575 2430 sunt
595 2368 627 2428 in
654 2369 834 2452 praeteritis
855 2371 988 2448 fecerit,
1016 2381 1049 2433 et
1074 2372 1193 2436 tricen-

76 2455 169 2514 nium
193 2455 258 2512 ium
281 2473 315 2512 ru
346 2451 407 2514 hac
431 2451 806 2596 perversapossessione
827 2450 1027 2534 impleverit,
1059 2475 1096 2516 ea
1124 2455 1194 2538 ipsu

77 2557 161 2616 quae
195 2535 229 2595 in
257 2535 438 2618 praeteritis
469 2553 528 2616 per
554 2532 585 2596 X
623 2532 665 2600 X.
694 2555 796 2596 annos
823 2534 947 2612 tenuit,
984 2538 1056 2598 Deo
1085 2540 1192 2621 potius

76 2615 275 2680 vindicanda
303 2617 537 2700 relinquimus,
574 2636 678 2696 quam⁴
697 2625 807 2680 nostro
833 2617 1048 2682 rescindenda
1068 2620 1192 2684 iudicio

75 2699 259 2762 definimus.
297 2699 495 2782 Quicunque
517 2719 595 2761 vero
617 2719 718 2781 usque
734 2699 775 2762 ud
790 2708 934 2782 tempus,
956 2723 1021 2783 quo
1040 2703 1095 2766 lex
1116 2727 1193 2767 con·

75 2783 230 2860 deretur,¹
249 2782 282 2843 iu
304 2781 367 2842 hoc
390 2782 493 2866 ipsum
513 2781 603 2863 quod
623 2781 745 2865 rapuit,
767 2781 965 2844 tricennium
987 2806 1052 2844 non
1075 2786 1193 2871 imple-

73 2865 144 2943 vit,
177 2887 247 2926 rem
268 2865 391 2946 ipsam,
422 2885 505 2946 quae
527 2863 630 2928 ablata
651 2873 716 2940 est,
738 2862 809 2926 sine
831 2865 940 2947 aliqua
960 2867 1191 2949 satisfactione,

74 2947 107 3006 in
127 2948 217 3008 omni
241 2948 424 3029 integritate
446 2947 618 3024 eccle-siae,
640 2946 692 3008 cui
715 2953 827 3008 testata
847 2967 900 3008 res
922 2958 986 3026 est,
1015 2952 1191 3014 reformare

75 3041 218 3112 cogatur.
250 3033 317 3090 Iam
341 3030 514 3093 veroadie
536 3028 632 3090 huius
652 3028 736 3090 latae
750 3028 831 3110 legis
854 3030 907 3092 vel
929 3039 1092 3110 tempore,
1120 3035 1192 3115 qui-

77 3133 208 3195 cunque
228 3112 419 3194 pontificum
448 3111 577 3188 dehis,
610 3132 692 3192 quae
715 3131 733 3170 a
754 3112 904 3174 fidelibus
925 3113 960 3172 iu
989 3114 1051 3176 Dei
1072 3117 1190 3178 Eccle-

77 3196 130 3256 siis
143 3195 320 3257 testatuvel
337 3195 453 3256 collatu
469 3215 537 3256 esse
554 3202 751 3271 noscuntur,
773 3193 898 3277 aliquid
916 3194 1034 3258 exinde
1052 3197 1191 3260 abstule-

76 3279 136 3355 rit,
154 3298 279 3359 suoque
293 3277 357 3336 iuri
373 3279 424 3339 rel
442 3275 598 3338 ecclesiae
615 3276 788 3358 principali
803 3276 1023 3361 applicaverit,
1043 3300 1102 3340 seu
1118 3281 1190 3342 cui·-

75 3381 206 3442 cunque
222 3381 378 3442 personae
396 3359 542 3442 quolibet
558 3358 881 3441 modoquodcuuque
895 3359 961 3424 tale
981 3364 1188 3443 concesserit,

76 3444 167 3501 nulla
204 3448 386 3523 tempotum
419 3441 635 3524 longaevitate
671 3462 823 3520 securus,
862 3442 953 3504 iuxta
979 3444 1188 3524 praemissum

75 3525 224 3585 ordinem
245 3525 506 3606 quandocunque
519 3533 551 3584 et
569 3545 629 3606 per
646 3545 876 3606 quemcunque
895 3525 972 3585 talia
984 3526 1084 3587 fuerit
1101 3550 1189 3591 eom·

74 3607 198 3668 misisse
225 3606 391 3684 detectus,
428 3628 467 3668 ea
498 3606 567 3689 ipsa
589 3627 672 3687 quae
695 3605 924 3688 praesumpsit,
956 3629 1020 3668 una
1042 3631 1117 3680 curn
1137 3612 1188 3674 le·

74 3689 184 3770 gitima
204 3689 420 3752 satisfactione
441 3688 490 3750 rei
511 3689 677 3772 propriae,
699 3689 749 3750 illi
771 3688 926 3750 ecclesiae
946 3691 999 3751 cui
1018 3693 1112 3770 tulit,
1134 3695 1188 3758 vel

74 3773 109 3831 in
132 3793 230 3852 quam
262 3771 417 3852 deliquit,
447 3772 622 3832 reformare
651 3770 816 3854 cogendus
845 3779 902 3834 est.
959 3775 1057 3851 Quod
1084 3776 1111 3838 si
1146 3777 1186 3840 de
1255 3789 1261 3800 ‘

74 3854 171 3914 rebus
194 3853 332 3936 propriis
354 3876 419 3916 non
441 3853 592 3916 habuerit
612 3853 700 3914 unde
722 3862 910 3936 componat,
939 3853 973 3914 in
996 3858 1083 3918 omni
1104 3858 1186 3922 inte-

74 3937 189 4016 gnitate
218 3957 254 3998 ea
278 3957 359 4017 quae
382 3935 593 4020 praesumpsit
621 3933 775 3998 ecelesiae
802 3933 855 3998 cui
887 3936 984 4015 tulit,
1019 3940 1186 4004 restitustr

75 4029 110 4080 et
136 4018 203 4100 ipse
226 4038 285 4099 pro
306 4020 488 4084 excessibus
517 4018 600 4094 suis,
633 4018 722 4078 iuxta
744 4017 909 4080 Canonem
930 4020 1080 4082 Toletani
1106 4045 1187 4087 con.

74 4101 143 4162 ciiii
165 4099 346 4180 undecimi,
369 4098 707 4165 excommunicationis
723 4099 915 4183 plectendus
936 4102 998 4164 erit
1017 4106 1188 4172 sententia·

74 4183 115 4248 ld
137 4195 204 4264 est,
239 4192 276 4245 ut
304 4185 331 4248 si
363 4187 478 4250 decem
495 4183 616 4252 solidos
643 4203 713 4246 rem
733 4182 834 4268 ipsam
853 4204 951 4268 qnam
979 4186 1055 4251 tulit
1075 4188 1187 4254 valere
