2648 4874
147 272 224 347 462
342 287 448 346 trois
465 287 758 344 wrsrcorrroaun
775 287 845 344 trs.
864 290 1005 344 111111.
1025 289 1072 344 11.

153 451 217 514 que
228 427 359 492 infamia
370 436 502 490 centum
513 422 644 488 16111611
656 428 748 502 ferat,
768 447 827 510 pro
842 427 990 489 inferiori
1003 449 1080 489 vero
1094 428 1261 511 quinqua-

153 515 258 599 ginta:
278 533 386 574 servus
395 520 503 571 autem
520 520 651 572 centum
664 511 900 594 quinquaginta
917 510 1044 594 flagella
1061 505 1228 596 suscipiat·

568 627 653 692 XVI.
695 644 842 701 ansioni.

173 747 223 808 De
244 742 402 808 adulterio
429 735 563 802 ancillae
586 741 616 801 si
635 734 673 802 id
690 761 760 801 cum
780 739 926 802 adultero
946 739 1104 802 uiolenter
1115 738 1236 823 secisse

623 824 786 908 probetur.

237 905 271 968 Si
295 907 447 966 ancillam
467 905 654 988 quicunque
677 905 837 967 violenter
865 902 1088 985 compresserit
1109 903 1260 983 alienam,

155 1011 291 1072 eamque
322 990 572 1066 adulteraverit,
600 998 635 1049 et
662 988 714 1049 vel
744 989 778 1047 in
807 989 902 1049 domo
931 987 1055 1048 domini
1085 985 1135 1046 sui
1162 987 1262 1048 fuerit

155 1071 426 1154 comprehensus,
447 1071 499 1132 vel
528 1073 561 1132 11
592 1091 803 1152 quocunque¹
821 1072 899 1130 loco'
922 1065 1086 1131 violentus
1115 1070 1260 1130 extitisse

155 1154 379 1230 convincitur,
408 1175 517 1214 servus
541 1154 674 1236 quidem
701 1153 858 1214 ducentos
880 1153 962 1212 ictus
983 1152 1121 1232 accipiat
1147 1151 1260 1234 flagel-

155 1241 278 1300 lorum:
302 1235 462 1318 ingenuus
481 1258 557 1297 vcro
576 1237 818 1318 quinquaginta,
842 1246 873 1297 et
894 1235 1028 1316 insuper
1047 1237 1115 1294 XX.
1138 1235 1259 1296 solidos

154 1320 292 1382 ancillae
315 1319 446 1378 domino
469 1327 597 1380 coactus
618 1319 769 1384 exsolvat.
821 1315 981 1379 Dominus
1009 1326 1135 1394 tamen,
1167 1318 1193 1376 si
1224 1317 1259 1378 id

155 1422 245 1466 servo
271 1400 456 1462 faciendum
487 1400 614 1462 iussisse
642 1402 813 1483 probatur,
851 1399 1010 1485 superiori
1034 1400 1253 1484 ingenuorum

156 1497 189 1550 et
209 1487 348 1568 dampno
374 1493 408 1544 et
428 1481 557 1566 flagello
578 1484 747 1546 subiaceat.

414 1621 519 1684 XVII.
581 1641 642 1683 rus.
684 1642 748 1682 cis.
791 1638 876 1682 enos.
917 1637 988 1682 nux.

174 1739 224 1800 De
244 1737 460 1800 meretricibus
481 1737 623 1816 ingenuis
642 1736 698 1797 uel
716 1736 853 1814 ancillis,
887 1747 940 1796 aut
961 1737 990 1794 si
1010 1753 1117 1796 earum
1137 1734 1239 1796 1161111

325 1817 445 1879 iudicer
464 1821 647 1903 perquirere
668 1819 723 1878 uel
741 1821 900 1899 corrigere
921 1817 1088 1880 noluerint.

236 1922 270 1984 Si
293 1923 401 2004 aliqua
420 1923 530 2004 puella
551 1924 691 2004 ingenua
712 1921 776 1984 sive
798 1922 926 2000 muller,
948 1921 983 1980 in
1006 1921 1132 1983 civitate
1154 1923 1261 2005 publi·

156 2027 192 2068 ce
215 2005 464 2066 fornicationem
485 2026 650 2081 exercens,
660 2005 811 2066 meretrix
832 2014 1031 2086 agnoscatur,
1054 2015 1086 2066 61
1106 2006 1260 2087 frequen·

154 2099 205 2152 ter
227 2088 426 2172 deprehensa
447 2086 480 2146 in
506 2088 675 2164 adulterio,
698 2087 790 2148 nullo
812 2088 908 2148 modo
935 2087 1149 2164 erubescens,
1173 2088 1258 2170 iugi·

154 2182 205 2233 ter
225 2171 344 2231 multos
365 2171 449 2230 viros
469 2190 528 2251 per
552 2180 679 2252 turpem
705 2191 794 2230 suam
815 2169 1085 2240 consuetudinem
1105 2170 1256 2231 adtrahe-

155 2275 190 2314 re
214 2253 436 2334 cognoscitur,
464 2252 647 2314 huiusrnodi
676 2271 694 2310 a
720 2251 842 2313 Comite
866 2252 1001 2314 civitatis
1023 2253 1256 2334 comprehensa

154 2335 350 2396 trecentenis
372 2333 505 2415 flagellis
525 2334 654 2418 publice
675 2335 869 2411 verberetur,
891 2347 923 2397 61
942 2334 1082 2396 discussa
1103 2345 1255 2418 ante-po-

153 2418 268 2499 pulum
296 2416 491 2478 dimittatur:
534 2418 592 2477 sub
619 2438 655 2478 ea
686 2417 892 2494 conditione,
922 2427 959 2478 ut
983 2417 1188 2501 postmodum
1217 2417 1252 2476 in'

153 2498 301 2581 turpibus
324 2497 410 2559 vitiis
433 2499 618 2560 nullatenus
646 2499 923 2581 deprehendatur,
956 2521 1017 2560 nec
1046 2514 1189 2581 unquam
1217 2499 1251 2558 in

156 2581 318 2642 civitatem
340 2579 370 2640 61
393 2581 546 2642 veniendi
569 2582 672 2642 aditus
703 2581 803 2644 detur.
856 2585 897 2643 Et
923 2582 949 2642 si
977 2584 1181 2666 postmodum
1212 2583 1252 2644 ad

153 2663 289 2748 pristina
308 2663 394 2723 facta
415 2664 547 2726 rediisse
570 2662 795 2748 cognoscitur,
825 2665 962 2726 iteratim
984 2689 1003 2725 a
1024 2666 1148 2725 Comite
1171 2663 1252 2726 civi-

154 2745 227 2808 tatis
248 2754 437 2806 trecentena
465 2746 593 2830 flagella
618 2746 788 2829 suscipiat,
815 2756 846 2808 et
871 2748 1010 2808 donetur
1035 2768 1053 2806 a
1081 2748 1174 2808 nobis
1191 2747 1253 2806 ali-

154 2827 208 2888 cui
235 2827 379 2910 p'auperi,
401 2827 456 2888 ubi
483 2830 519 2889 in
540 2829 626 2911 gravi
647 2831 775 2905 servitio
819 2839 1004 2908 ermaneat,
1026 2837 1058 2889 et
1086 2851 1253 2911 nunquam

154 2909 189 2970 in
216 2911 342 2972 civitate
365 2910 525 2974 ambulare
546 2913 759 3009 permittatur.
796 2853 840 2974 Ile
863 2913 889 2975 si
911 2915 991 2974 forte
1014 2912 1195 2994 contingat,
1216 2916 1253 2973 ut

155 3014 229 3052 curn
253 2991 451 3054 conscientia
476 3004 574 3077 patris
595 2995 645 3056 sui
671 2996 723 3055 vel
750 2995 857 3056 matris
877 2995 1071 3057 adulterium
1097 2995 1251 3071 admittat,

98 3103 103 3116 ¹
154 3084 191 3135 11
215 3072 306 3155 quasi
319 3075 384 3156 ¹per
403 3085 531 3158 turpem
556 3077 823 3140 cousuetudinem
841 3087 873 3139 et
890 3076 1166 3139 conversationem
1181 3075 1254 3137 vic·

152 3167 222 3218 tum
243 3158 303 3218 sibi
329 3157 381 3218 vel
403 3160 586 3241 parentibus
612 3155 676 3222 suis
698 3160 865 3242 acquirere
886 3161 1048 3236 videatur,
1070 3167 1102 3221 et
1128 3157 1253 3222 6111100

152 3248 243 3322 pater
263 3240 315 3301 rol
337 3249 438 3302 mater
457 3243 580 3302 fuerint
598 3265 656 3327 pro
677 3243 739 3304 hac
761 3243 871 3324 iniqua
901 3241 1098 3304 conscientia
1118 3243 1252 3302 fortasse

155 3321 312 3398 convicti,
336 3322 455 3404 singuli
476 3346 586 3386 eorum
608 3335 745 3387 centena
767 3325 893 3421 flagella
914 3325 1099 3407 suscipiant.
1142 3323 1177 3384 Si
1201 3343 1253 3383 ve·

56 3479 58 3483 ,
153 3425 189 3464 ro
217 3401 336 3465 ancilla
356 3407 573 3488 cuiuscunque
596 3407 630 3468 11
652 3410 777 3471 civitate
800 3409 896 3470 s11nili
925 3405 1166 3470 conversatione
1194 3405 1253 3464 ha-

151 3485 251 3548 bitare
278 3487 475 3566 dinoscitur,
501 3511 519 3550 a
541 3491 647 3552 iudice
680 3501 825 3574 correpta
850 3492 1003 3553 trecentis
1031 3488 1168 3571 flagellis
1191 3487 1263 3572 pu?

151 3567 236 3629 blice
264 3571 467 3650 verberetur,
500 3581 532 3633 et
554 3574 717 3635 decalvata
743 3573 873 3635 domino
903 3575 1114 3648 reformetur,
1136 3571 1194 3632 sub
1216 3591 1253 3632 ca

152 3651 351 3728 conditione,
368 3623 408 3716 iit
425 3675 494 3714 eam
516 3656 644 3739 longius
665 3681 683 3717 a
705 3657 830 3718 civitate
852 3655 949 3718 faciat
971 3654 1175 3725 conversuri3
1199 3659 1253 3714 aut

153 3742 239 3794 certe
261 3734 319 3794 tali
344 3735 418 3796 loco
446 3739 668 3818 transvendat,
699 3740 754 3800 ubi
776 3738 904 3821 penitus
932 3739 972 3800 ad
1003 3737 1166 3798 civitatem
1198 3756 1252 3794 ac-

154 3835 278 3876 cessum
301 3836 366 3888 non
395 3819 517 3882 habeat.
559 3823 654 3901 Quod
674 3818 701 3884 si
719 3823 852 3885 forsitan
872 3840 933 3881 ncc
954 3822 994 3883 ad
1014 3819 1125 3882 villam
1146 3827 1251 3878 trans-

152 3894 291 3976 mittere,
318 3920 379 3960 nec
403 3901 542 3963 vendere
565 3905 704 3966 voluerit
722 3914 763 3967 -61
789 3905 869 3966 haec
887 3904 1001 3966 iterum
1026 3903 1066 3962 ad
1088 3902 1252 3962 civitatem

155 3999 280 4040 reversa
310 3982 428 4054 fuerit;
460 3984 643 4048 huiusmodi
677 3987 825 4049 dominus
858 3987 893 4046 in
925 3993 1086 4048 conventu
1119 3984 1253 4066 publice-

149 4061 384 4145 quinquaginta
404 4065 528 4148 flagella
557 4069 716 4152 suscipiat.
759 4071 829 4152 Ipsa
858 4091 934 4130 vero
964 4068 1084 4128 ancilla
1113 4067 1252 4128 donetur

151 4143 248 4204 alicui
269 4147 420 4229 pauperi,
451 4171 546 4230 quern
572 4153 651 4229 Rex,
679 4153 732 4215 vel
753 4153 871 4229 iudex,
903 4161 957 4212 aut
988 4151 1102 4226 Comes
1131 4149 1250 4231 eligere

146 4227 328 4290 voluerint:
347 4230 392 4292 ita
413 4239 451 4294 ut
469 4235 671 4318 postmodum
697 4236 738 4299 ad
767 4236 902 4298 eandem
933 4233 1095 4298 civitatem
1125 4231 1175 4293 illi
1197 4251 1250 4296 ve·
