2632 4822
423 275 614 334 nnicruu·
632 275 824 334 rosariis·
858 282 875 344 *r
905 282 919 291 ’·
1092 227 1193 331 ⁴747.

57 397 59 405 Α
144 437 224 477 roan.
267 418 348 476 Petre
364 425 409 473 -te
441 420 563 490 appellat
586 417 739 481 Martinus,
771 417 846 488 quod
877 423 909 469 tn
937 415 1064 471 cecidisti
1087 424 1192 488 patrem

75 511 162 548 suum.
198 493 240 544 De
257 500 338 544 torto.
375 489 439 541 lura
458 507 521 542 cum
540 491 648 542 Donato
665 497 715 540 tuo
733 487 809 552 filio,
830 495 857 538 et
875 503 938 539 cum
956 488 1060 550 Paulo,
1091 497 1119 540 et
1136 489 1193 540 An·

75 566 180 624 selmo,
200 579 247 614 seu
266 564 396 630 Ruperto,
417 568 502 630 atque
522 558 675 620 Bernardo‚
694 559 753 610 sive
773 558 898 611 Petronio
916 557 970 608 tuis
989 555 1124 610 fratribus.

146 635 244 686 Donne
262 631 358 684 Comes
376 629 430 681 hoe
450 631 518 683 dicit
535 628 687 690 Martinus,
715 628 790 698 quod
812 627 841 679 in
870 627 930 678 Kal.
951 627 1017 679 Maii
1042 624 1195 696 appellavit

76 705 265 763 eum'Bruno,
298 701 346 770 qui
365 698 511 761 occidisset
535 709 638 769 patrem
661 716 756 760 suum,
787 707 814 750 et
839 697 897 767 ipsc
922 696 1005 749 dixit:
1043 697 1085 748 De
1110 697 1193 751 tortu.

76 775 142 828 Fuit
159 771 396 837 interrogatus,si
414 771 548 840 potuisset
563 768 677 839 probare
716 768 814 837 etipse
830 768 916 829 dixit,
944 767 1019 836 quod
1036 785 1092 818 non
1115 771 1196 836 pote-

76 853 136 908 rat,
165 843 229 892 ideo
248 851 276 894 et
294 841 372 892 dedit
396 841 495 904 vadia,
530 840 602 892 si¹se
627 839 784 891 reeordatus
814 847 901 902 esset,
929 838 1004 908 quod
1024 837 1193 898 emendaret,

78 923 127 966 aut
147 912 248 964 iuraret
268 927 333 964 cum
358 911 413 963 arria
439 908 699 977 sacramentalibus.¹
733 908 818 960 Modo
844 915 884 960 est
909 917 1018 975 paratus
1038 909 1073 959 de
1096 907 1194 959 iurare.

55 983 154 1038 'Dicis
177 990 209 1032 tu
231 979 425 1033 itaMartine?
453 981 498 1033 sic
519 981 591 1033 dico.
626 981 660 1032 Et
676 989 708 1031 tu
729 979 857 1050 recepisti
874 977 955 1030 vadia
974 976 1035 1030 ita?
1072 977 1116 1030 Sic
1131 977 1194 1029 feci.

78 1055 159 1106 Tune
176 1051 276 1102 iurent.
312 1052 353 1114 De
368 1051 422 1102 hoc
441 1052 514 1102 unde
530 1067 578 1116 ego
591 1059 620 1102 te
637 1048 789 1118 appellavi,
809 1045 884 1118 quod
901 1058 933 1099 tu
948 1047 1074 1100 occidisti
1089 1055 1196 1116 patrem

78 1141 185 1184 meum,
205 1138 248 1171 me
267 1119 372 1172 sciente
391 1122 425 1172 de
442 1129 514 1172 torto
532 1139 588 1172 non
607 1119 750 1189 appellavi.
790 1118 836 1170 Sic
854 1121 938 1171 Deus.
962 1120 1018 1179 ¹De
1036 1116 1100 1180 hoc,
1121 1117 1196 1168 unde

77 1201 110 1245 tu
128 1209 172 1244 me
190 1191 350 1260 appellasti,
373 1190 448 1260 quod
467 1191 627 1243 occidissem
646 1196 750 1258 patrem
768 1190 866 1250 tuum,
895 1189 929 1241 de
948 1197 1020 1242 torto
1038 1205 1082 1238 me
1101 1187 1199 1259 appel-'

78 1261 150 1315 lasti.
187 1261 233 1313 sic
253 1263 336 1314 Deus.
374 1261 458 1332 Quod
474 1262 533 1332 ipse
550 1258 905 1323 iuravit‚-verum·iurnvit.
942 1259 988 1310 Sic
1008 1260 1091 1312 Deus.
1186 1285 1188 1288 ·

162 1360 368 1427 CCCLXVI.
410 1361 443 1422 si
465 1362 537 1445 quis
559 1361 615 1421 alii
635 1382 693 1445 pro
716 1381 918 1444 quacumque
936 1381 1045 1420 caussa
1061 1356 1197 1420 wadiam

80 1453 113 1508 et
127 1445 348 1506 fideiussorem
371 1441 411 1506 de
434 1454 632 1506 sacramento
651 1443 793 1522 dederit,
817 1443 912 1504 detur
934 1442 995 1504 eis
1020 1443 1118 1502 atium
1141 1463 1198 1502 us-

79 1549 144 1611 que
167 1529 207 1589 ad
233 1526 310 1590 ΧἸΙ.
333 1538 444 1588 noctes
469 1527 632 1611 adipsum
659 1536 894 1588 sacramentum
915 1466 1065 1586 dandIdm.
1107 1525 1149 1585 Et
1171 1522 1199 1585 si

79 1605 212 1696 propter
243 1610 477 1694 aegritudinem
504 1611 637 1672 forsitan
665 1619 720 1689 aut
742 1609 837 1668 aliam
859 1631 1012 1692 ¹caussam
1043 1629 1199 1692 superve-
1246 1635 1249 1638 ·

81 1696 226 1755 nientem
247 1694 281 1753 in
296 1692 469 1777 ¹praedicto
493 1695 665 1755 constituto
688 1709 754 1754 non
770 1690 912 1774 potuerit
926 1693 1042 1769 iurare,
1066 1711 1201 1774 suspen·

82 1779 176 1838 datur
197 1777 263 1858 ipsa
286 1799 397 1838 caussa
418 1798 520 1859 usque
552 1778 592 1838 ad
621 1776 706 1836 alias·
730 1773 814 1836 Xll.'
834 1785 954 1836 noctes.
1008 1777 1050 1834 Et
1078 1775 1104 1836 si
1137 1793 1199 1833 nec

80 1870 161 1920 tunc
183 1860 403 1941 compleverit,
431 1869 462 1921 et
483 1868 586 1919 totum
608 1873 736 1918 annum
750 1858 931 1920 voluntarie
955 1857 1146 1935 dilataverit,
1168 1865 1202 1918 et
1295 1921 1297 1926 ,

83 1954 318 2009 sacramentum
347 1963 412 2002 non
445 1942 587 2024 dederit,
611 1935 697 2002 'tunc
723 1963 792 2002 rem
821 1935 957 2024 ipsam,
974 1941 1062 2000 unde
1084 1940 1199 2023 agitur,

82 2024 222 2102 amittat,
259 2035 292 2085 et
319 2025 378 2085 ille.
398 2025 557 2107 acquirat,
588 2019 644 2106 qui
666 2024 800 2085 wadiam
823 2023 974 2106 suscepit.
1015 2023 1094 2084 Ete
1120 2044 1202 2084 con-

83 2107 181 2166 trario
203 2106 230 2167 si
253 2107 308 2167 ille
332 2105 389 2188 qui
410 2107 542 2170 wadiam
564 2108 741 2190 suscepit,
759 2117 994 2167 sacramentum
1015 2106 1125 2166 audire
1150 2104 1225 2166 di?
1280 2154 1283 2158 ,

85 2189 241 2267 lassaverit,
265 2198 298 2250 et
320 2211 440 2250 annum
461 2199 563 2251 totum
584 2189 792 2274 protraxerit:
814 2198 888 2273 post
908 2198 1104 2248 transactum
1124 2185 1202 2248 anni

86 2272 223 2356 spatium
245 2273 372 2332 nullum
391 2273 599 2356 imposterum
617 2273 733 2332 habeat
748 2273 933 2334 facundiam
955 2273 994 2333 de
1014 2271 1022 2330 i
1048 2295 1081 2334 sa
1097 2293 1130 2332 re
1150 2271 1219 2331 lo-'

86 2355 227 2438 quendi,
250 2357 308 2416 sed
330 2356 410 2435 ille,
426 2359 484 2438 qui
502 2367 629 2438 paratus
653 2356 751 2416 suerit
767 2367 1002 2418 sacramentum
1019 2295 1114 2434 dare,
1145 2355 1204 2414 fir·

85 2439 178 2500 miter
192 2439 362 2522 possideat.
430 2441 470 2500 11.
493 2439 542 2502 55.
564 2439 594 2500 6.
1077 2445 1082 2461 ’
1192 2457 1196 2462 ·

153 2571 233 2606 sonu.
270 2556 349 2608 Petre
377 2562 406 2606 te
432 2555 554 2624 appellat
574 2552 726 2613 Martinus,
759 2553 834 2624 quod
852 2561 884 2606 tu
904 2550 1003 2603 dedisti
1032 2549 1085 2614 sibi
1105 2549 1225 2614 vadia,'

86 2623 160 2691 quod
192 2624 293 2680 iurares
318 2641 379 2676 cum
401 2623 462 2680 tuis,
488 2623 749 2686 sacramentalibus,
787 2625 862 2696 quod
882 2641 938 2674 non
960 2621 1075 2674 haberes
1097 2621 1204 2674 occisus

84 2695 225 2747 Donatum
250 2712 328 2746 suum
352 2705 474 2762 patrem,
501 2696 573 2746 unde
592 2703 621 2746 te
644 2695 809 2764 appellavit,
839 2703 866 2748 et
890 2693 1055 2762 prolongasti
1077 2693 1206 2743 vulunta-

84 2765 124 2816 rie
148 2765 237 2818 facere
258 2774 457 2817 sacramentum
473 2782 522 2834 per
546 2773 636 2817 totum
653 2783 763 2816 aunum.
801 2765 828 2815 Si
845 2765 957 2816 dixerit:
983 2781 1039 2814 non
1060 2770 1206 2818 esttrans-

86 2844 164 2887 actus
187 2846 288 2887 annus:
324 2834 421 2903 probet
442 2835 489 2904 qui
514 2835 641 2904 appellat.
702 2834 730 2886 si
754 2834 871 2886 dixerit:
904 2849 952 2898 ego
980 2833 1101 2885 infirmus
1127 2849 1205 2883 sum:

85 2905 191 2976 probet.
230 2905 285 2957 Sed
299 2905 416 2968 melius,
436 2915 468 2958 ut
484 2905 575 2970 dicat,
601 2904 677 2976 quod
693 2922 750 2956 non
766 2905 933 2975 prolongavi·
942 2903 1097 2959 voluntarie
1114 2900 1224 2954 facere'

10 3005 14 3014 ¹
85 2985 294 3029 Sacramentum.

157 3079 236 3128 Petne
264 3084 294 3129 te
318 3077 440 3147 appellat
463 3074 614 3139 Martinus,
649 3075 724 3146 quod
747 3083 779 3128 tu
800 3075 899 3128 dedisti
924 3075 979 3131 sihi
999 3075 1098 3138 vadia,
1128 3070 1206 3142 quod

87 3144 189 3198 iurares
209 3163 270 3197 eum
287 3145 343 3198 tuis
360 3147 623 3210 sacramentalibus,
654 3147 728 3216 quod
756 3146 868 3200 haberes
892 3163 1039 3215 possessam
1057 3163 1104 3216 per
1124 3143 1204 3194 XXX.

32 3222 35 3228 '
89 3229 274 3266 annosunam
293 3217 398 3286 peciam
417 3217 451 3268 de
475 3225 564 3278 terra,
592 3235 664 3286 quae
680 3219 753 3269 iacet
770 3215 799 3266 in
822 3215 871 3268 teli
888 3217 969 3277 loco,
998 3225 1025 3267 et
1039 3211 1205 3284 prolongasti

87 3285 244 3336 voluntarie
263 3285 352 3337 facere
367 3296 566 3338 sacramentum
584 3305 632 3355 per
653 3295 741 3339 totum
758 3303 866 3337 annum.
905 3287 933 3338 si
951 3284 1065 3337 dixerit:
1093 3302 1142 3350 ego
1165 3282 1206 3335 fui

87 3363 201 3425 paratus
219 3354 289 3406 infra
314 3373 415 3408 annum
442 3356 476 3406 ad
498 3356 654 3408 faciendum
672 3365 886 3408 sacramentum:
910 3355 1015 3425 probet.
1052 3356 1087 3406 Et
1111 3355 1133 3406 si
1156 3370 1208 3423 po-

87 3424 174 3476 tuerit
191 3425 320 3493 probare3
351 3434 399 3476 aut
416 3424 513 3494 probet
531 3426 578 3496 qui
600 3427 735 3496 appellat,
762 3424 836 3494 quod
858 3435 969 3494 paratus
993 3423 1088 3477 fuisset
1104 3425 1138 3476 ad
1158 3441 1208 3476 ari-

90 3495 234 3554 diendum,
255 3502 303 3547 aut
317 3511 424 3546 causam
444 3495 552 3550 refutet.
588 3497 623 3549 Et
641 3497 662 3562 si
682 3496 762 3547 ambo
776 3495 918 3564 potuerint
933 3495 1066 3564 probare,
1088 3503 1206 3546 autnon

89 3563 250 3636 potueriat,
271 3565 365 3616 nullus
382 3565 483 3618 habeat
500 3584 634 3634 poenam,
658 3567 707 3618 sed
726 3567 809 3617 vadat
832 3565 965 3634 placitum
984 3565 1120 3617 inantea.

162 3635 196 3686 Et
215 3633 254 3685 ita
280 3636 430 3687 secundum
454 3637 585 3705 quosdam
612 3637 682 3689 fiunt
709 3636 916 3706 appellationes.
955 3635 1010 3686 Sed
1033 3635 1054 3688 si
1075 3643 1115 3686 est
1134 3635 1206 3686 actio

89 3703 118 3756 in
136 3721 294 3843 per-sonpm,
316 3714 347 3757 ut
363 3705 430 3756 mihi
447 3707 573 3770 videtur,
602 3707 682 3758 aliter
704 3723 766 3760 esse
787 3705 896 3757 debent.
932 3705 997 3776 (Per
1020 3704 1237 3776 coniecturams

90 3785 135 3828 stu
149 3773 252 3826 titiae.

87 3886 91 3890 .
161 3846 239 3896 Petne
257 3853 286 3895 te
302 3845 423 3914 appellat
438 3844 592 3914 lohannes,
621 3847 695 3915 quod
710 3853 741 3898 tu
766 3845 926 3898 consiliatus
943 3864 970 3910 es
988 3846 1023 3900 de
1042 3852 1128 3897 morte
1148 3861 1206 3899 seia.

90 3918 133 3970 De
155 3923 227 3966 torto
252 3932 295 3966 me
319 3916 443 3985 appellis.
489 3919 549 3970 Non
575 3915 658 3976 debes
677 3916 743 3967 mihi
768 3916 808 3968 ita
825 3917 1004 3984 respondere,
1032 3931 1085 3967 nec
1107 3924 1204 3985 potes3

91 3984 157 4056 quia
183 3985 269 4037 altera
293 3985 354 4045 vice
377 3995 405 4038 te
431 3987 582 4057 appellavi,
613 3997 641 4039 et
664 3987 774 4038 vadium
799 3996 828 4040 et
842 3987 1036 4062 fideiussorem
1059 3986 1094 4037 de
1118 4003 1209 4037 saera·

90 4063 185 4107 mento
209 4053 308 4107 dedisti
330 4055 416 4117 mihi,
455 4067 482 4109 et
509 4056 663 4109 voluntarie
685 4067 745 4111 toto
778 4064 850 4110 anno
876 4054 1046 4120 dilatavisti,
1071 4065 1100 4108 et
1120 4073 1209 4108 sacra·
1277 4099 1281 4106 ,

91 4133 214 4177 mentum
236 4143 291 4184 non
312 4125 419 4180 dedisti.
456 4127 554 4181 Probet
568 4128 615 4180 ita.
654 4126 701 4183 Sin
724 4137 829 4195 autem:
856 4128 914 4198 ipse
933 4129 1021 4188 iuret,
1048 4127 1123 4199 quod
1140 4143 1207 4189 nou,

92 4194 137 4252 vol
154 4211 210 4246 rem
229 4195 357 4248 amittat.

163 4266 242 4322 Petra
256 4275 284 4320 te
301 4266 422 4342 appellat
439 4267 593 4332 lohannes,
623 4266 699 4339 quod
721 4276 753 4324 tu
769 4266 928 4323 consiliatus
949 4286 976 4323 es
993 4267 1027 4323 de
1044 4270 1209 4327 mortemue.
