2640 4838
104 213 178 293 tor
468 225 637 284 uurcrurc
670 225 848 284 curuans

169 387 253 426 nun.
290 369 410 423 Muttine
433 366 488 422 huc
510 376 540 420 tc
570 368 693 440 appellat
710 371 820 432 Penus,
857 368 933 440 quad
960 378 993 424 tu
1025 371 1175 443 capellarti
1205 371 1231 428 ci

101 459 190 500 uuum
209 441 360 502 mulinum,
388 437 547 510 autrupiati
571 444 743 504 clausuram,
774 440 834 492 uiue
855 442 1022 496 auctoritate
1044 443 1163 496 Iudicia.
1191 445 1233 496 Dc

101 521 183 568 com.
239 513 311 566 Vel:
340 511 420 571 Feci,
448 511 497 562 red
523 525 587 561 cum
610 511 777 564 auctoritate
811 511 923 564 Iudicis.
963 515 1042 567 Iuret
1063 514 1147 566 aolus.
1176 514 1234 567 sea

102 601 166 640 cum
194 583 257 635 ΧΠ.
278 581 432 634 secundum
458 580 599 652 quondam.
1086 639 1089 646 ⁶

171 655 250 707 Petra
286 654 403 714 Comes,
437 659 466 704 te
501 651 625 720 appellat
656 650 790 702 Martinus
820 651 969 704 advocatus
997 651 1032 704 de
1065 660 1146 721 parte
1180 671 1234 723 pu·

100 726 197 800 plica,
224 723 300 794 qnod
325 723 471 774 Paulusne
491 721 649 774 reclamavit
676 721 730 773 tibi
754 723 788 774 de
808 724 921 782 Marco,
948 723 1024 791 quod
1050 721 1175 774 habebat
1205 723 1232 775 ei

101 795 290 866 cancellatum
310 809 397 846 uuum
420 809 499 845 cuum
519 791 662 854 molinum,
684 800 748 856 aut,
797 796 851 844 uod
874 793 997 846 habebat
1015 801 1127 862 ruptam
1147 811 1231 846 unam

100 866 413 1004 tltltlttffiat
426 811 991 1003 ttssltzz‘lll'lltd“llll“all*
1009 863 1232 987 ltttt‘tl?

100 1006 227 1074 n05'vel
244 1006 422 1068 reclamavit,
448 1004 497 1056 ced
518 1020 575 1054 non
597 1003 735 1068 dilatavit,
762 1007 808 1059 vel
833 1021 889 1058 uon
911 1005 989 1057 dedit
1002 952 1173 1074 licentium
1202 1009 1231 1060 ct

99 1078 141 1132 itu
158 1076 240 1129 iuret.

187 1146 268 1211 CLl.
310 1143 345 1205 si
373 1142 447 1226 quic
480 1141 640 1203 molinum
668 1142 703 1202 ln
736 1151 824 1204 terra
855 1145 962 1206 aliena
987 1144 1229 1224 aedificaverit,

102 1239 135 1296 et
155 1251 246 1294 suam
267 1227 402 1311 probare
425 1245 491 1286 non
518 1225 681 1308 potuerit,
710 1227 834 1288 amittat
860 1228 966 1310 ipsum
988 1229 1170 1308 molinum,
1196 1239 1231 1292 et

103 1335 235 1376 omnem
260 1331 410 1396 operam,
444 1318 477 1370 et
502 1309 560 1372 ille
583 1308 718 1387 tabeat,
756 1311 850 1372 cuius
875 1319 1038 1372 terreant
1063 1312 1229 1394 ripaease

101 1397 288 1461 iuvenitur:
311 1392 388 1475 quia
415 1413 526 1454 omnes
548 1393 631 1456 scire
651 1393 790 1473 debent,
818 1393 908 1477 quod
933 1413 1029 1455 suum
1056 1416 1125 1455 non
1161 1406 1229 1476 est,

103 1481 139 1546 id
167 1480 208 1542 ad
233 1478 334 1538 ulium
355 1475 532 1558 pertinere.
583 1476 608 1541 l.
633 1497 682 1558 27.
710 1498 734 1538 ι.
1109 1486 1113 1492 “

186 1561 289 1624 CLll.
331 1555 462 1641 siquis
490 1559 654 1640 operarios
674 1558 886 1638 conduxerit,
917 1569 972 1620 unt
989 1563 1165 1643 rogaverit
1193 1562 1229 1622 iu

102 1665 220 1730 opera,
253 1653 286 1705 et
313 1663 390 1706 cusu
419 1640 559 1702 faciente
595 1641 768 1724 contigerit
796 1664 897 1704 uuum
926 1663 966 1703 ex
994 1641 1073 1723 ipsis
1107 1654 1166 1706 aut
1194 1647 1228 1705 in

102 1749 187 1810 aqua
213 1726 313 1802 mori,
337 1735 391 1786 aut
411 1747 430 1784 a
446 1724 584 1785 fulmine
610 1727 755 1810 percuti,
778 1735 866 1786 aute
891 1736 989 1788 vento
1006 1726 1122 1788 arbore
1143 1740 1230 1789 mota

101 1809 231 1888 occidi,
269 1817 326 1870 aut
355 1808 487 1893 propria
510 1816 613 1869 morte
642 1809 742 1887 mori,
776 1831 842 1872 uon
862 1809 1049 1890 requiratur
1076 1811 1117 1871 ab
1145 1813 1228 1894 ipso,

102 1894 161 1978 qui
183 1891 343 1956 conduxit
373 1901 429 1951 unt
452 1889 585 1974 rogavit.
627 1891 768 1952 Tantum
795 1901 863 1969 est,
896 1902 933 1953 ut
958 1913 1015 1974 per
1040 1892 1144 1975 ipsius
1165 1897 1230 1956 fa'c·

101 1987 191 2054 tum,
233 1977 292 2060 qui
325 1974 484 2037 conduxit
511 1984 567 2034 aut
601 1977 746 2059 rogavit,
778 1984 834 2036 aut
862 1974 1131 2039 homiuumeius
1161 2001 1227 2040 uon

102 2061 268 2121 moriatur.
311 2060 354 2120 Et
377 2058 444 2120 sia
474 2077 671 2142 quocunque
694 2081 778 2120 unua
811 2079 923 2120 eorum
952 2058 1229 2138 oceisnafuerit,

103 2154 160 2205 aut
180 2144 306 2223 laesus,
333 2145 400 2227 ipse
416 2149 615 2224 componat,·
635 2142 692 2226 qui
722 2163 797 2204 eum
820 2142 978 2205 occiderit
1008 2151 1064 2202 aut
1083 2144 1230 2212 laeserit.

103 2229 131 2294 l.
153 2247 183 2310 9.
211 2247 257 2289 rr.

423 2364 469 2424 Dc
496 2361 648 2443 gradibus
682 2367 912 2445 cognationum.

187 2481 305 2543 CLIII.
347 2479 463 2540 omnia
490 2482 657 2564 parentela
679 2503 781 2563 usque
814 2483 848 2542 in
881 2481 1052 2567 septimum
1077 2503 1230 2566 genucu-

105 2565 174 2628 lum
201 2572 409 2640 numeretur,
443 2573 478 2623 ut
505 2586 620 2646 pareus
646 2565 773 2648 parenti
807 2587 865 2648 per
887 2568 1021 2647 gradum
1042 2575 1076 2626 et
1093 2588 1229 2648 .pareu-

105 2647 202 2730 telana
231 2646 327 2711 heres
364 2645 526 2707 succedat.
590 2647 645 2707 Sic
673 2658 779 2708 tamen
810 2658 846 2709 ut
875 2647 931 2710 ille
960 2649 1017 2731 qui
1049 2651 1229 2710 succedere

104 2734 195 2807 vult,
230 2727 421 2788 nominatim
451 2729 707 2811 uniuscuiusque
732 2731 863 2790 nomina
894 2742 1061 2814 parentum
1091 2753 1230 2795 suorum

107 2825 348 2877 antecessorum
388 2811 483 2877 dicat.
532 2813 575 2872 Et
606 2813 631 2874 si
656 2814 795 2874 intentio
817 2815 919 2879 fuerit
949 2827 1061 2876 contra
1090 2815 1230 2876 Curtem

105 2898 225 2978 Regis,
252 2905 332 2955 tuuc
355 2893 432 2970 illc,
456 2893 513 2976 qui
536 2896 683 2978 quaerit,
705 2898 860 2980 praebeat
896 2908 1131 2959 sacramentum
1153 2919 1230 2957 curn

95 2979 259 3070 legitimis
297 2978 582 3038 sacramentalibus
630 2979 694 3039 suis
717 2979 908 3058 duodecim,
939 2989 972 3041 et
989 2981 1075 3041 dicat
1101 2991 1164 3062 per
1178 2991 1230 3040 orss

106 3063 237 3139 dinem,
275 3061 364 3144 quod
393 3061 561 3144 parentela
596 3071 703 3123 nostra
727 3063 772 3124 sic
804 3063 884 3136 suin
918 3073 951 3125 et
978 3063 1027 3123 illi
1063 3063 1109 3125 sic
1133 3065 1228 3124 fuere

106 3145 199 3208 nohis
225 3154 377 3230 parentes
407 3145 569 3225 quomodo
590 3167 649 3206 nos
670 3145 816 3211 dicimus.
879 3145 922 3212 ll.
950 3149 995 3222 ¹4·
1018 3145 1042 3210 l.

94 3243 102 3258 “
176 3247 257 3284 nonu.
296 3229 419 3282 Petrete
440 3228 562 3297 appellat
585 3227 736 3294 Martinus,
771 3227 846 3299 quod
862 3236 894 3280 tu
919 3238 997 3281 tenes
1018 3228 1069 3279 sibi
1092 3225 1167 3278 malo
1186 3243 1230 3277 or·

105 3301 171 3354 dine
188 3308 302 3361 tenram,
331 3315 402 3367 quae
424 3297 498 3350 iacet
518 3301 546 3350 in
572 3299 634 3352 loco
659 3300 720 3354 tali.
748 3302 817 3369 ¹Ipsa
834 3308 924 3362 terra,
949 3301 1060 3368 deque
1087 3306 1119 3350 tu
1147 3297 1229 3362 dicis,

105 3389 168 3424 mea
184 3370 292 3440 propria
317 3377 359 3420 est
383 3367 417 3420 de
440 3377 517 3438 purte
542 3357 691 3421 Dorninicls
708 3370 826 3450 parentis
852 3370 914 3422 mci.
952 3371 987 3421 Et
1004 3369 1055 3421 tibi
1079 3368 1149 3438 quid
1168 3384 1230 3438 per·

100 3444 178 3496 ¹tinet
201 3441 235 3492 ad
258 3437 474 3510 requirendum?
502 3441 544 3492 De
568 3448 645 3510 parte
670 3441 762 3510 ipatus.
808 3441 890 3494 Tunc
916 3438 1163 3508 interroga-ipsum
1180 3438 1230 3508 qni

17 3519 18 3524 ’
105 3522 198 3573 tenet,
225 3510 363 3581 quomodo
387 3510 440 3562 fuit
467 3528 531 3562 suus
554 3528 658 3580 parens.
680 3511 856 3563 Marcoardus
873 3529 989 3582 proavus
1010 3529 1073 3564 suus
1092 3509 1146 3560 fuit
1164 3527 1231 3562 cou-

104 3583 229 3638 cobrinns
251 3582 286 3634 dc
313 3598 414 3651 proavo
438 3597 515 3645 meo,
551 3591 578 3633 et
596 3583 707 3634 luerunt
732 3581 761 3633 in
783 3581 865 3634 tertio
889 3582 980 3646 gradu.
1026 3586 1101 3634 Avus
1128 3597 1228 3642 mens,

105 3664 215 3706 clavus
236 3653 312 3704 illius
332 3652 361 3704 iu
384 3660 492 3722 quarto.
524 3653 604 3704 Pater
622 3669 698 3702 mens
722 3661 845 3722 etpater
864 3651 956 3714 illius,
976 3653 1005 3704 in
1029 3651 1135 3722 quinto.
1173 3649 1231 3715 Ego

61 3733 65 3742 “
104 3735 132 3782 et
148 3725 197 3776 ille
211 3722 345 3775 insexto.
382 3723 520 3788 Interroga
550 3722 675 3774 similiter
697 3719 777 3774 illurn
806 3723 853 3792 qui
883 3723 984 3792 pulsat.
1036 3725 1111 3775 Avus
1134 3737 1230 3784 meus,

106 3806 133 3851 et
153 3813 218 3848 avus
238 3811 302 3846 snus
325 3794 437 3848 fuerunt
460 3794 570 3854 fratres‚
601 3802 629 3845 et
651 3792 762 3844 luerunt
778 3792 1003 3858 secundogradu.
1042 3794 1122 3848 Pater
1139 3807 1230 3854 meus,

106 3876 134 3920 et
159 3861 245 3920 mater
271 3882 320 3916 sua
349 3864 379 3913 in
411 3865 502 3916 tertio.
557 3861 623 3930 Ego,
656 3871 684 3913 et
706 3863 755 3914 ille
785 3863 963 3932 in*quinto.
995 3863 1120 3916 Etcum
1145 3860 1234 3914 luerit

105 3937 248 4000 nonrinala
268 3935 340 3986 haec
362 3937 521 4002 parentela,
547 3933 682 3999 interroga
705 3950 765 3984 eum
799 3933 846 4004 qui
871 3942 967 3996 tenet,
999 3934 1020 3985 si
1045 3939 1138 4002 potest
1168 3950 1235 4002 pro-

105 4001 171 4064 bare
190 4007 266 4076 quod
285 4007 346 4076 plns
362 4004 500 4074 proximus
519 4004 561 4056 sit.
599 4004 627 4055 Si
647 4020 703 4056 uon
722 4013 813 4073 potest
829 4004 959 4076 probare,
987 4004 1085 4074 probet
1101 4003 1162 4071 ipsc
1182 4003 1235 4072 qui

17 4087 20 4092 '
104 4072 236 4160 afflrellat.
274 4075 307 4130 Et
328 4075 350 4126 ci
373 4074 507 4142 ipsenon
525 4073 753 4144 potuerit,iuret
775 4077 900 4148 ipsequi
924 4076 1078 4146 apellatus
1101 4081 1145 4126 est,
1169 4090 1234 4126 cum

106 4167 162 4211 turs
180 4144 442 4220 sacramentalibus,
464 4145 540 4222 quod
566 4147 629 4217 plu·
648 4144 788 4217 pruximus
807 4147 858 4211 cit,
889 4153 919 4200 ct
938 4094 1041 4200 lubeat
1061 4145 1151 4216 ipsam
1178 4152 1235 4198 ter-

72 4250 75 4257 r
94 4235 181 4294 m„
