2684 4868
258 276 364 332 iners
381 276 675 336 wisrsoruoaun
699 278 766 334 iis.
784 272 864 336 viu.
882 273 955 330 ric.
973 273 1024 336 1v.
1126 250 1203 328 689

80 439 182 563 qutam
203 417 245 480 de
267 417 371 497 bove,
408 426 440 480 et
466 418 604 502 reliquis
633 416 826 482 animalibus
854 415 894 483 ab
917 415 1074 487 omuibus
1089 415 1201 487 otiu-

80 521 120 563 re
140 521 188 568 ur.

500 615 589 684 XIV.
630 597 794 706 Arctous..

147 735 186 795 Si
203 753 299 816 pecus
324 731 460 794 alienum
486 734 602 794 sciente
628 745 683 793 aut
709 735 873 812 ignorante
905 728 1033 792 domino
1053 715 1141 810 gregi

459 817 589 878 alterius
623 817 800 876 misceatur.

168 895 201 958 Si
225 896 400 960 cuiuslibet
419 920 536 982 pecora
558 920 632 959 enm
648 898 786 959 alicuius
806 895 1051 967 animalibusse
1068 895 1204 957 miscue-

83 981 169 1058 rint,
192 989 224 1048 et
235 981 297 1042 hoc
319 982 386 1063 ipse
408 981 626 1064 perspexerit,
649 980 743 1041 etsie
762 980 801 1042 de
822 981 921 1062 ipsius
941 970 1203 1062 grege‘ibierint

83 1075 121 1126 ut
142 1063 266 1125 nullam
282 1085 322 1124 ex
344 1065 405 1126 hoc
420 1065 648 1126 conscientiam
662 1064 796 1124 habeat:
820 1064 968 1128 domiuus
983 1084 1137 1148 pecorum
1158 1083 1206 1122 sa-

84 1155 249 1209 cramenta
274 1147 312 1206 ab
335 1147 448 1208 eodem
470 1147 621 1228 accipiat,
661 1148 748 1228 quod
780 1168 845 1207 non
879 1147 979 1230 ipsius
1009 1140 1124 1210 trautse
1150 1147 1205 1207 rel

84 1229 182 1312 culpa
205 1228 324 1290 exinde
346 1227 579 1307 abscesserint,
604 1238 635 1291 et
658 1251 718 1291 nen
739 1229 801 1291 sibi
821 1251 858 1290 ea
884 1225 1115 1312 praesumpsit}
1129 1227 1205 1292 ‘nit

84 1311 184 1374 alicui
207 1311 356 1386 tradidit;
398 1321 431 1373 et
455 1312 538 1372 nihil
570 1321 705 1398 cogatur
736 1313 914 1377 exsolvere.
983 1297 1205 1390 Qudd's'i·¹lrd

85 1390 216 1457 domum
238 1417 328 1456 suam
350 1394 542 1474 adduxerit,
575 1406 608 1458 et
629 1396 771 1458 iudicem
797 1417 863 1456 nnn
886 1395 1067 1471 monuerit,
1089 1395 1142 1455 vel
1170 1395 1205 1454 in

84 1487 251 1541 conventu
279 1478 412 1560 publico
433 1478 527 1540 infra
556 1488 706 1542 octavum
734 1477 820 1545 diam
851 1498 917 1539 nou
952 1476 1203 1557 contestaverit‘,
1246 1543 1247 1551 χ

89 1561 124 1622 in
155 1562 292 1646 duplum
317 1561 499 1624 satisfaciat.
796 1557 800 1568 '
1063 1579 1068 1586 '
1171 1585 1173 1592 ·

84 1691 160 1758 XV.
188 1693 227 1754 Si
260 1692 391 1754 animoli
427 1693 632 1779 quodcunque
658 1691 813 1776 pavidum
841 1692 1010 1774 inligetur,
1032 1713 1093 1779 per
1113 1688 1206 1776 quod

144 1854 147 1859 ι
284 1788 409 1859 ruptum
434 1789 488 1838 aut
509 1777 712 1855 debilitetur,
746 1790 801 1839 out
821 1780 986 1838 moriatur.

165 1856 201 1922 Si
222 1858 295 1940 quis
317 1870 415 1942 caput
435 1861 554 1923 mortni
575 1860 720 1943 pecoris,
743 1870 798 1920 aut
819 1881 905 1936 ossa,
927 1859 981 1920 vel
998 1852 1124 1940 aliquid
1145 1875 1204 1930 un·

83 1943 124 2005 de
148 1942 265 2002 animal
286 1952 465 2020 terreatur,
499 1943 539 2004 ad
561 1944 696 2016 caudam
718 1942 835 2004 caballi
865 1941 1041 2003 crediderit
1064 1932 1204 2024 alligau-

83 2027 184 2102 dum,
222 2033 254 2085 et
281 2045 342 2107 por
363 2025 424 2087 hnc
457 2027 619 2087 currendo
649 2035 764 2111 ruptus
785 2025 941 2120 probetur
962 2032 1017 2084 aut
1037 2019 1203 2099 mortuiis,

83 2110 187 2169 alium
218 2128 332 2169 sanum
367 2109 535 2176 caballum,
560 2109 691 2170 domino
726 2110 902 2170 reformare
937 2128 1003 2168 non
1042 2113 1203 2182 moretur,

85 2193 163 2274 quia
187 2192 293 2273 legum
316 2199 432 2251 statuta
452 2192 661 2258 transcendit.
703 2191 850 2270 Quodsi
873 2190 1016 2252 caballus
1039 2188 1121 2250 nihil
1145 2186 1204 2246 de-

85 2275 219 2336 bilitatis
241 2275 433 2353 incurrerit,
464 2275 700 2358 quinquaginta
727 2275 810 2336 ictus
833 2273 969 2356 accipiat
984 2270 1205 2354 virgultarum.

86 2359 122 2423 Si
143 2378 255 2420 servus
275 2355 342 2419 hoc
363 2356 495 2437 feeerit,
530 2367 661 2419 centum
688 2357 878 2421 verberibus
900 2354 1093 2420 addicatur„
1157 2395 1159 2399 ,

368 2470 461 2538 XVI.
521 2494 585 2534 sis.
628 2493 692 2539 cns.
733 2493 821 2534 acus.
860 2491 931 2534 aar.
1074 2473 1077 2483 “
1125 2460 1194 2585 'NJ'H

85 2588 124 2651 st
144 2589 291 2652 vitiosum
320 2587 456 2660 animal,
491 2585 566 2647 dum
597 2586 684 2672 apud
706 2586 868 2649 dominum
899 2598 963 2664 est,
993 2587 1203 2671 cuiuscunque

314 2673 425 2732 aetatis
452 2669 605 2734 occidisse
634 2672 792 2732 hominem
817 2669 970 2732 sidentur.
1070 2731 1072 2743 ,
1147 2726 1194 2753 ,ὼ

169 2753 297 2837 Siquis
320 2754 457 2832 bovem,
484 2761 706 2830 ammarum,
734 2753 787 2816 vel
809 2754 1041 2835 quemcunque
1064 2753 1206 2837 quadru-

83 2837 201 2922 pedem
223 2838 359 2898 noxium
380 2835 531 2898 habuerit
552 2843 608 2895 aut
628 2835 801 2915 vitiosum,
831 2857 922 2914 eum,
952 2847 1125 2919 antequam
1148 2860 1205 2898 no·
1252 2911 1254 2915 Ι

85 2931 157 2983 ceat
178 2921 296 2998 alicui,
319 2941 384 2979 non
407 2927 551 2981 moretur
573 2917 733 2981 occidere.
788 2919 885 2996 Quod
905 2919 931 2981 si
955 2920 995 2980 de
1017 2921 1098 2982 vitio
1121 2941 1204 3002 qua-

86 3005 241 3087 drupedis
265 3023 305 3063 ex
327 3001 510 3063 vicinorum
531 3001 764 3063 contestatione
786 3002 998 3084 cognoverit,
1031 3012 1064 3064 et
1092 3011 1205 3084 postca

86 3106 161 3148 enm
190 3084 421 3162 reservaverit,
442 3093 500 3145 aut
519 3084 660 3167 paverit,
690 3085 744 3146 rel
773 3085 937 3147 distulerit
959 3084 1127 3160 occidere,
1166 3107 1203 3146 ac

85 3178 196 3253 postea
217 3167 314 3229 alicui
336 3177 489 3245 mortem,
512 3177 567 3227 aut
587 3166 860 3247 debilitationem,
882 3170 950 3230 sire
971 3167 1089 3229 vulnus
1112 3166 1203 3228 intus·

85 3251 178 3331 lecit,
207 3251 299 3312 iuxta
320 3249 404 3312 hanc
426 3250 530 3333 legem
552 3255 746 3333 componere
768 3271 835 3311 non
858 3259 1019 3328 moretur,
1048 3249 1132 3310 siout
1153 3259 1202 3312 att

87 3333 127 3396 de
147 3333 352 3411 homicidiis,
376 3333 410 3392 id
433 3344 497 3411 est,
526 3333 566 3394 de
589 3333 666 3394 viris
688 3355 725 3396 ac
757 3333 972 3413 mulieribus,
1003 3333 1202 3412 infantibus,

85 3415 187 3479 servis
208 3417 261 3479 rel
285 3416 430 3493 ancillis,
464 3416 652 3497 compositio
675 3417 857 3483 constituta.
900 3417 950 3478 lta
967 3425 1003 3477 ut
1024 3416 1051 3478 si
1072 3415 1203 3498 iugula·-

85 3499 169 3560 verit
190 3501 332 3582 aliquem
354 3499 421 3581 ipse
443 3500 627 3583 quadrupes
653 3497 825 3562 honestum
853 3501 893 3565 D.
914 3498 1011 3561 solidi
1033 3521 1204 3582 compona-

84 3590 149 3642 tur.
190 3585 239 3644 De
264 3581 412 3664 ingenuis
442 3584 589 3663 personis
619 3580 654 3641 in
685 3581 779 3643 annis
810 3581 946 3664 viginti,
987 3583 1077 3645 CCC.
1105 3583 1203 3646 solidi

86 3675 322 3747 componantur
347 3667 409 3741 nv):
437 3673 470 3724 et
490 3664 529 3724 ab
549 3664 611 3726 hoc
633 3685 736 3746 usqne
765 3664 806 3725 ad
827 3686 919 3742 eum,
961 3664 1019 3746 qui
1041 3678 1143 3726 annus
1167 3656 1203 3728 t.

85 3745 254 3826 habuerit,
285 3770 382 3809 unam
404 3747 667 3830 compositionem
689 3747 837 3809 iubemus
858 3757 950 3809 stare.
991 3748 1020 3808 A
1041 3749 1203 3833 quinqua-

87 3830 176 3914 ginta
203 3840 310 3892 autem
343 3830 454 3908 annis,
495 3852 599 3911 usque
628 3829 669 3890 ad
701 3831 797 3891 illum
825 3829 882 3912 qui
910 3827 1008 3891 habet
1035 3823 1221 3914 sexiginta·

87 3914 252 3996 quinque,
280 3915 354 3976 =CC.
393 3914 452 3975 sol.
485 3922 730 3995 componantur.
804 3913 870 3992 Qui
905 3935 984 3975 vero
1012 3912 1117 3999 super*
1138 3899 1201 3996 libb

86 3994 254 4074 hahuerit,
285 3998 320 4058 C.
341 3996 399 4059 sol.
422 4007 666 4079 componantur.
708 3995 775 4075 Qui
795 3995 984 4080 quindecim
1014 3997 1116 4059 lintius
1144 3991 1201 4058 lid·

157 4165 195 4240 w)
212 4168 255 4224 sl.
275 4187 335 4222 mss.
376 4173 531 4240 uadrupes,
551 4165 584 4222 de
602 4169 732 4240 ingenuis
747 4171 873 4242 personis
883 4167 919 4228 D.
932 4169 1018 4224 solidi
1035 4167 1202 4242 compoilllti»

87 4250 141 4293 tur.
183 4237 264 4295 lind.
284 4257 341 4312 qua
361 4257 441 4312 rupes
460 4243 492 4296 in
509 4241 730 4314 annisviginti,
758 4241 835 4295 CCC.
854 4241 904 4296 sol.
923 4259 1007 4313 comp.
