2648 4874
272 309 695 368 metsunrnornonnrn
722 308 788 366 tn.
810 313 848 368 u
865 309 938 373 ur.
957 313 979 366 1.
1112 293 1183 372 421

173 478 272 548 LIB.
306 481 348 552 11.
379 481 446 546 DE
478 479 730 566 NEGOTllS
766 481 1082 550 CAUSSARUM.

229 629 352 702 'Tru
379 633 410 710 Ι.
459 632 517 704 De
541 631 722 701 iudicibus
749 645 786 703 et
810 635 985 708 iudicatis.

116 773 201 842 tls
221 795 346 869 acutus
365 795 476 844 nonnu
497 797 627 840 suavius
656 797 826 842 canarosus
841 751 994 848 'ruricius
1017 806 1075 848 aar
1088 781 1147 873 s)

178 915 230 978 De
253 929 474 1007 temporeque
507 915 641 986 debeam
662 916 744 1000 leger
766 915 948 982 emendatae
970 923 1083 994 vadere.

155 1051 296 1133 Pragmu
317 1074 410 1114 suum
431 1051 609 1114 emendatis
628 1052 753 1135 legibus
773 1053 989 1138 assignantes,
1011 1054 1096 1120 illud
1116 1056 1187 1155 pri·

74 1153 164 1202 mum
186 1131 222 1194 in
244 1133 359 1196 ordine
374 1133 580 1218 praefationis
595 1146 627 1197 et
647 1137 720 1198 loco
739 1138 983 1218 praemittimus,
1005 1139 1082 1220 quia
1102 1151 1188 1204 srcut

75 1215 189 1296 legum
209 1216 374 1280 evidentia
394 1219 588 1299 populorum
616 1225 665 1279 est
686 1219 868 1280 excessibus
890 1222 999 1298 utilis,
1025 1221 1072 1282 ita
1091 1243 1187 1284 sanc-

76 1298 207 1360 tionum
229 1299 405 1360 obscuritas
425 1300 533 1362 turbat
557 1297 687 1360 ordines
713 1302 894 1380 aequitatis.
934 1304 1015 1365 Nam
1038 1304 1185 1386 plerum·

76 1402 141 1461 que
164 1381 242 1444 dum
264 1382 524 1464 quaedam-bena
552 1381 698 1444 ordinata
725 1383 883 1445 nebuloso
901 1385 1073 1448 verborum
1099 1397 1186 1449 trac·

76 1471 114 1524 tu
127 1462 320 1540 consistunt,
342 1463 410 1545 ipsa
429 1462 489 1524 sibi
510 1464 755 1547 repugnantiam
776 1466 934 1545 nutriunt,
956 1468 1033 1528 dum
1053 1468 1186 1553 litigan-

76 1545 162 1606 tium
183 1545 419 1608 controversias
440 1546 552 1608 lucide
577 1567 644 1612 uon
672 1546 861 1618 excludunt,
902 1550 1023 1631 Sisque
1045 1551 1101 1616 ubi
1130 1553 1186 1613 de-

75 1626 223 1690 buerunt
242 1625 341 1689 finem
361 1630 446 1690 ferre
468 1627 658 1706 calumniis,
680 1627 725 1691 ibi
748 1649 847 1694 novos
867 1640 979 1692 contra
1000 1653 1034 1694 se
1054 1633 1187 1715 pariunt

77 1711 213 1791 laqueos
234 1710 402 1792 captionis.
441 1711 526 1772 Hinc
548 1730 624 1793 ergo
642 1710 807 1773 diuersitas
826 1733 1010 1776 caussarum
1030 1715 1186 1794 exoritur,

76 1791 155 1856 binc
178 1793 415 1856 controuersiae
428 1793 624 1874 litigantium
643 1802 848 1874 generantur.
890 1796 975 1858 Hinc
996 1795 1092 1858 etiam
1113 1796 1187 1857 hae-

77 1873 186 1936 sitatio
205 1874 352 1938 iudicum
381 1876 539 1952 nascitur,
562 1875 606 1935 ita
625 1885 663 1935 ut
683 1874 717 1934 iu
739 1874 893 1940 finiendis
909 1879 960 1939 vel
982 1899 1186 1961 compescen-

78 1957 126 2020 dis
148 1957 321 2018 calumniis
347 1955 466 2020 habere
495 1956 671 2020 terminum
691 1957 854 2035 nesciant,
881 1980 966 2040 quae
986 1959 1101 2041 utique
1122 1981 1186 2022 nu-

77 2040 178 2099 tantia
210 2060 339 2120 semper
364 2040 582 2124 approbantur
609 2049 643 2102 et
672 2038 779 2101 dubia.
818 2041 861 2101 Et
886 2041 978 2119 ideo,
1011 2040 1089 2122 quia
1117 2062 1189 2124 per-

77 2121 194 2203 stringi
215 2132 294 2200 tota,
315 2143 398 2204 quae
423 2123 458 2182 in
486 2120 735 2187 controversiam
752 2123 909 2202 veniunt,
936 2122 1029 2185 hreni
1050 2123 1188 2205 compli-

78 2205 206 2266 catione
226 2225 292 2264 non
312 2213 460 2287 possunt,
479 2205 586 2268 saltim
606 2205 658 2267 rel
688 2225 770 2285 quae
805 2204 840 2268 in
872 2205 1083 2268 contentione
1110 2227 1188 2289 per·

44 2324 49 2337 ·
78 2287 245 2352 tractanda
265 2307 335 2350 sese
349 2287 504 2368 ,gloriosis
524 2295 650 2350 nostrae
679 2285 882 2350 celsitudinis
910 2287 1056 2350 sensibus
1079 2287 1189 2370 inges-
1234 2287 1238 2299 ¹

79 2377 214 2447 serunt,
237 2390 276 2430 ea
296 2368 330 2428 in
351 2368 415 2432 hoc
436 2371 521 2431 libro
541 2369 725 2451 specialiter
746 2370 885 2453 corrigi,
908 2378 941 2432 et
961 2369 1091 2432 elimata
1109 2389 1188 2452 pros

79 2450 190 2518 bitatis
212 2450 373 2513 sententia
393 2453 593 2517 decrevimus
620 2451 788 2524 ordinaris
816 2452 1015 2516 evidentiam
1033 2452 1189 2518 videlicet

79 2532 199 2610 dubiis,
219 2534 447 2616 praestantiam
467 2533 585 2612 noxiis,
597 2533 791 2597 clementum
811 2535 997 2612 mortiferis,
1012 2535 1190 2618 adapertio*

78 2636 154 2676 nem
176 2615 306 2693 clausis,
327 2617 562 2699 perfectionem
582 2617 704 2700 coeptis
725 2615 913 2698 imprimens
934 2617 1101 2697 institutis,
1122 2637 1189 2699 quo

67 2693 296 2778 ‘unstrireigui
317 2700 473 2781 populos,
494 2720 576 2781 quos
596 2721 661 2760 uua
681 2706 715 2760 et
735 2699 869 2765 evidens
888 2721 952 2781 pax
973 2699 1075 2761 nostri
1101 2699 1190 2782 regi-

79 2781 174 2842 minis
188 2779 348 2858 continet,
360 2781 441 2843 haee
450 2782 602 2862 deinceps
616 2780 775 2846 institutio
788 2790 1004 2844 correctarum
1016 2781 1124 2866 legum
1135 2804 1190 2843 or·

81 2863 245 2938 dinantlos¹
263 2862 438 2947 adstringat
457 2873 554 2946 atque
575 2873 724 2930 retentet.
764 2863 808 2925 Et
833 2864 909 2926 ideo
938 2863 1053 2925 barum
1080 2865 1191 2946 legum

81 2945 269 3021 correctio,
300 2946 354 3010 rel
376 2947 580 3010 novellarum
600 2956 781 3010 nostrarum
812 2947 1015 3018 sanctionum
1044 2946 1192 3008 ordinata

82 3027 293 3103 constructio,
315 3029 401 3091 sicut
423 3028 456 3087 in
480 3028 543 3089 hoe
564 3027 651 3096 libro
671 3037 703 3090 et
724 3025 879 3094 ordinatis
900 3028 1002 3090 titulis
1022 3029 1138 3111 posita,
1159 3035 1194 3088 et

80 3109 291 3192 subsequenti
312 3120 360 3172 est
381 3109 463 3172 serie
485 3120 652 3188 annotata,
675 3111 720 3171 ita
749 3110 787 3171 ab
812 3132 899 3171 auno
924 3111 1068 3172 secundo
1097 3109 1192 3194 regui

81 3193 201 3270 nostri,
223 3215 241 3252 a
263 3192 457 3254 duodecimo
479 3195 642 3256 Kalendas
663 3192 853 3254 Novembris
874 3193 908 3252 in
933 3193 1057 3255 cunctis
1079 3214 1192 3275 perso·

81 3275 141 3352 pis,
165 3297 202 3336 ac
225 3276 373 3356 gentibus
395 3285 522 3336 nostrae
544 3275 765 3360 amplitudinis
787 3275 923 3356 imperio
945 3275 1121 3358 subiugatis
1139 3273 1193 3333 in-

83 3377 204 3418 nexum
225 3357 286 3418 sibi
306 3381 323 3417 a
346 3366 453 3418 nostra
475 3358 577 3441 gloria
596 3359 740 3420 obtineat
759 3359 922 3432 valorem,
945 3365 977 3418 et
997 3357 1193 3419 inconvulso

84 3439 280 3500 celebritatis
302 3438 433 3500 oraculo
459 3441 598 3502 valitura
627 3439 793 3504 consistat:
827 3449 864 3499 ut
894 3440 977 3501 sicut
997 3439 1128 3502 sublimi
1157 3439 1192 3498 in

84 3520 202 3581 throno
229 3521 412 3598 serenitatis
434 3531 561 3586 nostrae
585 3523 781 3591 celsitudine
803 3521 984 3600 residente,
1006 3521 1194 3585 videntibus

86 3603 212 3664 cunctis
233 3604 454 3666 sacerdotibus
474 3605 551 3682 Dei,
572 3605 824 3687 senioribusque
846 3603 959 3686 palatii
986 3614 1082 3687 atque
1112 3607 1195 3666 Gar·

86 3685 212 3768 (lingis,
242 3686 396 3766 omnique
426 3689 569 3770 populo,
600 3688 715 3749 harum
743 3686 958 3748 manifestatio
986 3686 1126 3760 claruit,
1151 3689 1196 3750 ita

87 3768 264 3828 earundem
291 3767 460 3830 celebritas
489 3770 543 3832 vel
571 3769 756 3833 reverentia
777 3771 811 3830 in
846 3769 973 3830 cunctis
993 3770 1087 3853 regni
1119 3791 1195 3829 nns-

86 3849 127 3910 tri
154 3849 331 3931 pro-vinciis
362 3850 477 3912 debeat
505 3852 676 3917 observari.
732 3851 847 3936 Leges
870 3867 945 3911 sane
973 3874 1051 3938 quas
1084 3852 1118 3911 ha
1143 3853 1194 3911 lu·

87 3931 241 3994 dacorum
266 3933 465 4014 excessibus
483 3943 592 3996 nostra
621 3935 723 4019 gloria
745 3933 960 4020 promulgarit
971 3980 983 4015 ,
1003 3935 1042 3996 ab
1062 3955 1102 3996 eo
1117 3943 1201 3995 tens.

90 4101 214 4120 ᾞ--οι

151 4179 187 4245 s)
207 4179 285 4230 lind.
305 4178 380 4234 Μ.
401 4180 476 4236 GLS.
495 4180 595 4236 RCDS.
614 4181 691 4240 REX.
729 4181 836 4249 idest,
856 4181 971 4237 Flavius
989 4173 1130 4250 gloriosus
1144 4177 1195 4232 m-

89 4249 236 4310 scrutatus
255 4251 322 4308 aas.
915 4304 917 4308 ,
