2648 4874
260 284 363 341 uaars
380 281 671 340 wrsrsornoaun
690 283 755 336 ua.
774 279 826 340 111.
849 283 920 340 rrr.
938 283 974 342 v.
1118 268 1194 350 487

89 423 141 490 illa
169 423 211 488 ad
239 421 521 508 transgressionem
550 419 611 486 sibi
638 433 794 507 usurpat,
814 424 870 486 sed
888 422 976 508 quod
995 423 1192 498 intuentium

88 512 161 572 tides
187 509 322 587 clamat,
354 506 434 570 haec
455 513 559 582 certa,
594 503 674 566 haec
696 527 770 569 vera
793 506 960 590 religionis
986 515 1192 595 approbanda

84 602 157 660 suut
179 591 282 673 signa.
323 589 489 649 lamtvero
513 586 611 650 vidua
630 609 712 674 quae
735 587 888 672 deinceps
911 589 971 654 tali
991 613 1025 654 se
1052 597 1193 662 voluerit

82 673 266 736 obiectione
287 670 482 746 defendere,
525 669 577 730 vel
604 670 811 732 excusatione
843 675 969 751 celare,
999 695 1065 738 non
1088 679 1193 745 solum

82 756 176 839 quasi
206 755 350 838 praecise
380 751 468 818 vocis
491 750 589 812 huius
612 753 784 818 sustinebit
809 753 981 835 iacturam,
1010 761 1067 821 ,ed
1093 771 1193 825 trans.

55 873 58 879 ·
81 839 258 922 gressionis
276 834 478 899 omnimodae
503 833 640 901 nexibus
663 835 805 920 illigata,
832 839 1005 904 constituta
1023 842 1192 911 Canouum

80 932 114 990 et
134 923 248 1007 legum
274 941 341 988 uon
361 916 494 1003 effugiet
513 917 660 1000 dampna.

430 1029 473 1096 V.
499 1053 562 1096 rus.
584 1053 639 1095 uss
671 1055 756 1103 osas.
777 1055 848 1107 aas.

414 1147 466 1210 De
504 1149 712 1218 masculorum
738 1153 866 1236 stupris.

164 1233 239 1298 Non
262 1231 517 1314 relinquendum
545 1241 592 1292 est
616 1234 720 1295 scelus
737 1235 896 1312 inultum,
918 1233 1007 1317 quod
1027 1231 1191 1302 detestan-

79 1320 160 1384 dnm
181 1338 310 1400 semper
331 1325 364 1377 et
383 1314 565 1376 execrabile
588 1337 713 1382 morum
729 1318 885 1398 pravitate
909 1325 1071 1390 censetur=
1110 1324 1191 1386 Mas·

80 1403 232 1472 culorum
259 1421 335 1485 ergo
363 1397 608 1474 concubitores,
640 1399 689 1460 vel
723 1399 748 1462 ii
768 1399 825 1482 qui
846 1398 923 1460 talin
952 1403 1190 1468 consentientes

79 1482 302 1572 pertulerint,
323 1481 476 1545 istasunt
496 1477 688 1562 legishuius
710 1481 868 1544 sententia
892 1481 1047 1544 feriendi:
1076 1496 1112 1547 ut
1133 1487 1190 1547 ubi

77 1568 210 1632 seilicet
231 1585 306 1627 mox
325 1563 390 1626 tale
413 1563 501 1624 nefas
524 1561 697 1624 admissum
713 1563 811 1626 iudex
829 1564 996 1630 evidenter
1016 1564 1190 1652 investiga.

79 1651 186 1725 verit,
209 1654 362 1730 utrosque
384 1645 538 1718 continuo
565 1654 705 1709 castrare
724 1657 896 1729 procurate·
928 1655 961 1709 et
981 1647 1111 1712 tradens
1135 1673 1190 1714 eos

78 1729 236 1800 Pontifici
268 1728 424 1791 territorii
456 1727 575 1810 ipsius,
621 1719 676 1788 ribi
714 1729 749 1796 id
786 1727 964 1811 perpetrari
997 1731 1191 1816 contigerit,

80 1811 311 1896 sequestratim
346 1810 464 1872 mduae
501 1809 727 1892 mancipentur
762 1809 962 1888 detrusioni,
1007 1811 1060 1873 vel
1096 1815 1191 1878 inuiti

18 1891 20 1896 ¹
79 1899 199 1960 saltem
231 1891 349 1954 luituri
377 1891 568 1972 commissa,
600 1892 657 1974 qui
689 1891 870 1958 voluntarie
919 1901 1093 1975 erpetrasse
1119 1919 1191 1961 uos·

53 2031 56 2036 Δ
82 1990 206 2046 cuntur
236 1976 371 2040 inlicita.
413 1977 481 2037 Hoc
503 1974 633 2036 iuterim
664 1975 865 2044 horrendum
892 1915 1052 2054 dedecus,
1084 1973 1112 2040 si
1141 1980 1193 2040 ins

81 2063 192 2124 ferens
233 2059 372 2142 quisque
407 2057 458 2120 sel
497 2057 622 2140 patiens
654 2079 719 2118 uon
765 2055 968 2121 voluntarius
1006 2057 1063 2119 sed
1103 2055 1192 2123 invi..

81 2154 134 2206 tus
181 2144 314 2226 explere
361 2139 560 2204 dinoscitur-s
602 2151 680 2202 tunc
711 2161 731 2202 a
759 2149 853 2206 reatu
882 2135 999 2223 poterit
1039 2140 1193 2206 immunis

82 2225 215 2303 baberi,
265 2223 292 2286 si
322 2223 455 2283 nefandi
480 2222 576 2282 huius
605 2223 736 2288 sceleris
764 2221 831 2304 ipse
863 2223 1008 2284 detector
1038 2223 1190 2294 extiterit.

81 2309 145 2373 llle
169 2305 389 2390 proculdubio
416 2304 577 2369 tenendus
602 2314 650 2368 est
674 2305 714 2366 ad
735 2326 891 2387 poenam,
917 2325 1014 2385 quem
1042 2304 1078 2366 in
1107 2305 1191 2372 hane

82 2401 197 2476 sponte
228 2389 417 2452 desolutum
441 2394 564 2449 constat
583 2385 748 2456 insaniam.
804 2387 964 2448 Habentes
985 2395 1094 2452 autern
1117 2412 1193 2452 uro·

81 2497 152 2552 res,
175 2473 234 2555 qui
259 2473 299 2534 de
322 2491 483 2532 consensu
502 2468 578 2528 talia
600 2470 775 2552 gesserint,
809 2469 993 2531 facultatem
1013 2489 1126 2532 eorum
1154 2474 1193 2532 fi-

80 2557 121 2620 lii
153 2566 210 2616 aut
227 2553 364 2616 heredes
389 2551 524 2635 legitimi
552 2551 703 2634 poterunt
736 2549 891 2616 obtinere.
933 2553 1016 2612 Nam.
1039 2555 1191 2639 coniugi,

80 2660 143 2700 sua
174 2647 298 2700 tantum
331 2635 405 2698 dote
441 2642 611 2718 percepta,
643 2654 836 2715 suarumque
872 2655 980 2694 rerum
1008 2635 1192 2720 integritate

81 2729 230 2796 retenta,
257 2715 473 2780 nulseudicui
494 2715 653 2792 voluerit,
697 2715 876 2784 indubitata
908 2717 1050 2783 manebit
1080 2729 1113 2782 et
1140 2721 1192 2783 ab·

83 2802 196 2870 soluta
215 2801 361 2871 licentia„

435 2910 516 2985 tl,
552 2932 615 2978 rsa
644 2931 730 2978 noos.
760 2931 828 2980 aas,

206 3027 256 3088 De
276 3027 468 3090 volantibus
486 3027 652 3112 paternum
673 3047 710 3087 ac
729 3023 911 3107 fraternum
934 3030 1068 3097 tironum,

163 3107 331 3194 Superiori
352 3109 577 3192 quidem'lege
606 3110 646 3170 de
668 3109 924 3192 propinquorum
956 3112 1081 3173 incestu
1110 3115 1189 3194 quid

81 3189 197 3253 debeat
223 3194 384 3254 observari
397 3212 409 3268 ,¹
448 3193 612 3254 decretum
640 3201 706 3256 est:
730 3202 835 3252 tamen
865 3193 1029 3274 quianon
1057 3194 1190 3258 minoris

80 3295 149 3336 esse
172 3283 302 3337 constat·
318 3275 470 3352 sceleris,
487 3283 655 3357 paternum
673 3273 802 3334 thorum
823 3274 891 3336 sire
909 3276 1085 3337 fraternum
1105 3299 1190 3338 corn-

78 3358 257 3435 rnaculari,
288 3359 522 3418 constituentes
557 3357 746 3432 adiicimus,
778 3365 814 3418 ut
842 3357 1060 3419 concubinam
1091 3362 1189 3440 patris

78 3439 135 3502 vel
156 3441 279 3514 fratris,
308 3450 363 3500 aut
384 3461 454 3500 eam
474 3461 570 3522 quam
590 3441 700 3501 scierit
719 3447 842 3519 patrem
861 3461 957 3500 suum
976 3451 1031 3501 aut
1058 3442 1190 3503 fratrem

78 3523 134 3582 vel
157 3523 256 3583 semel
280 3523 495 3599 adulterasse,
537 3543 596 3583 seu
623 3523 664 3583 sit
692 3522 793 3582 lihera
814 3521 887 3584 'sive
905 3523 1048 3595 ancilla,
1078 3525 1188 3586 nullus

79 3626 225 3686 unquam
246 3606 504 3689 propinquorum
523 3605 705 3667 adulterare
726 3613 926 3686 praesumats,
966 3627 1072 3688 neque
1099 3618 1189 3687 pater

73 3687 321 3766 adulteratama
337 3688 403 3747 tilio
417 3687 518 3768 stupri
535 3687 688 3748 foeditate
710 3689 915 3769 aliquatenus
935 3689 1067 3770 polluat.
1090 3692 1187 3768 Quod

78 3770 107 3830 si
129 3769 206 3830 talia
227 3771 364 3852 quisque
385 3769 489 3830 sciens
511 3770 616 3832 facere
638 3771 768 3831 fortasse
791 3772 1055 3851 praesumpserit,
1081 3773 1188 3835 facul»

78 3861 176 3914 tatem
200 3853 290 3929 eius,
316 3854 342 3912 si
373 3852 455 3914 filios
476 3851 634 3935 legitimos
664 3874 730 3913 non
756 3851 920 3929 hahuerit,
952 3853 1085 3914 heredes
1107 3879 1188 3938 quos

78 3935 239 4004 successio
276 3945 438 4018 expectat,
481 3935 666 3995 obtineant}
704 3934 771 4014 ipse
799 3957 877 3996 uero
905 3935 966 3995 sub
985 3937 1186 4016 poenitentia

76 4019 259 4100 relegatus,
287 4017 440 4101 perennis
462 4017 553 4082 erilii
572 4017 830 4098 dampnationem
851 4017 998 4098 excipiat.

81 4133 156 4202 Vll.
194 4134 244 4192 De
266 4115 456 4208 Sodomitis,
489 4151 551 4212 qun
580 4131 714 4193 debeant.
733 4130 861 4190 ultionis
882 4130 1035 4190 sentent-ia
1051 4132 1183 4213 percuti.

159 4213 372 4280 orthodoxae
400 4211 479 4280 fidei
501 4213 627 4280 ratione
665 4212 910 4299 compellimur,
941 4211 1076 4300 legalem
1107 4233 1187 4276 0³¹1-
