2640 4838
138 243 215 322 638
333 259 437 316 naurs
456 257 746 318 wrsrnoraoauu
764 263 832 322 nis.
851 265 915 322 xu.
933 267 1005 322 rrr.
1025 271 1063 324 11.

137 404 258 482 cuerit,
286 397 428 462 infidelis
450 397 490 460 ad
512 395 606 460 fidem
629 407 770 460 sanctam
791 405 968 484 perveniat.
1022 407 1056 469 si
1080 410 1256 474 certe-di-

135 489 280 564 stulerit,
310 482 445 544 noverit·
467 503 501 543 se
535 483 700 565 coniugali
728 486 891 547 consortio
913 489 1053 551 divisam
1079 501 1178 574 atque
1202 496 1255 556 div

133 574 253 649 risam,
287 569 321 628 in
343 565 444 628 exilio
464 566 654 646 perenniter
683 588 884 648 permanere.
945 574 1035 634 Inter
1060 585 1168 636 cetera
1189 576 1254 642 hoo

134 655 324 718 adiicientes
345 648 579 731 praecipimus,
612 658 648 708 ut
676 649 934 739 dumlqnispiam
963 655 1002 716 ab
1030 657 1254 728 Hebraeorum

134 748 222 802 certe
245 735 418 797 devotione
440 731 473 790 iu
498 730 696 792 Catholicam
725 734 913 816 confugium
933 737 1048 799 fecerit
1069 739 1187 819 fidem,
1221 753 1254 806 et

130 816 368 908 purificationis
390 814 478 876 unda
505 814 670 874 lavacrum
690 825 837 876 sanctum
864 822 1059 902 susceperit,
1089 825 1253 907 quidquid

134 907 248 970 eodem
270 911 413 982 tempore
431 898 465 956 in
489 897 639 958 omnibus
660 898 756 960 rebus
777 902 1003 982 comprobatur
1022 903 1166 983 habere,
1197 930 1252 970 re·

132 997 218 1051 mola
245 993 438 1047 cunctorum
468 979 632 1056 molestia,
669 989 704 1040 ut
731 1003 807 1042 rere
837 983 960 1063 fidelis,
1000 987 1062 1047 sibi
1089 992 1250 1071 perpetim

130 1068 288 1135 vindicet.
330 1069 398 1128 Hoc
419 1085 496 1123 vero
519 1057 661 1123 edictum
683 1064 767 1124 infra
794 1066 879 1127 diem
901 1069 1123 1130 Kalendarum
1145 1075 1252 1154 proxi·

130 1175 182 1216 me
205 1147 448 1214 succedentium
468 1145 624 1206 Iuliarum
661 1144 797 1228 implere
827 1158 961 1211 cunctos
991 1173 1051 1233 per
1088 1165 1251 1217 nostrasa

129 1241 200 1302 Deo
222 1233 355 1294 collatas
376 1230 526 1311 regiones
547 1227 650 1290 modis
672 1230 820 1292 omnibus
842 1248 1078 1313 permanemus.
1122 1238 1250 1315 Quibus

132 1317 270 1381 evolutis
284 1313 458 1388 Kalendis,
481 1311 566 1393 apud
588 1312 768 1392 quemlibet
788 1315 1250 1383 HebraeorumChristianum

127 1407 316 1482 reppertum
350 1394 450 1456 fuerit
480 1394 695 1475 mancipium,
739 1395 891 1458 medietas
927 1399 1122 1462 substantiae
1152 1402 1249 1466 huius

128 1482 267 1546 Hebraei
291 1479 367 1540 fisco
399 1477 579 1552 subiaceat,
617 1485 650 1538 et
668 1479 772 1538 libero
799 1479 946 1556 reddito,
982 1481 1040 1563 qui
1071 1505 1132 1565 per
1158 1507 1249 1548 suam

126 1564 347 1652 proditionem
368 1559 468 1622 fuerit
487 1557 572 1641 apud
594 1581 668 1622 eum
689 1569 878 1642 reppertus,
914 1563 997 1624 nibil
1019 1564 1081 1625 sibi
1101 1567 1248 1630 Hebrae-

127 1670 165 1710 us
187 1647 226 1709 de
249 1665 387 1730 persona
410 1643 494 1719 eius,
523 1643 575 1702 rel
594 1643 724 1724 peculio
747 1645 832 1705 ultra
854 1645 1017 1708 defendat.
1058 1649 1150 1710 Hanc
1168 1671 1246 1734 ergo

126 1731 249 1814 legem,
283 1749 381 1811 quam
413 1723 541 1807 pietatis
563 1734 595 1786 et
616 1726 783 1806 religionis
815 1749 922 1788 amore
954 1729 1164 1809 concepimus
1184 1755 1245 1815 pro

126 1823 236 1875 nostro
259 1809 436 1894 populique
459 1807 559 1868 nostri
581 1808 744 1886 remedio,
782 1809 815 1870 in
838 1820 1030 1894 perpetuum
1051 1813 1246 1898 suffragante

124 1906 256 1958 anctore
279 1893 409 1954 domino
429 1891 600 1952 valituram
621 1911 688 1953 esse
710 1911 888 1954 censemus.
937 1894 1145 1957 Suocesaores
1166 1919 1247 1979 quc·

123 2001 188 2062 que
215 1987 339 2039 nostros
361 1974 442 2057 legis
464 1971 562 2034 huius
591 1973 736 2036 instituta
758 1984 944 2053 servantes,
980 1976 1100 2038 victrix
1122 1980 1246 2042 Christi

123 2065 263 2127 victores
286 2059 382 2120 saciat
403 2058 555 2132 dextera,
585 2064 618 2116 et
641 2056 710 2118 eius
736 2057 853 2118 solium
876 2058 908 2117 in
931 2059 1065 2122 veritate
1088 2064 1245 2125 corrobo-

122 2156 191 2223 ret,
223 2144 315 2206 caius
339 2141 374 2201 in
405 2139 468 2200 hoo
501 2139 596 2200 tidem
618 2140 795 2221 inspexerit
816 2141 926 2202 divina
957 2143 1139 2206 clementia.
1202 2147 1245 2208 Et

122 2230 201 2291 licet
227 2227 325 2288 huius
359 2223 441 2306 legis
477 2222 634 2305 prolatam
664 2223 856 2283 sententiam
883 2245 899 2282 a
923 2224 1053 2286 nemine
1092 2229 1245 2290 temerari

121 2331 214 2396 posse
244 2309 427 2371 credamusz
463 2305 596 2365 audacia
617 2315 723 2365 tamen
757 2307 1000 2388 transgressoris
1034 2315 1067 2368 et
1099 2331 1165 2371 non
1191 2333 1245 2374 re·

123 2392 312 2454 nerabiliter
348 2387 586 2464 conversantis,
628 2387 669 2449 sit
702 2387 736 2446 in
765 2387 828 2449 hoc
859 2388 971 2450 seculo
996 2389 1246 2472 ignominiosior

122 2474 249 2544 cunctis
275 2470 479 2546 hominibus,
510 2470 624 2532 etrite
654 2469 880 2533 illiuseodem
902 2471 937 2532 iu
965 2481 1109 2555 tempore
1131 2477 1244 2540 concis·

122 2558 196 2633 dat,
247 2575 314 2637 qao
345 2552 495 2614 sinistrae
537 2552 637 2632 partis
666 2573 829 2614 assensum
858 2553 894 2613 in
922 2563 987 2616 tam
1016 2555 1142 2616 nefaria
1168 2579 1244 2620 eum

120 2640 286 2712 voluntate
316 2633 507 2718 perduxerit
534 2634 720 2696 detestanda
751 2636 929 2700 temeritas:
964 2645 1155 2720 tantumque
1183 2642 1243 2703 ob·

123 2722 240 2784 noxius
263 2720 296 2778 in
318 2727 486 2778 aeternum
508 2728 711 2798 peccatorum
732 2718 817 2778 mole
839 2718 1041 2797 detineatur,
1069 2719 1103 2780 in
1135 2738 1245 2806 quan.

121 2814 191 2865 tum
212 2814 428 2883 transgressus
450 2799 551 2860 luerit
576 2799 657 2881 legis
679 2798 775 2860 buius
796 2801 925 2862 salubre
947 2803 1122 2871 decretum.
1173 2809 1242 2868 Fu·

122 2887 187 2949 turi
214 2886 309 2948 etiam
332 2881 488 2966 examinis
510 2882 655 2944 terribile
676 2904 752 2943 cnm
773 2882 912 2965 patuerit
933 2893 1078 2966 tempus,
1116 2896 1149 2948 et
1170 2911 1242 2951 me·

120 2970 265 3032 tuendus
278 2967 436 3028 adventus
453 2963 584 3026 Domini
604 2964 892 3042 fueritreseratus,
915 2966 1072 3028 discretus
1094 2991 1112 3028 a
1130 2969 1242 3033 Chris·

121 3054 210 3113 tiano
225 3071 320 3135 grege
341 3046 514 3131 perspicuo
527 3047 567 3106 ad
584 3047 705 3107 laevam
721 3067 794 3108 cum
806 3045 960 3110 Hebraeis
979 3059 1133 3112 exuratur
1153 3052 1241 3114 llam·

122 3136 183 3198 mis
203 3133 384 3209 atrocibus,
429 3130 602 3190 comitante
630 3129 691 3191 sibi
720 3130 865 3192 diabolo:
908 3140 943 3192 ut
977 3132 1079 3194 ultrix
1110 3134 1239 3198 flamma

121 3219 155 3280 in
175 3213 461 3300 transgressoribus
488 3222 618 3273 aeterna
634 3235 738 3294 poena
760 3212 941 3292 desaeviat,
964 3222 996 3278 et
1019 3215 1166 3298 locuples
1187 3239 1239 3281 re·

120 3302 303 3364 muneratio
326 3294 520 3360 Christianis
548 3295 734 3360 faventibus
762 3294 842 3358 hinc
862 3305 895 3358 et
917 3295 952 3357 in
981 3305 1150 3361 aeternnm
1178 3321 1239 3364 co·

117 3385 208 3471 piosa
226 3380 422 3474 proveniat.)

338 3523 343 3538 '
432 3517 506 3584 XV.
539 3539 600 3583 ras.
634 3539 700 3584 cns.
740 3538 827 3583 aens.
857 3539 926 3582 arx.

117 3641 167 3703 De
196 3637 366 3701 interdicto
400 3637 544 3698 omnibus
567 3634 778 3706 Christianis,
812 3653 849 3694 ne
885 3637 955 3716 quis
979 3635 1134 3698 Iudaeum
1161 3659 1237 3718 quo·

139 3745 257 3806 cunque
271 3723 416 3805 factione
445 3731 498 3780 aut
519 3718 638 3800 favore
660 3715 818 3776 vindicare
847 3730 899 3776 aut
918 3722 1001 3779 tueri
1014 3733 1214 3806 pertemptet,

199 3808 236 3865 Iu
262 3802 472 3866 conclusione
495 3799 638 3860 omnium
661 3799 902 3880 praeteritarum
926 3801 1051 3884 legum,
1082 3822 1165 3882 quae
1193 3804 1235 3865 ad

117 3888 349 3953 conterendam
385 3883 551 3967 perfidiam
589 3881 782 3941 ludaeorum
808 3891 872 3941 tam
907 3895 1014 3944 nostra
1047 3883 1233 3948 intentione

114 3995 212 4058 quam
242 3989 483 4053 praecessorum
515 3973 698 4025 nostrorum
728 3963 832 4024 studia
864 3965 1098 4042 decreverunt,
1131 3987 1230 4048 opor-

112 4057 174 4120 tuit
204 4054 288 4114 henc
317 4049 490 4112 novissime
528 4048 634 4130 legem
666 4046 706 4108 ed
738 4047 838 4107 robur
867 4048 1242 4128 soliditatis·adiicerc,'

113 4149 146 4202 et
177 4135 372 4218 competenti
407 4131 609 4192 munimento
642 4130 814 4212 praemissa
845 4151 885 4192 ex
918 4131 1033 4193 ordine
1067 4131 1230 4198 roborare.

111 4223 286 4304 Postquam
313 4216 401 4279 enim
423 4214 571 4277 dedimus
594 4232 699 4275 sacrae
720 4211 796 4274 fidei
814 4212 957 4296 profanis
978 4213 1122 4276 hostibus
1143 4235 1229 4276 com·
