2684 4868
147 253 223 334 tte
341 261 902 332 tee1sw1s1ooruoaunsn.v1.
921 264 990 324 nr.
1010 270 1057 326 tv.
1116 226 1119 231 ¹

148 424 181 480 et
202 413 303 476 alium
328 410 472 475 eiusdem
497 405 656 470 facultatis
683 415 715 470 et
738 407 846 470 meriti
874 429 1001 471 servum
1024 430 1100 471 eum
1122 411 1261 494 eodem,

146 497 281 583 proprio
308 494 438 556 domiuo
460 491 596 552 reddere
626 490 847 570 compellatur.
907 492 1001 569 Quod
1029 494 1056 572 si
1084 492 1125 554 de
1151 517 1250 578 supra

148 581 264 642 taxatis
285 575 432 658 capitulis
450 573 669 654 quodeunque
697 573 831 634 libertus
864 572 1004 655 ingenuo
1024 576 1129 637 facere
1157 599 1251 658 prae-

148 661 337 746 sumpserit,
366 677 425 739 pro
449 676 488 716 eo
518 655 607 737 quod
630 657 796 737 aequalem
824 665 939 717 statum
963 654 1078 734 habet,
1105 666 1139 718 et
1158 661 1248 740 quod

148 743 263 808 iecerit
287 739 436 804 similiter
460 738 494 798 iu
522 759 554 798 se
577 738 697 798 factum
722 737 879 821 recipiat,
908 748 942 799 et
962 748 1091 800 centum
1115 740 1247 826 insuper

147 827 348 912 flagellorum
360 822 440 884 ictus
462 829 613 898 extensus
627 821 771 904 accipiat.
813 820 909 898 Quod
934 821 960 881 si
974 821 1132 904 ingenuus
1149 824 1182 882 in
1203 825 1247 884 li·

148 911 239 974 berto
261 908 323 968 hoo
344 904 475 979 fecerit,
512 903 636 963 tertiam
665 913 787 984 partem
809 901 1072 984 compositionis,
1100 925 1180 986 quae
1206 907 1247 970 de

146 989 296 1075 ingenuis
320 987 516 1062 continetur,
537 985 698 1050 exsolvat.v
731 985 766 1045 Si
789 1006 900 1048 servus
920 1007 1048 1047 servum
1064 986 1166 1047 inscio
1189 987 1249 1048 do-

146 1076 234 1138 mino
259 1071 424 1133 decalvare
447 1068 515 1128 sire
536 1076 687 1128 truncare
711 1067 980 1152 praesumpserit,
1013 1078 1046 1130 et
1061 1069 1150 1152 quod
1171 1069 1252 1132 fecit

144 1154 306 1242 patiatur,
338 1161 369 1212 et
394 1160 524 1211 centum
550 1148 687 1232 flagellis
714 1149 843 1232 publice
869 1150 1068 1213 verberetur.
1109 1151 1142 1213 Si
1171 1174 1251 1213 vero
1334 1223 1336 1226 ¹

145 1258 256 1301 servus
282 1234 413 1296 domino
441 1230 604 1293 nesciente
632 1231 810 1314 ingenuum
833 1233 1109 1316 comprehendere
1129 1233 1181 1295 vel
1207 1235 1252 1295 li·

146 1341 221 1403 gare
249 1314 515 1403 praesumpserit,
546 1313 694 1375 ducentis
720 1313 849 1396 publice
883 1316 1074 1378 verberetur
1103 1313 1251 1398 flagellis»

146 1401 244 1484 Quod
265 1400 292 1462 si
316 1419 390 1462 cum
417 1395 540 1458 domiui
562 1396 729 1458 voluntate
750 1419 863 1460 servus
882 1397 944 1460 hoc
963 1399 1089 1476 fecerit,
1108 1397 1177 1482 ipse
1195 1399 1253 1460 do·

143 1478 252 1548 minda
285 1479 491 1555 tantundem,
538 1487 570 1540 et
593 1499 730 1561 poenam
754 1487 786 1540 et
818 1481 948 1558 damna,
977 1502 1058 1562 quae
1088 1481 1128 1541 de
1155 1481 1250 1565 inge·

143 1567 220 1629 nuis
243 1565 277 1626 in
300 1564 361 1625 hae
384 1562 456 1645 lege
483 1568 656 1639 tenentur,
687 1561 848 1644 suscipiat.
890 1561 1057 1646 Ingenuus
1083 1573 1191 1625 autem
1221 1563 1251 1626 si

86 1651 87 1658 '
142 1670 271 1713 servum
294 1646 437 1708 alienum
457 1641 606 1724 ligaverit
627 1643 843 1723 innocentem,
870 1644 925 1706 det
947 1646 1078 1706 domiuo
1096 1646 1182 1707 servi
1195 1667 1249 1708 so-

142 1732 229 1794 lidos
257 1742 332 1794 tres.
371 1729 451 1789 Nam
471 1727 497 1786 si
520 1744 630 1787 servus
654 1747 782 1787 servum
808 1726 958 1810 ligaverit
985 1721 1249 1810 absqueffvolun-

140 1824 208 1877 tate
232 1810 355 1876 domini
381 1809 450 1886 sui,
474 1816 604 1872 centum
628 1805 762 1891 flagellis
784 1810 915 1892 publice
939 1810 1170 1877 verberabitur.
1212 1810 1248 1870 Si

143 1905 230 1960 certe
257 1891 385 1956 conscio
411 1890 540 1951 domino
561 1912 618 1951 suo
639 1910 750 1952 servus
770 1891 833 1953 hoc
858 1892 1030 1971 admiserit,
1051 1893 1139 1955 idem
1160 1893 1247 1956 servi

143 1978 293 2042 dominus
321 1986 385 2036 tres
415 1971 528 2034 itidem
558 1972 677 2034 solidos
699 1995 891 2057 componere
918 1975 1160 2059 compellendus
1190 1985 1247 2039 est.

141 2061 264 2123 Tamen
294 2056 321 2119 si
355 2056 516 2138 ingenuus
541 2075 670 2117 servum
703 2054 854 2128 alienum¹
876 2056 1085 2120 innocentem
1121 2057 1174 2119 die
1209 2079 1248 2119 ae

141 2152 238 2206 nocte
259 2141 293 2202 in
315 2137 460 2200 custodia
481 2135 672 2215 detinuerit,
693 2159 753 2220 pro
781 2160 847 2200 uno
876 2139 928 2201 die
954 2149 1018 2202 tres
1042 2139 1183 2218 solidos,
1214 2151 1248 2204 et

140 2247 201 2310 pro
229 2245 294 2288 una
319 2231 414 2282 nocte
443 2217 590 2280 similiter
611 2228 674 2280 nes
705 2219 825 2283 solidos
851 2221 981 2283 domino
1005 2222 1248 2306 servieompo-

141 2319 220 2369 nats
250 2314 283 2368 et
306 2303 333 2368 si
356 2301 547 2385 perplures
569 2299 637 2362 dies
659 2301 695 2363 id
722 2324 832 2366 servus
853 2304 892 2363 ab
920 2304 1062 2386 ingenuo
1089 2304 1247 2369 innocens

138 2388 309 2474 pertulisse
330 2383 546 2466 convincitur,
560 2384 695 2446 eandem
715 2386 813 2446 trium
833 2387 1010 2449 solidorum
1022 2408 1175 2461 summam
1188 2411 1248 2471 per

138 2471 284 2554 singulos
313 2468 381 2530 dies
407 2488 444 2527 ac
472 2475 583 2528 noctes
604 2465 707 2542 isdem
735 2467 896 2552 ingenuus
924 2469 1008 2531 servi
1039 2471 1170 2532 domino
1192 2493 1244 2532 co·

139 2564 230 2616 aetus
257 2551 411 2614 exsolvat.
459 2546 626 2630 Ingenuus
651 2571 744 2627 sane,
761 2551 800 2617 ¹si
821 2573 950 2616 servum
971 2550 1114 2614 alienum
1139 2554 1244 2632 fuste,

139 2645 195 2698 aut
216 2633 357 2717 flagello,
378 2631 430 2692 vel
451 2629 599 2712 quolibet
617 2631 683 2693 ictu
705 2631 877 2715 indignans
893 2635 1097 2717 percusserit,
1119 2643 1155 2695 ut
1171 2659 1245 2697 san-

140 2718 211 2802 guis
235 2728 268 2779 et
296 2716 381 2777 livor
401 2722 568 2796 appareat,
598 2714 820 2798 persingulas
848 2714 1073 2799 percussiones
1099 2716 1245 2801 singulos

138 2801 259 2863 solidos
284 2796 415 2860 domiuo
437 2795 522 2857 servi
547 2798 725 2878 persolvat:
748 2807 802 2858 aut
830 2799 856 2860 si
875 2799 980 2880 gravis
1000 2799 1164 2882 percussio
1180 2802 1251 2863 fon.
1291 2865 1295 2871 ,

136 2891 217 2946 tasse
239 2879 391 2966 patuerit,
411 2898 586 2960 perquam
607 2888 662 2940 aut
682 2890 817 2959 mortem
838 2881 1168 2944 autvdebilitationem
1186 2883 1244 2966 qui

138 2986 309 3051 percussus
331 2971 378 3032 est
399 2959 549 3022 videatur
570 2962 748 3050 incurrere,
768 2973 927 3045 quantum
945 2985 1004 3048 pro
1025 2964 1081 3024 tali
1102 2984 1139 3026 re
1154 2958 1243 3026 'com-

138 3067 261 3133 ponere
290 3045 415 3121 debeat,
436 3043 552 3106 iudicis
575 3043 752 3106 aestimatio
777 3056 997 3130 competenter
1016 3045 1172 3128 inspiciat.
1207 3047 1243 3108 si

138 3151 217 3194 vero
236 3149 346 3193 servus
367 3126 401 3187 in
423 3146 518 3187 servo
538 3126 616 3187 tatia
635 3127 761 3205 feeerit,
776 3128 927 3212 idemque
949 3129 1048 3190 iudex
1070 3130 1243 3190 constituat

139 3223 297 3295 quantum
318 3209 371 3274 vel
393 3230 411 3267 a
432 3229 524 3292 servo
549 3209 603 3269 vel
625 3208 664 3269 ab
685 3210 754 3272 eius
775 3211 924 3289 domino,
946 3211 1037 3272 iuxta
1055 3211 1168 3274 livoris
1190 3211 1243 3275 vel

161 3299 305 3378 lagarum
325 3290 530 3374 qualitatem,
556 3291 661 3353 media
681 3313 754 3376 pars
775 3293 816 3354 de
840 3293 990 3377 ingenuis
1013 3295 1162 3378 componi
1184 3293 1244 3356 de-

137 3318 222 3442 beat.
260 3378 379 3439 Servus
406 3383 512 3434 tamen
539 3394 599 3456 pro
622 3374 882 3457 praesumptione
903 3398 960 3437 sua
985 3377 1021 3443 L.
1041 3375 1170 3459 flagella
1192 3397 1244 3437 ex-

119 3470 249 3524 tensus
268 3457 413 3540 accipiat.
456 3457 576 3518 Omnes
603 3465 710 3517 autem
734 3458 913 3519 sententiae
938 3458 1018 3540 legis
1046 3458 1143 3520 huius
1180 3469 1243 3519 tam

140 3543 176 3604 iu
197 3541 285 3619 viris,
307 3560 403 3623 quam
423 3536 456 3598 iu
485 3539 636 3599 foeminis
662 3539 879 3601 observandae
901 3548 995 3602 sunt:
1026 3540 1070 3601 ita
1096 3550 1131 3601 ut
1152 3541 1242 3624 eapi-

139 3625 220 3702 tula,
233 3643 326 3706 ¹quae
347 3622 381 3680 in
402 3621 464 3681 hac
485 3623 556 3703 lege
578 3621 632 3682 vel
654 3621 688 3680 in
710 3622 781 3683 aliis
802 3623 926 3705 legibus
946 3622 987 3683 ad
1008 3623 1176 3684 arbitrium
1195 3625 1242 3683 iu·

139 3705 221 3768 dicis
241 3711 456 3780 reservantur,
473 3704 542 3766 eius
558 3702 707 3764 instantia
729 3704 878 3766 celeriter
898 3706 1123 3771 terminentur.
1144 3705 1242 3785 Quod

138 3789 166 3850 si
188 3787 285 3848 iudex
305 3784 443 3845 amicitia
465 3794 632 3868 corruptus
647 3786 699 3846 vel
719 3787 869 3869 praemio,
885 3788 974 3849 iuxta
989 3789 1243 3851 aestimationem
1269 3825 1271 3830 .

129 3870 189 3932 ‘rei
211 3870 345 3932 liberare
369 3867 567 3948 neglexerit,
590 3890 695 3950 neque
719 3871 872 3932 continuo
901 3871 1125 3936 ulciscendum
1146 3872 1242 3932 insti-

139 3952 256 4030 tuerit,
282 3949 447 4012 iudiciaria
468 3950 613 4031 protinus
634 3960 803 4034 postestate
824 3953 988 4035 privatus,
1019 3957 1059 4017 ab
1080 3957 1241 4039 Episcopo

139 4035 193 4098 vel
219 4035 309 4096 Duce
338 4032 516 4108 districtus,
546 4032 598 4092 illi
629 4056 726 4116 quem
758 4036 939 4100 admonitus
969 4038 1132 4101 vindicare
1160 4061 1242 4100 cou-

139 4116 285 4200 tempsit,
320 4115 497 4178 secundum
516 4116 603 4196 quod
624 4116 722 4178 iidem
741 4118 963 4202 inspexerint,
991 4123 1080 4183 iuxta
1100 4130 1243 4185 contem·

140 4201 315 4286 piationeus
329 4199 369 4264 de
384 4198 533 4262 facultate
548 4200 682 4284 propria
702 4221 893 4286 componere
909 4207 1140 4292 compellatur:
1160 4225 1241 4290 qua·
