2632 4822
493 287 624 368 tusus
651 283 779 341 meurs
830 307 833 311 ·
1133 267 1207 346 829
1250 360 1255 376 ι

89 433 211 498 situlis
229 429 328 494 homo
348 430 471 525 fuerit,
487 429 545 514 qni
567 449 633 490 non
659 425 777 488 habeat
798 424 886 490 unde
910 414 1214 527 componereupos·¹

89 517 149 595 sit,
180 515 316 598 accipiat
335 513 569 596 {disciplinam
600 519 641 572 ut·
665 509 851 572 emendatus
867 509 938 590 fiat,
967 521 1000 574 ct
1021 523 1058 575 ut
1081 514 1138 574 alu
1161 518 1207 582 l'ae

65 676 66 681 η
90 619 164 662 cere
192 598 256 660 hoe
279 617 345 660 non
368 604 580 678 praesumant.
631 594 655 652 1.
681 593 728 659 18.
750 613 778 657 a.

128 682 131 689 '
159 698 238 742 sonu.
274 681 355 732 Petre
377 685 406 730 tc
430 679 551 748 appellat
572 677 725 738 Martinus,
756 691 805 746 qur
832 682 873 728 cst
890 673 1045 732 Advocasus
1072 679 1106 730 de
1130 685 1208 750 parte

88 750 215 813 Publica,
231 749 306 820 quod
323 756 355 801 tu
375 747 481 811 fecisti,
507 750 553 802 vel
574 749 698 798 Donatus
715 745 782 798 fecit
799 745 993 799 adunationem
1010 767 1073 802 cum
1092 758 1210 819 quatuor

88 821 247 874 hominibus
271 827 365 871 contra
388 826 466 871 tuum
485 815 770 881 Comitem'dicend03
798 815 873 885 quod
891 818 1059 871 voluntatem
1079 821 1135 870 eius
1152 835 1210 871 non

52 953 55 960 ⁴
89 891 204 954 faceres,
223 891 268 944 vel
281 888 392 952 iaceret,
412 905 494 958 qnam
508 888 560 941 tib1
577 888 621 942 vel
639 885 690 937 sibi
709 895 784 938 recte
801 885 920 939 dicebat.
956 889 991 940 Et
1002 898 1033 942 tu
1052 890 1126 941 fuisti
1146 906 1210 942 cum

35 1003 41 1012 .
90 962 161 1031 ipso,
181 961 227 1014 vel
243 959 319 1013 fuisti
334 959 363 1009 in
386 961 484 1028 capite.
521 960 599 1010 Petro
617 957 714 1009 Comes
737 965 765 1009 te
783 957 904 1025 appellat
921 959 1056 1011 Martinus
1072 969 1138 1012 tuus
1152 960 1212 1011 Eri·

91 1048 218 1094 mannus,
243 1030 319 1099 qnod
342 1029 400 1099 ipso
419 1029 578 1081 reclamavit
600 1043 628 1078 se
652 1026 689 1080 ad
706 1035 750 1090 te,
775 1026 851 1096 quod
870 1035 903 1078 tu
927 1027 1029 1082 faceres
1056 1029 1109 1082 sihi
1131 1029 1212 1084 iusti·

37 1137 43 1144 ·
92 1101 160 1154 tiam
182 1101 217 1151 de
239 1100 359 1161 Donato,
379 1098 428 1169 qni
453 1096 574 1150 hahebat
594 1097 715 1148 occisum
733 1114 813 1148 suum
833 1105 948 1166 patrem,
968 1109 996 1152 et
1013 1107 1045 1152 tu
1069 1095 1211 1154 attendisti

94 1171 130 1224 ad
147 1169 315 1241 praemium,
341 1178 370 1221 et
390 1185 446 1220 non
464 1168 555 1222 fecisti
578 1166 630 1219 sibi
651 1165 794 1219 iustitiam.

176 1239 252 1305 Vll.
294 1239 330 1300 Si
344 1237 423 1320 'quis
445 1259 587 1299 caussam
605 1237 737 1298 alterius
754 1256 861 1318 agere,
883 1246 938 1297 aut
956 1259 1101 1300 caussare
1119 1261 1211 1322 prae·

93 1323 255 1400 sumserit,
276 1322 311 1381 in
333 1320 515 1403 praesentia
534 1319 650 1402 Regis,
680 1330 736 1392 aut
757 1318 878 1381 Iudicis
905 1317 1059 1404 (excepto
1080 1322 1107 1383 si
1128 1325 1211 1402 Rex,

53 1473 56 1479 ,
93 1414 149 1468 aut
169 1404 275 1472 Iudex
296 1403 326 1464 ei
349 1401 512 1464 licentiam
535 1401 679 1478 dederit)
700 1402 740 1463 de
762 1402 886 1479 viduis,
906 1413 962 1462 unt
983 1404 1022 1464 de
1046 1405 1211 1487 orphanis,
1235 1445 1238 1450 ι

93 1498 149 1549 aut
170 1488 209 1548 de
230 1485 289 1547 tali
302 1485 447 1563 homine,
466 1485 523 1566 qui
541 1505 682 1546 caussam
697 1505 896 1566 suani-agere
918 1506 983 1546 non
1000 1496 1117 1568 potest,
1129 1509 1215 1550 com·

91 1579 191 1655 ponat
210 1567 374 1649 widrigild
389 1589 494 1646 suum,
513 1567 656 1629 medium
677 1567 757 1648 Regi
781 1576 812 1627 et
826 1565 967 1628 medium
982 1579 1094 1631 contra
1112 1592 1211 1652 quem

12 1699 13 1702 η
92 1652 259 1716 caussavit.
297 1652 339 1712 Et
352 1650 379 1711 si
395 1649 661 1731 forsitanaliquis
676 1669 734 1730 per
751 1650 989 1732 simplicitatem
1010 1674 1099 1712 suam
1122 1675 1211 1716 caus·

92 1757 158 1798 sam
171 1755 264 1815 agere
277 1733 390 1811 nescit,
413 1731 523 1794 veniat
543 1733 584 1793 ad
599 1732 754 1814 placitum
765 1740 818 1806 m).
840 1734 882 1792 Et
902 1736 929 1793 si
940 1734 1021 1812 Rex,
1039 1745 1093 1796 aut
1107 1735 1212 1798 ludex

66 1839 68 1842 ·
92 1817 303 1901 praeviderit,
312 1815 399 1896 quod
414 1815 531 1877 veritas
541 1816 593 1892 sit,
606 1824 683 1875 tunc
698 1815 812 1875 debeat
827 1815 903 1875 dare
918 1814 948 1875 ei
961 1815 1137 1896 hominem,
1151 1816 1209 1901 qui

94 1920 237 1961 caussam
258 1897 357 1980 ipsius
373 1907 453 1979 agat.
486 1899 566 1958 Nam
579 1896 605 1958 si
626 1897 726 1957 iudex
746 1906 856 1958 contra
869 1896 933 1960 hoc
949 1903 1149 1961 consenserit
1166 1906 1210 1980 n),

94 1981 238 2063 exceptis
259 1979 294 2038 in
315 1979 365 2041 his
388 1978 557 2062 Capitulis,
578 1987 611 2040 et
633 2001 697 2039 non
726 1979 932 2057 emendavit,
956 1990 988 2041 et
1010 1983 1078 2065 ipse
1100 1983 1213 2044 simili·

25 2076 28 2080 ’
96 2073 146 2126 ter
173 2071 345 2144 componat
375 2062 540 2144 widrigild
567 2083 661 2123 suum
691 2061 725 2121 in
755 2062 878 2123 Palatio
905 2063 1011 2144 Regis.
1053 2065 1088 2126 Si
1122 2065 1212 2128 enim

120 2145 285 2227 uicunqne
309 2145 394 2205 liber
421 2143 518 2206 homo
548 2144 581 2204 in
604 2144 736 2206 servitio
767 2144 807 2206 de
839 2144 995 2206 Gasindio
1030 2147 1127 2230 Regis
1156 2155 1212 2209 aut
1234 2189 1256 2214 ,-

95 2168 138 2290 le
160 2227 230 2290 eius
252 2226 401 2288 fidelibus
422 2226 594 2304 introierit,
617 2235 650 2288 et
679 2226 705 2288 si
731 2226 834 2287 Iudex
856 2226 896 2288 de
920 2221 987 2288 sub'
1009 2250 1075 2309 quo
1095 2231 1209 2304 fuerit,

96 2310 207 2371 dolose
230 2330 304 2370 eum
324 2309 507 2391 opprimere
529 2308 707 2385 curaverit,
741 2331 800 2391 pro
822 2328 861 2369 eo
883 2310 972 2392 quod
994 2311 1061 2394 ipse
1084 2311 1118 2378 in
1139 2334 1210 2375 ser·

94 2391 174 2454 vitio
197 2392 329 2454 alterius
351 2391 515 2469 introivit,
548 2400 580 2453 et
608 2413 667 2472 per
688 2392 791 2472 ipsum
813 2391 925 2452 dolum
953 2393 1068 2456 illicite
1097 2405 1210 2458 contra

95 2474 203 2557 ipsum
224 2474 435 2551 iudicaverit,
456 2483 511 2534 aut
531 2473 663 2534 forsitan
685 2475 724 2535 ah
747 2473 816 2558 ipso
839 2475 953 2536 ludice
975 2498 1033 2538 suo
1055 2477 1209 2540 iustitiam

65 2617 69 2626 ,
95 2579 185 2618 suam
206 2556 356 2619 invenire
384 2577 450 2616 uon
481 2555 643 2637 potuerit,
672 2566 750 2617 tunc
782 2565 952 2641 componat
973 2558 1096 2638 Iudex,
1124 2560 1210 2624 sicut

61 2673 64 2679 ·
95 2659 193 2721 supra
212 2639 268 2700 lex
291 2647 347 2701 est.
389 2639 432 2699 Et
452 2637 509 2708 ille
531 2639 565 2698 in
588 2637 679 2700 cuius
702 2639 858 2720 obsequio
879 2649 944 2719 est,
965 2639 1082 2702 habeat
1104 2643 1210 2706 licen·

95 2721 172 2781 tiam
194 2742 337 2783 caussam
358 2721 428 2782 eius
450 2742 556 2804 agere,
579 2729 611 2781 et
632 2722 797 2804 usquead
817 2724 924 2805 legem
944 2725 1140 2806 perducere;
1163 2728 1210 2790 sic

95 2811 222 2882 tamen,
253 2814 290 2863 nt
318 2814 412 2864 autea
431 2805 526 2880 vadat
545 2803 584 2864 ad
615 2801 775 2866 Iudicium
796 2804 836 2866 de
865 2799 1083 2886 Iudicesuo,
1112 2819 1150 2870 ut
1169 2809 1209 2872 ab

68 2959 70 2962 Ι
96 2885 342 2970 ipsosuscipiat
362 2885 516 2964 iustitiam
537 2905 634 2946 suum.
676 2887 720 2951 ΙΙ,
741 2887 790 2950 52.
820 2908 843 2952 ι.

164 2985 244 3020 sonu.
280 2971 359 3035 Petne
379 2976 408 3020 te
431 2986 444 3018 a
465 2968 552 3037 pellat
568 2966 717 3032 Martinus,
737 2973 813 3039 quod
834 2977 865 3022 tu
890 2969 979 3024 fecisti
998 2989 1081 3023 unam
1099 2973 1212 3045 plagam

97 3035 127 3088 in
152 3037 242 3106 capite
265 3038 299 3089 ad
320 2986 520 3107 Marculplum.
569 3038 612 3088 Da
626 3040 706 3090 vadia
735 3040 775 3090 de·
796 3039 975 3106 Widrigildo,
1006 3042 1071 3111 quia
1098 3050 1130 3094 tu
1154 3043 1210 3109 agis

99 3123 219 3159 caussam
238 3108 358 3160 alterius.
391 3109 447 3159 Aut
464 3107 561 3189 probet
584 3108 660 3176 quod
675 3109 727 3160 sibi
751 3109 786 3162 sit
807 3109 873 3162 data
894 3111 986 3172 actio,
1009 3118 1041 3162 ut
1062 3121 1210 3184 componat

97 3175 251 3240 Widrigild
288 3177 316 3228 Si
338 3185 428 3228 autem
447 3177 559 3228 dixerit:
581 3178 634 3228 iste
655 3187 695 3230 est
717 3177 842 3248 simplex,
866 3189 914 3232 aut
934 3179 1084 3249 orphanus,
1110 3183 1210 3237 autvi—
1256 3203 1258 3208 ’

99 3245 163 3296 dira.
199 3247 234 3298 Et
254 3246 350 3298 Comes
371 3246 448 3298 dedit
468 3246 535 3297 mihi
556 3246 710 3313 licentiam3
736 3257 784 3299 aut
802 3247 909 3316 probet,
933 3257 981 3301 aut
1002 3251 1130 3304 emendet
1149 3253 1210 3306 Wi-

99 3317 205 3383 drigild.
240 3317 318 3369 Petro
338 3316 433 3367 Comes
449 3323 478 3367 tc
500 3317 621 3386 appellat
643 3317 792 3379 Martinus,
815 3318 891 3386 quod
916 3319 1041 3371 Donatus
1064 3321 1118 3386 egit
1141 3323 1211 3376 alts-

97 3388 154 3440 rius
177 3402 298 3438 caussam
319 3393 414 3436 contra
431 3401 459 3436 se
476 3385 505 3436 in
526 3393 575 3436 tua
593 3386 754 3455 praesentia,
775 3395 803 3438 et
817 3404 874 3439 non
893 3390 1054 3452 emendasti,
1074 3398 1209 3446 ettamen

99 3455 259 3510 consensisti
281 3472 330 3525 pro
349 3469 384 3507 eo‘
405 3470 492 3521 agere,
516 3463 544 3507 et
566 3472 621 3506 non
647 3464 704 3507 erat
726 3456 819 3517 vidua,
849 3473 901 3509 nec
922 3457 1058 3529 orphanus
1079 3462 1147 3530 ipse,
1174 3463 1208 3517 dc

101 3525 178 3579 cuius
200 3543 293 3578 caussa
321 3523 418 3590 agebat
437 3539 490 3575 nec
517 3524 589 3587 talc,
622 3525 669 3594 qui
693 3521 845 3577 beneno'n
872 3530 957 3597 possit
978 3545 1098 3582 caussam
1121 3550 1207 3587 suam.

98 3598 177 3648 Pctre
197 3596 294 3647 Comes
317 3603 346 3646 te
364 3592 485 3664 appellat
503 3595 645 3656 Martinus,
664 3595 739 3666 quod
756 3605 901 3668 postquam
921 3599 996 3670 quod
1015 3599 1074 3671 ipse
1096 3601 1209 3662 intravit

96 3664 126 3716 in
146 3664 268 3731 gasindio
283 3664 374 3730 Regis,
388 3662 517 3716 iudicasti
539 3663 564 3715 ei
586 3663 694 3725 illicite.
724 3717 727 3722 ,
1232 3711 1234 3716 .

180 3735 276 3800 Vlll.
319 3734 468 3794 Relatum
498 3741 546 3793 est
571 3743 615 3812 o)
639 3733 731 3795 nobis
761 3734 849 3816 quod
876 3744 952 3798 sunt
981 3737 1086 3820 aliqui
1113 3740 1206 3822 pravi
1291 3769 1293 3776 ¹

96 3816 260 3896 homines,
282 3816 340 3900 qui
365 3815 557 3878 submittunt
583 3816 618 3877 in
640 3816 799 3878 Palatium
819 3817 860 3880 ad
881 3828 1027 3882 nostrum
1046 3831 1208 3892 secretum

99 4065 102 4072 .
167 4039 209 4101 m)
224 4038 271 4089 stt.
291 4035 376 4088 codd.
384 4034 531 4103 palatium.
603 4031 633 4101 n)
652 4033 693 4086 tt
713 4032 802 4089 Codd.
820 4034 906 4090 iudex
922 4037 974 4092 lsoc
992 4045 1171 4096 conseruerit.

98 4111 130 4175 o)
155 4106 245 4160 Editio
265 4104 406 4158 Muratorii
426 4106 564 4161 antehoc
589 4104 740 4174 capitulum
766 4105 843 4158 aliud
862 4109 980 4179 recepit,
1007 4113 1082 4181 quod
1102 4122 1204 4182 tamen,

97 4184 130 4226 ut
148 4175 206 4244 ipse
224 4176 338 4238 fatetur,
360 4175 389 4225 in
410 4192 464 4227 uuo
487 4184 595 4231 tantum
617 4175 719 4228 Codice
741 4175 857 4243 legitur,
882 4195 944 4232 cum
960 4197 1016 4232 non
1041 4182 1092 4234 nisi
1112 4184 1206 4240 subss-

98 4246 208 4315 queutis
225 4246 292 4312 legis
316 4245 507 4318 compendium
528 4259 556 4304 et
579 4246 677 4301 titulus
699 4262 756 4299 esse
779 4246 910 4318 videatur.
953 4249 1083 4319 Nimirum
1100 4253 1156 4309 ita:
