2632 4822
139 258 215 335 822
444 267 662 326 eluctatam
697 267 826 322 utenti
863 267 928 324 Lm.
945 269 994 325 vl.

139 429 173 564 pt
200 415 258 562 {¹3¹⁰
285 411 344 494 qni
371 432 444 474 eam
464 406 761 495 comprehenderit,
783 406 825 470 sit
846 408 1013 474 abnuimus
1034 433 1055 473 a
1078 411 1191 497 culpa.

157 551 166 570 .
192 524 203 562 ι
229 521 290 580 ,7.

208 599 291 635 ross.
333 578 412 630 Petre
430 582 460 629 te
479 575 605 646 appellat
622 574 775 636 Martinus,
794 547 870 643 qnod
886 573 946 646 ipse
963 576 1077 631 invenit
1095 593 1183 632 unam
1196 584 1265 632 tuan

138 651 334 712 mundoaldam
351 647 537 700 ambulantem
562 663 611 718 per
627 661 755 716 campum
773 661 853 697 suum
870 647 1038 700 seminatum
1067 659 1098 703 ct
1122 648 1264 702 facientem

138 725 288 844 dusnrpptpr
307 796 335 840 te
355 785 476 907 appellat
493 785 645 848 Martinus,
666 783 741 856 qnod
759 793 790 836 tu
807 783 936 838 invenisti
954 787 1076 840 Mariam
1095 805 1175 840 suam
1193 805 1264 840 muu-

139 862 267 915 doaldam
286 858 367 911 ambu
382 865 474 908 antem
499 872 548 925 per
574 871 699 925 eampum
729 862 808 906 tuum
834 856 999 910 seminatum
1033 867 1065 910 et
1095 857 1263 912 indicantem

138 934 219 986 viam.
255 931 291 982 Et
307 937 340 980 ιιι
364 925 473 978 minasti
498 925 609 978 eumad
634 941 724 978 casam
747 932 824 976 tuam
844 924 963 992 ligatam.
1009 928 1086 980 Nou.
1134 929 1189 982 Vel
1208 929 1262 980 feci.

1309 635 1313 662 i

139 1001 176 1056 Et
192 1012 224 1055 tu
243 997 332 1054 fecisti
361 1013 420 1050 eam
440 995 479 1047 ire
504 1003 564 1046 astu
580 994 662 1048 animi
675 1011 725 1066 per
741 994 862 1048 laborem
885 1013 985 1051 meum.
1028 998 1134 1062 iuret,
1162 1007 1195 1052 ut
1222 999 1261 1050 lex
1311 1027 1314 1076 ι

141 1081 199 1134 est,
223 1070 268 1122 vel
286 1066 384 1138 perdat
403 1064 635 1134 compositionem.

216 1140 297 1194 Petre
314 1147 343 1189 te
362 1135 484 1206 appellat
501 1135 645 1197 Martinus,
664 1134 739 1204 qnod
755 1135 814 1205 ipse
830 1133 937 1188 invenit
952 1134 1073 1188 Mariam
1091 1143 1175 1188 tuam
1193 1153 1263 1188 mnn-

144 1207 273 1262 doaldam
292 1206 432 1258 ambulare
449 1222 498 1273 per
515 1220 642 1274 campum
659 1223 737 1257 snum
755 1206 933 1266 seminatum,
960 1213 988 1256 et
1015 1204 1175 1258 facientem
1192 1207 1262 1260 viam.
1312 1211 1314 1226 ⁵

209 1280 287 1331 Petre
304 1285 334 1328 te
353 1275 474 1345 appellat
491 1273 636 1334 Martinus,
655 1275 731 1344 quod
750 1284 781 1328 tu
806 1273 933 1328 invenisti
952 1274 1072 1327 Mariam
1091 1293 1174 1326 suam
1193 1294 1263 1326 mnu·
1312 1279 1314 1324 i

139 1349 268 1402 doaldam
296 1343 482 1398 ambulantem
506 1361 555 1414 per
582 1361 708 1414 campum
732 1353 811 1398 tuum
838 1344 1021 1410 seminatum,
1050 1351 1081 1398 et
1101 1353 1138 1398 tu
1162 1346 1262 1398 minssti
1312 1347 1314 1396 ἱ

140 1435 201 1474 eam
219 1417 255 1470 ad
272 1433 362 1470 casam
379 1423 455 1468 tuam
472 1414 591 1480 ligatam.

223 1517 381 1583 CXLVII.
424 1513 580 1595 (XCIV.)
621 1516 657 1578 Si
684 1515 908 1613 cuiuscunque
928 1526 1130 1580 serrnsant
1152 1517 1261 1595 aldius,

141 1603 262 1668 ancilia
283 1608 339 1663 ant
361 1599 457 1674 aldis,
477 1599 512 1659 in
535 1599 622 1660 furto
643 1598 868 1683 comprehense
888 1600 1024 1678 inerint,
1048 1611 1084 1663 et
1114 1600 1261 1661 dominns

141 1705 255 1750 eornm
276 1681 460 1767 neglexerit
482 1702 536 1743 eos
558 1681 707 1757 liberare,
732 1690 763 1744 et
784 1701 886 1764 nsque
908 1681 948 1742 ad
969 1682 1040 1744 dies
1068 1681 1186 1744 XXX.
1214 1705 1261 1744 eos
1313 1673 1314 1702 ³

141 1766 330 1842 dimiserit,
364 1765 429 1826 sint
454 1763 601 1846 iegangi:
629 1771 662 1826 et
693 1762 810 1825 hebeat
836 1785 890 1826 eos
922 1763 956 1824 in
988 1773 1198 1828 transactum
1218 1762 1259 1848 a),

141 1851 195 1916 eui
218 1851 342 1910 furtum
362 1845 520 1922 iecerint,
550 1857 582 1907 et
603 1855 774 1929 componat
796 1855 906 1928 postea
926 1846 960 1906 in
987 1847 1099 1929 ipsum
1129 1849 1261 1924 furtum,

140 1935 226 2000 sient
251 1931 306 1992 lex
333 1936 398 2006 eet,
421 1936 456 1991 et
478 1928 631 1990 Edictum
652 1930 808 1990 eontinet.
891 1929 916 1994 1.
938 1930 987 1991 25.
1009 1930 1064 2011 59.

209 2031 289 2067 ross.
328 2014 408 2066 Petro
425 2019 454 2064 te
474 2012 596 2080 appellat
607 2010 749 2074 Martinus,
770 2012 845 2081 quod
858 2019 888 2064 tu
905 2020 984 2064 tenes
995 2011 1050 2062 sibi
1070 2012 1261 2066 Marcoardun:

141 2103 220 2138 suum
238 2101 354 2145 servum,
373 2089 421 2134 aut
440 2082 561 2133 Marcum
579 2091 659 2134 tuum
678 2081 788 2134 aldium.
826 2082 1005 2142 lueremus,
1027 2099 1115 2152 quem
1135 2092 1168 2135 tu
1188 2084 1260 2146 dicis,

141 2164 189 2208 aut
208 2154 307 2218 aldins,
326 2169 402 2204 meus
422 2159 469 2202 est.
506 2151 580 2220 Quid
599 2151 650 2204 tibi
670 2150 812 2221 pertinet?
848 2153 903 2218 Ego
921 2151 1122 2221 comprehendi
1143 2172 1206 2206 eunr
1222 2172 1263 2204 su·

138 2233 294 2298 pertentas
312 2239 385 2274 meas
403 2238 455 2282 res,
475 2221 626 2291 quaemihi
646 2221 744 2274 furtive
764 2220 898 2287 tollebat,
918 2238 990 2294 quae
1008 2222 1149 2275 valebant
1168 2224 1214 2274 sol.
1233 2223 1262 2274 Χ.

141 2295 170 2348 si
188 2293 337 2360 negaverit,
358 2291 433 2362 quod
449 2308 504 2342 non
530 2291 633 2344 furatus
653 2299 709 2358 est;
736 2289 771 2344 sit
788 2290 901 2342 bellum.
939 2290 967 2342 Si
993 2290 1116 2345 dixerit:
1140 2310 1205 2348 vere
1221 2300 1264 2344 tn·

139 2365 184 2429 lit,
204 2374 232 2417 et
249 2363 335 2416 reddo
350 2362 402 2418 tibi
421 2377 463 2412 res
481 2370 551 2424 tuas,
564 2361 636 2415 sicut
654 2363 700 2412 lex
718 2370 777 2422 est,
798 2369 825 2412 et
842 2360 925 2414 redde
943 2359 1010 2413 mibi
1030 2369 1263 2415 servum‘meum:

140 2435 171 2488 Si
201 2435 357 2503 appellatus
385 2431 511 2483 dixerit:
544 2432 673 2498 recolligo
698 2445 740 2481 res
773 2447 873 2494 meas,
907 2431 954 2482 sed
985 2447 1043 2482 non
1072 2432 1192 2484 reddam
1216 2431 1264 2484 tibi

139 2519 248 2556 servum
272 2511 366 2564 tuum,
392 2510 441 2553 aut
465 2501 568 2552 aldium
593 2510 689 2564 tuum,
716 2499 782 2569 quia
808 2501 866 2554 XX.
895 2499 952 2552 dies
970 2501 1164 2566 transierunt,
1193 2509 1221 2553 et
1235 2509 1264 2552 tu

140 2572 260 2626 habuisti
279 2571 479 2637 neglegentiam
496 2571 671 2636 recolligere:
690 2569 827 2639 approbet.
864 2571 893 2622 Si
910 2588 967 2621 non
983 2572 1129 2639 potuerit:
1157 2572 1265 2624 idoneet

140 2661 170 2694 se
188 2660 204 2693 a
223 2642 350 2712 pellator‚
370 2640 444 2711 quod
462 2659 517 2693 non
537 2639 635 2692 habuit
653 2641 857 2706 neglegentiam.
896 2640 923 2691 Si
949 2650 1043 2692 autem
1061 2659 1122 2694 non
1149 2640 1266 2715 potuerit

59 2725 62 2734 ·
140 2729 170 2766 se
188 2661 327 2774 idoneare,
346 2728 387 2763 res
407 2711 543 2775 emendet,
562 2710 634 2763 sicut
651 2711 698 2762 lex
717 2720 768 2775 est,
789 2719 816 2762 et
832 2727 938 2764 servum
955 2711 1064 2780 perdat.

225 2812 398 2876 cxtvllt.
441 2809 585 2886 (XCV.)
626 2811 661 2873 si
674 2812 748 2894 quis
769 2834 825 2873 sna
842 2812 1030 2873 anctoritate
1046 2821 1175 2875 terram
1189 2812 1264 2875 alie-

142 2917 218 2958 nam
247 2895 317 2958 sine
347 2892 480 2978 publico
507 2893 596 2954 iussn
627 2893 808 2976 guiffuverit
828 2896 881 2972 b),
911 2895 1053 2956 diceudo
1082 2897 1178 2978 qnod
1212 2917 1263 2958 sua

142 2978 259 3041 debeat
282 2997 369 3054 esse,
396 2986 429 3038 et
448 2983 559 3059 postea
583 2997 649 3036 non
674 2977 817 3060 potnerit
836 2966 983 3062 probare,
1007 2977 1100 3058 qnod
1124 3001 1185 3041 sna
1215 2979 1260 3055 sit,

143 3069 315 3143 componat
343 3056 737 3206 spiidos8V1.quonsodo
763 3060 820 3142 qni
844 3060 954 3144 palum
979 3058 1013 3119 in
1039 3069 1130 3122 terra
1159 3061 1260 3124 aliena

143 3144 163 3204 fi
189 3145 215 3206 it
234 3165 275 3210 c.
375 3161 423 3201 ,α
447 3191 454 3206 .
499 3189 506 3202 .

168 3166 187 3228 g
213 3151 295 3278 roias.
331 3225 411 3276 Petre
427 3163 457 3276 Ze
475 3224 596 3294 appellat
620 3222 771 3288 Martinus,
791 3224 866 3295 quod
888 3235 918 3276 tn
943 3222 1057 3278 ruituri
1079 3243 1167 3277 unam
1189 3241 1259 3276 suam

146 3304 246 3348 terram
268 3295 406 3358 dicendo,
435 3295 511 3375 quod
531 3304 580 3347 tna
603 3302 673 3346 esset
696 3294 755 3346 sine
778 3294 921 3346 comodato
944 3293 1070 3365 publico.
1116 3297 1163 3347 De
1184 3302 1261 3350 torto.

146 3367 178 3420 Si
195 3384 257 3418 vero
276 3365 390 3418 dixerit:
408 3364 523 3430 vurfavi3
544 3365 576 3426 si,
601 3381 662 3416 mea
680 3372 736 3418 est:
756 3364 888 3435 approbet
904 3381 980 3418 suam
1000 3381 1076 3428 esse,
1096 3373 1145 3430 et,
1172 3363 1261 3417 sinon

142 3436 316 3509 probaverit,
336 3435 472 3502 emendet,
492 3434 564 3487 sicut
580 3434 627 3486 lex
645 3443 692 3486 est.

230 3527 380 3591 CXLIX.
423 3527 576 3606 (XCVI.)
617 3526 700 3589 Item
730 3527 769 3590 de
798 3526 1064 3611 infantibueqni
1095 3526 1185 3589 intra
1216 3548 1262 3587 ae·

144 3620 242 3673 tatem
263 3621 348 3688 sunt,
372 3621 404 3672 et
424 3611 646 3672 necessitatem
666 3611 818 3671 maiorem
839 3609 976 3688 habeut,
1007 3619 1040 3670 et
1060 3610 1148 3671 fame
1171 3609 1262 3670 mori·

145 3704 257 3771 untur,
279 3693 457 3776 comparuit
479 3693 582 3771 uobis,
606 3703 643 3754 nt
664 3693 739 3754 dnm
760 3701 884 3774 tempus
905 3692 997 3753 famis
1018 3692 1135 3770 fuerit,
1160 3693 1262 3755 licen·

145 3778 223 3839 tiam
244 3776 384 3838 habeant
404 3797 477 3837 cnm
498 3777 595 3838 Misso
616 3775 788 3852 Principis,
810 3783 864 3835 unt
885 3795 957 3836 cum
980 3774 1094 3836 Iudice
1117 3798 1200 3856 sno,
1224 3775 1261 3835 de
1314 3823 1315 3836 ι

146 3869 231 3921 terra
261 3868 316 3918 aut
337 3859 377 3920 de
399 3859 494 3920 rebus
516 3858 580 3920 suis
600 3858 741 3920 vendere
764 3857 902 3939 qualiter
921 3856 1034 3918 virere
1056 3858 1206 3940 possint:
1228 3857 1260 3916 iu
1315 3934 1316 3937 Ἴ

144 3951 270 4004 tentum
290 3951 327 4002 nt
346 3962 380 4001 se
401 3941 441 4003 de
459 3943 546 4026 'fame
566 3941 704 4002 liberare
725 3941 859 4023 possint,
877 3948 909 4002 et
921 3949 957 4000 nt
978 3960 1044 4000 non
1069 3940 1263 4003 moriantur.

153 4097 602 4117 fi-u—-ss

212 4187 245 4259 a)
267 4187 320 4237 Uni
344 4185 412 4240 cod.
439 4203 485 4240 eos
511 4186 565 4237 sibi
592 4182 719 4236 dominus
745 4195 816 4237 aeto.
887 4182 914 4252 b)
938 4183 989 4236 Un.
1018 4181 1088 4236 cod.
1108 4184 1264 4258 wisnverit
1314 4195 1315 4200 ’

142 4259 171 4334 c)
190 4260 241 4316 Un.
262 4256 332 4328 Cod.
358 4255 463 4313 stitit:
491 4271 517 4314 et
533 4258 643 4326 insuper
665 4253 719 4307 LX.
739 4253 789 4306 sol.
