2632 4822
490 279 610 337 uanas·
632 279 770 338 escars·
1116 250 1199 341 831Ι

72 436 141 502 tola
158 431 228 516 regi
256 424 346 490 exire
375 426 485 512 possit.
534 425 585 488 Et
605 424 684 487 dum
710 423 750 500 ad
778 423 1029 508 ingrediendum
1061 429 1191 492 venerit

64 513 238 608 ¹peregrini
259 511 300 572 ad
322 509 426 572 clusas
447 517 582 587 nostras,
604 507 662 591 qni
682 507 723 568 ad
746 509 879 568 Romam
900 509 1063 573 ambulare
1086 513 1191 595 dispo·

72 604 119 680 ni,
148 598 325 680 diligenter
349 594 465 656 debeat
486 613 561 654 enm
591 591 902 674 interrogare'nnde
924 592 982 665 sit;
1005 603 1037 655 et
1064 595 1091 666 si
1113 617 1191 678 cog-

71 691 204 747 nosccat
224 677 314 762 quod
337 675 529 759 simpliciter
550 674 696 752 veniant,
717 673 816 734 faciat
837 673 935 735 iudex
957 686 1013 737 aut
1034 677 1191 738 clusarius

71 785 225 850 socropus
241 771 282 840 t),
293 769 329 823 'et
342 761 448 821 mittat
459 759 493 819 in
508 778 593 836 cera,
608 767 640 820 ct
653 765 753 840 ponat
769 759 805 834 (s)
817 755 862 816 ihi
876 757 1021 842 sigillum
1033 782 1139 838 snum,
1156 767 1194 821 ut

71 848 135 934 ipsi
155 856 265 932 postea
287 843 457 907 ostendant
478 842 583 925 ipsum
604 841 732 926 siguum
754 839 857 902 missis
880 843 1001 922 nostri,
1024 863 1105 925 quos
1132 863 1192 904 nos

72 927 355 996 ordaenaverimus
383 926 557 1008 (signnm).
597 926 674 986 Post
700 923 764 985 hoo
792 923 907 986 missus
937 927 1039 987 nostri
1070 925 1192 986 faciant

73 1017 120 1080 eis
141 1011 276 1095 epistola
296 1011 342 1074 ad
351 1013 484 1072 Romam
505 1005 692 1068 ambulandi
699 1031 707 1078 ;
730 1017 762 1070 ct
775 1018 996 1070 convenerant
1017 1030 1138 1070 aromo
1149 1014 1205 1088 u),

72 1097 234 1180 accipiant
254 1095 346 1177 signo
369 1094 408 1154 de
431 1092 529 1152 anolo
558 1091 654 1174 regis.
696 1090 730 1151 Si
752 1111 829 1152 vero
851 1092 1088 1172 cognoverint,
1111 1091 1193 1174 quid
1222 1165 1223 1170 η

71 1179 296 1243 ¹fraudelenter
315 1177 459 1253 veniant,
480 1194 540 1257 per
560 1196 634 1235 suos
654 1173 766 1235 missos
786 1193 840 1234 eos
868 1174 908 1233 ad
930 1195 987 1236 nos
1012 1175 1135 1258 diriga,
1158 1183 1192 1234 et

72 1265 254 1325 innotescat
279 1261 371 1321 nohis
393 1277 487 1320 causa
507 1257 582 1339 ipsa.
623 1255 780 1339 Numqui
802 1256 859 1318 ille
881 1257 980 1318 iudex
1001 1257 1192 1319 hocfacerc
1237 1291 1238 1295 ,

73 1343 248 1421 distulerit,
271 1352 303 1404 et
321 1341 420 1425 quod
450 1339 490 1401 ab
512 1361 545 1401 se
569 1343 596 1417 ν)
617 1340 700 1403 forte
723 1359 783 1422 per
808 1339 908 1422 ipsius
931 1341 1051 1403 noticia
1073 1339 1210 1422 aliquis.

74 1426 391 1507 exierit-sanguinis
415 1445 473 1486 suo
503 1423 647 1484 incurrat
680 1423 881 1505 periculum,
911 1432 944 1483 et
975 1445 1026 1486 res
1047 1424 1117 1486 eius
1138 1423 1192 1482 in-

73 1509 237 1574 fiscentur.
279 1510 322 1570 Et
342 1504 369 1568 si
398 1505 647 1591 praesumpserit
671 1506 791 1586 iurare,
813 1506 903 1587 quod
926 1505 997 1567 sine
1020 1506 1089 1569 cius
1113 1526 1191 1589 pre-

71 1594 173 1656 missa
192 1594 315 1652 factum
326 1589 451 1667 fuisset,
464 1589 520 1650 sed
539 1591 583 1666 w)
605 1589 728 1649 solutus
740 1609 758 1646 a
777 1588 883 1670 culpa,
895 1611 954 1672 pro
972 1589 1130 1652 nilectum
1146 1598 1192 1648 ta-

71 1675 208 1752 men,sit
224 1697 256 1736 se
272 1672 476 1735 aduniaverit
490 1676 537 1750 x),
547 1678 711 1753 conponat
725 1670 758 1730 in
770 1671 894 1753 palacio
911 1671 1075 1734 widricild
1087 1691 1192 1738 snum.

50 1748 53 1757 ⁴
72 1761 115 1824 Et
124 1758 188 1819 hoc
199 1757 357 1834 addimus,
373 1765 408 1816 ut
421 1753 646 1836 unusquisqne
661 1753 759 1814 iudex
776 1777 891 1837 penam
905 1759 938 1832 γ)
948 1751 1191 1818 solicitudinem

72 1861 133 1926 per
153 1840 311 1900 iudicaria
332 1861 388 1901 sua
410 1838 444 1898 in
469 1837 613 1920 partibus
640 1838 787 1914 tussciae,
810 1846 846 1897 nt
868 1839 978 1901 nullus
997 1839 1095 1900 homo
1115 1860 1192 1922 pos-

74 1924 116 1987 sit
144 1922 214 1984 sine
251 1921 419 1984 voluntate
441 1921 525 2003 regis
556 1920 608 1981 vel
642 1921 786 2003 sigillum
808 1920 935 2002 aliquid
959 1922 1106 1984 transire.
1147 1921 1191 1981 Et

74 2006 102 2070 si
124 2005 294 2066 inventum
315 2005 425 2082 fuerit,
443 2003 532 2086 qnod
551 2001 621 2064 sine
643 2004 784 2064 iussione
801 2005 974 2082 transisset,
990 2014 1026 2064 ut
1047 2003 1191 2088 sigillum

74 2088 201 2172 aliquid
222 2087 358 2149 transire
381 2109 449 2148 non
469 2085 680 2166 edoniaverit,
703 2097 875 2169 conponat,
897 2087 1061 2149 widricild
1084 2109 1191 2152 suum·

160 2201 218 2264 Xl.
235 2205 263 2280 z)
304 2204 354 2263 De
375 2199 528 2284 gasindiis
549 2200 682 2282 quidem
705 2199 805 2263 nostri
828 2201 871 2262 ita
893 2211 1045 2281 statuere,
1063 2213 1101 2264 ut
1118 2203 1192 2264 nul·

74 2286 125 2348 lns
148 2285 249 2347 iudex
271 2305 325 2345 eos
347 2305 514 2367 opremcre
538 2283 687 2362 debeant,
711 2285 865 2366 quoniam
890 2307 948 2347 nos
971 2286 1125 2346 dehemus
1140 2308 1193 2368 ga-

66 2367 195 2440 ‚sindios
226 2375 350 2428 nostros
373 2367 559 2428 defendere.
602 2367 643 2426 Et
669 2367 696 2428 si
727 2377 840 2429 contra
864 2367 934 2450 lege
958 2369 1083 2450 aliquid
1108 2368 1190 2429 faci·

72 2461 133 2512 unt
157 2451 197 2512 ad
225 2450 392 2510 arimanno
417 2448 567 2527 homine,
596 2459 629 2509 et
653 2450 694 2511 ud
728 2450 836 2512 iudice
866 2451 1057 2513 reclamaret
1083 2473 1190 2530 suum,

71 2533 172 2594 index
194 2543 250 2594 aut
275 2553 334 2628 per
361 2531 496 2615 epistola
525 2540 580 2593 aut
607 2533 739 2615 proprio
766 2554 821 2595 ore
851 2533 1021 2595 admoneat
1042 2534 1190 2617 gasindis

72 2625 194 2695 nostro,
216 2625 253 2676 ut
274 2614 397 2676 rudicet
418 2614 452 2673 in
476 2636 521 2692 sc,
543 2624 575 2676 et
596 2613 702 2696 ipsum
727 2616 754 2678 si
778 2616 923 2678 iudicare
937 2613 1012 2677 vnou
1035 2617 1107 2695 scit,
1138 2617 1192 2678 ad-

67 2698 161 2770 vvocis
181 2703 211 2778 c)
228 2698 309 2759 alios
328 2697 539 2774 conlibertus,
556 2697 612 2778 qui
630 2699 738 2760 sciunt
756 2699 912 2778 iudicare,
931 2709 967 2762 et
985 2700 1102 2762 indicit
1119 2722 1192 2762 cau-

72 2804 139 2844 sam
166 2780 266 2863 ipsam
291 2802 350 2865 per
379 2781 493 2863 legem.
534 2783 576 2841 Et
599 2782 696 2843 faciat
722 2781 899 2844 indicatum
926 2803 1035 2862 suum,
1066 2793 1102 2844 ut
1125 2783 1192 2844 ari-

71 2885 208 2926 mnnnus
229 2864 294 2946 ipsc
316 2863 468 2946 fatigatur
494 2885 559 2924 non
581 2863 645 2930 fiat.
685 2865 765 2925 Nam
785 2876 957 2947 antequam
978 2888 1053 2927 enm
1078 2866 1191 2927 admo-

74 2955 168 3023 neat,
188 2947 272 3008 sicut
291 2947 413 3008 dictum
438 2958 496 3024 cst,
527 2968 592 3007 non
615 2969 676 3030 per
700 2949 786 3027 wisa,
809 2971 875 3008 non
901 2971 962 3031 per
984 2947 1191 3031 pigueracio-

74 3048 150 3087 ncm
172 3029 241 3090 sine
260 3029 402 3090 iussione
424 3039 532 3091 nosne
553 3031 660 3092 facere
678 3032 751 3115 quis
769 3039 974 3114 presummat.
1016 3030 1190 3092 Gasindius

72 3130 152 3173 vero
175 3108 242 3192 ipsc
266 3110 292 3170 si
317 3112 480 3173 distulerit
503 3113 664 3189 iudicare,
700 3124 731 3175 et
755 3115 861 3197 legem
883 3135 948 3174 non
977 3112 1190 3190 iudicaverit,

74 3191 131 3253 dix
148 3193 177 3270 b)
201 3213 274 3253 cnm
299 3192 479 3276 distringat,
502 3195 588 3258 idem
607 3196 773 3258 arimanno
793 3197 921 3258 iusticia
937 3195 1097 3258 faciendo.
1126 3196 1191 3256 ·Sit

72 3282 181 3335 tamen
209 3295 274 3334 non
305 3274 417 3336 doloso
446 3278 552 3338 animo
583 3288 615 3339 et
644 3278 713 3360 ipse
743 3279 906 3361 gasindius
941 3287 1023 3338 stare
1050 3278 1191 3340 debeant

73 3356 109 3416 in
141 3356 300 3419 iudicium
326 3358 460 3438 ipsicius
484 3361 617 3438 iudicii,
649 3371 682 3420 ct
706 3360 774 3443 ipsc
796 3361 889 3422 iudix
917 3360 1041 3421 amittat
1063 3361 1190 3423 iudica-

73 3448 144 3500 tum
172 3461 274 3506 sunm.
317 3441 351 3501 Si
377 3440 464 3501 enim
484 3450 593 3524 postea
614 3442 645 3504 ei
667 3443 830 3524 apparuit,
860 3443 948 3524 quod
972 3443 1097 3525 legibus
1123 3463 1188 3504 non

74 3523 265 3602 indicasset,
294 3523 406 3586 veniat
429 3545 503 3585 cum
527 3525 597 3608 ipso
618 3525 760 3588 iudicato
782 3527 818 3587 in
840 3526 1008 3611 presencia
1030 3534 1148 3592 nostra.

279 3659 563 3732 aurnrcrnnr
598 3662 738 3703 sacas
771 3644 984 3705 Rsrcars.
1059 3642 1062 3654 ¹

177 3786 393 3830 lncrrrunr
429 3787 549 3830 LEGBS
586 3789 712 3830 DOMNI
743 3761 1082 3834 Asrunar'nnffls'.

143 4009 169 4070 t)
186 4003 268 4057 Forte
285 4007 392 4072 legend.
412 4007 633 4078 chirographum.
669 4007 700 4080 a)
717 3977 797 4062 (lertc
814 4008 921 4075 legend.
936 4020 965 4062 cr
982 4027 1041 4062 cum
1062 4011 1188 4063 venerint

75 4089 93 4122 a
111 4089 197 4123 roma·
251 4076 277 4146 v)
295 4077 375 4130 Forte
392 4079 500 4144 legend.
519 4077 596 4148 quod
611 4079 691 4131 obsit.
744 4087 784 4148 w)
804 4081 864 4146 Lag.
883 4081 926 4133 sic.
985 4081 1017 4149 x)
1035 4081 1098 4147 Leg.
1117 4083 1142 4132 si
1158 4097 1186 4132 sc

73 4139 263 4197 'idoneaveriu
313 4147 348 4219 y)
365 4151 427 4214 Lag.
445 4161 544 4221 ponat.
596 4150 624 4222 a)
639 4153 706 4206 Cod.
724 4152 787 4208 Vnt.
809 4150 898 4207 VIIII.
940 4152 971 4224 a)
990 4152 1051 4219 Lag.
1071 4149 1188 4206 advocet
1235 4157 1238 4163 “

62 4211 103 4281 rb)
121 4213 182 4280 Lag.
201 4212 297 4268 Iudex.

1255 3275 1260 3304 l
