2632 4822
131 228 207 310 738
505 247 672 308 rorcruu
694 245 872 304 aurasius

214 383 355 452 cccw.
397 385 525 474 Siquis
548 373 798 464 musitanam,
822 394 879 448 aut
906 401 1030 452 naseam
1051 390 1096 462 x)
1121 384 1249 452 levare·

130 474 186 552 rit,
207 470 324 616 autlde
345 468 481 618 qisqagia
502 471 609 536 aliena
628 470 733 557 pisces
762 469 895 550 tulerit,
922 477 1095 556 componat
1119 473 1249 534 solidos.

130 558 190 625 VI.
293 559 399 619 .2.⁸
444 599 452 615 .

213 635 336 700 CCCV.
376 633 411 694 si
423 633 495 718 quis
508 637 617 713 robur,
631 641 687 696 aut
704 655 831 696 cerrum
847 655 906 696 seu
921 655 1091 718 quercum,
1103 655 1190 719 quae
1205 644 1249 700 est

128 719 269 797 modola,
282 716 421 780 bisclum
429 725 465 798 y)
477 728 533 780 aut
549 719 710 802 glandem,
725 718 815 800 quod
828 727 877 779 est
896 720 960 779 faia
978 721 1017 796 z),
1032 719 1121 781 inter
1138 740 1248 802 agrum

129 803 284 880 alleuum,
310 809 365 862 aut
388 803 475 862 inter
496 803 666 878 culturam,
686 801 739 862 vel
764 801 962 879 clausuram,
989 803 1024 860 iu
1046 802 1143 865 cuius
1166 802 1246 863 vici·

129 887 186 948 nio
210 884 375 963 inciderit,
391 895 563 969 componat
581 905 640 968 pro
660 881 772 944 arbore
793 883 952 946 tremisses
978 885 1070 947 duos.
1121 887 1204 948 Nam
1220 885 1245 946 si

128 970 248 1032 iterans
273 967 372 1028 homo
391 978 525 1052 propter
549 968 723 1030 utilitatem
749 987 839 1028 suam
860 966 940 1029 loris
964 967 1152 1032 clausuram
1178 992 1244 1032 soa-

130 1049 304 1138 pulaverit,
328 1070 393 1112 uon
416 1051 457 1112 sit
478 1049 508 1112 ei
530 1052 636 1136 culpa.

212 1133 354 1200 CCCVI.
396 1133 431 1195 Si
452 1131 526 1215 quis
547 1142 737 1211 castaneam,
760 1152 889 1210 nucem,
917 1129 1025 1215 pirum
1046 1140 1107 1194 aut
1126 1131 1243 1194 malurn

128 1214 292 1292 inciderit,
314 1226 487 1300 componat
509 1214 629 1278 solidos
660 1214 717 1281 Ill.
738 1220 784 1294 a).

128 1380 176 1446 ld
210 1295 368 1441 CquVII.
385 1297 445 1442 ISi
467 1299 541 1445 qugs
563 1296 682 1360 olivam
713 1297 959 1383 scapellaverit,
986 1309 1166 1384 componat
1194 1313 1265 1362 so·'

142 1381 153 1444 i
177 1404 213 1444 os
235 1383 295 1444 II.
403 1430 412 1447 .
439 1402 448 1440 ι
476 1432 483 1449 ,
527 1431 535 1448 ,
943 1435 952 1456 ,

211 1462 387 1530 CCCVIII.
439 1402 475 1526 Si
494 1463 615 1541 homo,
638 1471 695 1524 aut
714 1462 886 1545 quodlibet
908 1461 1075 1549 peculium
1105 1464 1142 1526 iu
1170 1485 1240 1548 sepe

128 1545 273 1621 alterius,
295 1553 384 1609 texta
413 1567 487 1609 oum
511 1543 634 1610 rimiae
658 1567 691 1608 se
711 1545 913 1629 inpiuxerit,
938 1558 971 1610 et
994 1558 1163 1626 mortuus,
1190 1557 1242 1608 aut

45 1671 48 1677 -
126 1631 270 1712 aliquam
291 1629 466 1702 laesionem
479 1650 588 1712 passus
607 1629 717 1706 fuerit,
739 1631 901 1708 tuncille,
924 1631 980 1712 qui
1004 1652 1116 1715 sepem
1145 1631 1241 1716 ipsam

126 1713 218 1785 fecit,
242 1720 275 1773 ot
298 1720 395 1786 caput
416 1711 518 1774 maius
546 1720 601 1773 aut
629 1709 736 1772 minus
759 1712 799 1773 de
821 1713 942 1774 vimine
966 1714 1047 1775 foris
1073 1714 1240 1792 dimiserit,

125 1795 194 1880 ipse
216 1794 256 1856 sit
283 1794 454 1875 culpabilis
483 1793 663 1872 homicidii,
686 1804 742 1868 aut
764 1794 927 1858 laesionIs.
1011 1797 1036 1862 I.
1062 1818 1108 1880 ¹9·
1131 1821 1162 1880 9.

127 1929 130 1936 ,
209 1876 351 1942 ccclx.
392 1877 428 1940 si
454 1876 608 1956 caballus,
631 1886 687 1939 aut
714 1877 883 1960 quodlibet
904 1877 1070 1962 peculium
1093 1879 1126 1941 in
1156 1879 1239 1940 clau·

125 1982 233 2024 suram
259 1958 393 2023 alterius
423 1960 511 2022 intus
544 1960 689 2022 saliendo
716 1981 750 2024 se
777 1960 1000 2043 impalavcrit,
1030 1984 1097 2025 nou
1129 1965 1240 2043 requi-

124 2053 216 2106 ratur
234 2043 274 2105 ab
295 2043 382 2128 ipso,
410 2044 503 2107 cuius
530 2043 614 2128 sepis
656 2052 713 2111 est.
771 2042 815 2104 At
843 2045 869 2106 si
902 2043 942 2104 ab
971 2045 1056 2106 infra
1090 2047 1176 2108 foras
1195 2066 1239 2104 ea-

20 2178 22 2190 .
124 2125 238 2190 Iie'udo
260 2147 293 2195 se
318 2126 531 2209 impalaverit,
552 2135 631 2188 tunc
652 2125 710 2187 ille
736 2125 829 2186 ouius
854 2127 940 2208 sepis
969 2149 1037 2190 esse
1060 2128 1239 2206 iuvenitur,

125 2232 201 2272 eum
224 2218 405 2292 componat,
427 2219 460 2274 et
485 2209 513 2270 si
544 2208 696 2271 damnum
717 2207 802 2270 iufra
824 2207 926 2290 ipsam
947 2210 1128 2273 clausuram
1150 2214 1239 2274 fece·

124 2292 188 2372 rit,
216 2292 273 2354 ille
294 2301 476 2375 componat,
498 2291 591 2354 cuius
619 2293 718 2354 fuerit
735 2290 888 2354 caballus.
972 2293 999 2356 I.
1027 2316 1072 2378 ¹9·
1098 2317 1144 2357 ro.

209 2373 339 2437 CCCX.
380 2374 416 2437 si
439 2373 511 2457 quie
535 2375 688 2436 fossatum
707 2374 793 2436 circa
820 2397 968 2460 campum
993 2399 1088 2438 suum
1111 2375 1239 2454 fecerit,

124 2465 157 2518 et
179 2456 321 2518 caballus
343 2466 398 2519 aut
419 2457 587 2540 quodlibet
607 2478 704 2543 pecus
727 2457 890 2536 inciderit,
913 2469 969 2519 aut
989 2458 1085 2520 homo
1103 2459 1240 2542 pericli·

124 2539 250 2616 taverit,
272 2561 338 2600 nou
363 2541 549 2622 requiratur
567 2539 605 2602 ab
632 2539 713 2623 ipso,
736 2540 828 2601 cuius
850 2542 1002 2604 fossatum
1023 2563 1089 2603 esse
1109 2541 1243 2600 inveni-

124 2631 192 2694 tur;
215 2623 291 2704 quia
314 2643 373 2706 pro
403 2623 579 2688 salvatione
605 2623 709 2705 campi
731 2622 781 2684 sui
808 2623 903 2703 feeit,
929 2645 1001 2682 nam
1030 2645 1095 2683 non
1122 2622 1241 2684 dolose

127 2705 285 2771 tractavit.
338 2705 373 2766 Si
406 2725 479 2766 eum
509 2705 635 2768 occulte
659 2705 847 2788 cooperuit,
885 2716 916 2770 et
936 2705 1086 2766 damnum
1113 2705 1241 2767 factum

127 2786 247 2864 fucrit,
270 2797 441 2869 componat
465 2786 544 2869 ipse,
567 2786 626 2869 qui
650 2789 778 2849 occulte
800 2789 890 2851 fecit.
970 2788 995 2851 I.
1022 2811 1066 2871 ¹9·
1094 2811 1143 2856 11.

206 2867 352 2934 cccxl.
395 2869 428 2929 Si
453 2869 572 2930 animal
594 2869 628 2930 in
650 2879 749 2955 puteo
770 2871 903 2933 alterius
921 2871 1086 2950 ceciderit,
1109 2882 1143 2935 et
1157 2892 1241 2932 mor·

123 2959 216 3012 tunm
232 2963 288 3014 aut
310 2949 512 3013 debilitatum
536 2952 652 3031 fuerit,
680 2974 746 3014 non
767 2954 971 3035 requiratur,
1001 2954 1093 3016 cuius
1119 2965 1239 3037 puteus

124 3044 191 3106 est;
227 3034 305 3118 quia
329 3030 420 3117 putei
452 3055 535 3115 aqua
563 3037 744 3099 communis
777 3037 924 3099 omnium
962 3037 1156 3102 utilitalibus
1186 3038 1239 3099 in-

25 3167 29 3176 ,
123 3117 255 3182 venitur
277 3139 357 3183 esse.
440 3117 467 3180 Ι.
493 3139 539 3200 19.
567 3139 611 3179 η.

206 3199 359 3264 CCCXII.
401 3197 435 3262 si
460 3195 532 3280 quis
555 3199 610 3260 alii
631 3221 718 3261 arma
737 3223 794 3263 sua
817 3200 1012 3286 simpliciter
1030 3201 1238 3286 praestiterit,

123 3291 156 3344 et
176 3282 234 3346 ille
257 3284 314 3367 qui
341 3282 513 3365 acceperit,
535 3283 668 3366 aliquod
691 3285 811 3345 malum
828 3307 902 3346 cum
918 3286 996 3370 ipsis
1015 3285 1142 3361 fecerit,
1173 3306 1238 3343 nou

121 3375 293 3448 reputetur
313 3365 362 3426 illi
385 3366 491 3449 eulpa,
514 3367 571 3448 qui
593 3367 795 3449 praestiterit,
818 3368 875 3429 scd
892 3369 921 3429 ei
945 3369 1001 3451 qui
1026 3369 1147 3428 malum
1164 3388 1238 3427 oum

123 3447 169 3512 eit
190 3448 430 3533 perpetraverit.
451 3449 493 3510 Et
511 3470 528 3509 e
550 3449 711 3522 contrario
725 3449 751 3511 si
769 3450 837 3529 ille,
860 3451 917 3534 qui
933 3449 1139 3534 praestiterit,
1163 3471 1238 3511 oon-

124 3553 255 3592 seusum
285 3533 325 3593 ad
353 3533 472 3593 malum
496 3529 681 3594 faciendum
707 3531 873 3613 adhibuit,
902 3535 1028 3618 collega
1053 3533 1096 3596 sit
1118 3532 1169 3593 illi
1199 3531 1238 3592 ad

121 3615 227 3698 ipsum
248 3615 367 3676 malum
384 3615 574 3677 sanandum.
655 3615 679 3676 1.
702 3636 750 3677 ao.
776 3637 802 3680 ι.

205 3695 387 3762 CCCXIII.
430 3697 465 3760 si
478 3697 551 3780 qius
572 3719 629 3760 sua
650 3697 839 3761 auctoritate
853 3720 940 3760 arma
962 3698 1096 3761 alterius
1118 3696 1237 3760 tollere

122 3810 549 3827 m

190 3856 222 3928 x)
240 3855 292 3910 Un.
311 3855 378 3908 Cod.
398 3869 499 3907 nosses.
564 3853 599 3922 γ)
618 3853 670 3906 Ila.
695 3851 761 3907 Cod.
789 3851 867 3922 quod
886 3831 926 3909 est
949 3853 1061 3908 modula
1080 3851 1143 3907 isdo
1163 3852 1241 3925 quod

121 3927 450 4050 esttlselcilieloAlmtidlrilir
462 3923 1051 4064 blbclbofisididlllssldcii'ilodluolleerbiffrhriod
1067 3925 1239 4048 eilmfidrilld

120 4017 218 4120 illuit.
256 4035 402 4120 Lindenbr.
422 4062 500 4136 quod
515 4034 649 4119 ess’modo
667 4033 800 4148 laiscum,¹
835 4067 933 4120 Mutat.
947 4015 1030 4138 ‘qdod
1046 4078 1087 4117 est
1109 4063 1238 4128 modula,

120 4139 197 4262 ιέἕὲῖ
208 4139 267 4262 sol.)
278 4139 337 4260 ἔῃ.
354 4133 566 4209 Codqlaudem
586 4153 658 4208 quae
676 4149 717 4191 est
728 4137 819 4208 sagra.
853 4137 897 4191 Il.
914 4134 1016 4208 glande
1025 4135 1098 4207 flea.
1117 4251 1118 4254 Ἴ
1135 4133 1169 4205 a)
1186 4137 1237 4188 Itu.
