2684 4868
117 287 193 369 600
331 300 449 362 ,scats
467 296 757 358 w1s1eoraonusr
776 299 841 355 ιιι.
859 301 906 356 ιιι
924 301 996 356 ιιι.
1014 304 1039 357 ι.

425 441 480 509 ΙΧ.
508 465 570 507 scs.
598 463 663 509 aas.
684 447 923 509 rarrerus'nsx‘.

178 531 228 593 De
252 528 449 614 susceptione
472 523 708 607 fugitivorum.-
741 526 770 585 si
801 524 948 586 dominus
980 523 1030 586 vel
1056 543 1161 595 servus

413 609 565 694 suscipiat
597 607 728 668 alterius
748 604 935 687 fugitivum.
1225 671 1228 676 ,

116 689 121 698 ’
200 693 250 760 Ad
272 691 365 755 cuius
387 691 519 753 domum
539 691 697 752 transiens
720 691 891 750 advenerit
915 690 1087 774 fugitivus,
1116 691 1143 753 si
1175 713 1231 753 uc·

110 785 211 862 ‘cepta
233 799 273 841 ex
296 775 463 858 incognito
485 775 689 858 eleemosyna
709 772 881 834 confestim
902 775 980 835 alibi
996 774 1226 856 pertransierit,

116 857 299 948 calumpnia
321 854 392 936 illi,
413 857 471 940 qui
492 855 583 938 quasi
602 856 809 940 peregrinum
830 857 869 916 ad
887 855 999 917 boram
1016 857 1153 940 bospitio
1165 879 1230 920 sus-

117 944 222 1028 cepit,
247 939 370 1002 moveri
393 939 526 1004 omnino
550 937 613 998 nou
638 938 774 1022 poterit:
808 959 881 999 cum
901 961 934 1001 se
954 939 1139 1000 huiusmodi
1160 961 1230 1001 sus-

115 1037 229 1110 ceptor
248 1023 455 1086 sacramentis
487 1021 696 1104 purgaverit,
728 1020 804 1102 quia
846 1022 1048 1105 incognitum
1083 1022 1233 1085 habuerit

112 1113 213 1187 'cum,
244 1106 303 1168 'c'ui
324 1106 545 1188 praetereunti
566 1104 802 1189 eleemosynam
823 1104 922 1170 dedit.
985 1104 1083 1183 Quod
1105 1104 1130 1165 si
1153 1105 1230 1165 duo·

106 1187 177 1266 bus
199 1199 255 1251 aut
275 1187 377 1249 tribus
399 1185 513 1249 diebus
534 1188 569 1247 fu
593 1185 689 1248 itirus
717 1186 802 1272 apud
834 1187 971 1248 alterum
991 1188 1141 1269 quolibet
1161 1209 1231 1248 mo-

108 1274 158 1356 Ι,(10
180 1271 412 1360 permanserit,
441 1269 547 1332 statim
569 1208 627 1329 ille
648 1269 706 1350 qui
727 1291 801 1333 eum
829 1269 1024 1352 susceperit,
1053 1271 1232 1332 secundum

117 1355 206 1442 quod
228 1351 387 1436 superiori
409 1353 481 1436 lege
503 1351 721 1435 praecipitur,
752 1362 826 1414 aute
856 1352 942 1414 diem
972 1362 1122 1414 octavum
1142 1353 1232 1436 prio·

112 1439 207 1503 ‘ribus
229 1437 294 1498 loci
316 1435 422 1513 illius,
457 1433 579 1512 iudici,
608 1433 739 1513 villico,
773 1445 868 1518 atque
896 1435 1097 1519 praeposito,
1126 1455 1233 1497 corant

116 1524 238 1589 idoneo
259 1525 358 1594 teste,
381 1539 455 1579 eum
476 1538 572 1601 quem
593 1519 735 1602 suscepit
752 1527 957 1601 praesentare
971 1525 1134 1600 procuret.
1168 1518 1234 1579 Sic·

116 1626 181 1688 qna
214 1604 433 1682 interrogetur
454 1622 491 1664 ac
522 1609 653 1662 strenue
686 1601 894 1683 perquiratur
912 1622 930 1660 a
951 1600 1076 1678 iudice,
1099 1609 1156 1662 aut
1182 1621 1235 1661 cu·

110 1688 168 1762 „ius
189 1685 232 1748 sit
259 1692 438 1761 servus,ant
459 1681 593 1765 quando
613 1703 632 1740 a
649 1681 780 1744 domino
805 1704 864 1744 suo
885 1683 1023 1767 fugerit,
1048 1691 1103 1743 aut
1126 1703 1233 1765 quau-

114 1771 159 1833 do
193 1777 249 1833 aut
276 1765 332 1826 ubi
361 1765 438 1845 ille,
489 1765 546 1847 qui
586 1785 661 1825 eum
697 1774 894 1849 praesentat,
937 1765 1124 1849 susceperit.
1167 1765 1234 1827 sic·
1308 1783 1311 1790 ¹

117 1870 183 1935 que
212 1857 280 1911 tcta
315 1849 349 1908 in
381 1870 483 1910 unum
512 1847 647 1909 collecta
685 1858 782 1930 atque
815 1850 1012 1932 conscripta,
1041 1848 1141 1908 iudex
1177 1856 1233 1910 aut

120 1933 269 2016 aliisqui
311 1931 477 1992 adfuerint
511 1952 610 1993 manu
641 1952 697 1991 sua
726 1931 824 2009 haec,
856 1953 939 2012 quae
960 1931 1139 2016 perquisita
1160 1930 1234 1992 fue-

73 2081 78 2090 ,
113 2018 186 2080 rint
223 2015 278 2078 rel
315 2015 467 2091 inventa,
513 2011 714 2075 subscribere
755 2013 902 2084 debeant.
980 2015 1030 2076 lta
1053 2023 1088 2075 ut
1115 2023 1149 2075 et
1180 2014 1235 2074 fu-

109 2100 275 2183 ·glti‘vnm,
326 2107 360 2158 et
399 2097 462 2159 boc
503 2095 608 2179 ipsum
646 2098 735 2180 quod
772 2096 899 2178 scriptis
939 2097 980 2160 de
1021 2096 1136 2174 eodem
1185 2095 1234 2156 al·

116 2185 251 2264 ligatum
281 2190 348 2257 est,
387 2180 444 2242 ille
472 2179 530 2264 qui
559 2200 634 2240 eum
662 2178 896 2262 praesentavit,
929 2179 962 2241 iu
993 2187 1148 2262 potestate
1179 2200 1236 2240 sua

115 2266 274 2348 recipiat,
309 2263 450 2344 qualiter
472 2284 546 2324 eum
567 2262 651 2324 infra
672 2264 741 2324 dies
768 2274 841 2324 octo
862 2262 928 2324 suis
951 2262 1089 2323 dominis
1110 2261 1235 2323 reddat.

117 2348 265 2426 Quodsi
287 2345 437 2406 domiuus
459 2345 589 2426 fugitivi
609 2348 706 2427 longe
727 2346 860 2406 fortasse
881 2347 922 2406 sit
942 2344 1084 2427 positus,
1115 2343 1235 2426 viginti
1323 2353 1326 2357 '

101 2435 175 2510 'per
197 2428 265 2488 dies
287 2427 429 2508 singulos
450 2428 594 2490 millibus
616 2428 806 2510 computatis
828 2428 929 2509 spatio
951 2427 1008 2488 ille
1031 2427 1089 2508 qui
1119 2426 1233 2509 fugiti-
1264 2472 1267 2478 ,

116 2522 196 2570 rum
226 2512 368 2591 suscepit
388 2510 450 2570 sibi
471 2529 624 2571 concesso
646 2512 680 2570 in
702 2510 872 2593 praefinito
894 2510 964 2586 die,
996 2509 1232 2570 ubidominnm
1259 2560 1263 2566 .

102 2592 246 2676 [sagittat
273 2592 452 2674 repperiet,
485 2592 660 2673 fugitivum
689 2593 956 2676 ipsnmdomino
986 2614 1062 2670 suo,
1098 2601 1153 2652 aut
1173 2611 1233 2673 per

117 2697 151 2735 sc
185 2684 240 2735 aut
264 2694 323 2758 per
352 2695 450 2756 quem
473 2675 633 2753 voluerit,
669 2675 862 2738 serviturum
883 2671 1047 2753 restituat,
1082 2684 1115 2734 et
1143 2695 1234 2734 com-

115 2757 248 2823 mnu
279 2776 391 2834 suum,
419 2766 577 2839 quantum
606 2759 679 2841 lege
707 2758 806 2820 altera
839 2767 983 2837 constat,
1015 2777 1074 2838 per
1101 2756 1235 2840 triginta

118 2841 223 2901 millia
245 2839 423 2904 tremissem
446 2861 547 2900 unum
569 2861 586 2900 a
609 2841 742 2902 domino
767 2840 896 2924 fugitivi
928 2839 1072 2922 accipiat.
1135 2837 1234 2916 Quod

115 2925 142 2986 si
154 2924 269 2999 eidem,
284 2922 341 3004 qui
354 2922 527 3004 fugitivum
536 2924 725 3006 susceperit,
747 2945 914 3006 gravosnm
929 2925 1060 2983 fortasse
1077 2920 1232 2997 extiterit,

114 3016 248 3090 prepter
266 3015 430 3069 terrarum
449 3006 720 3087 longinquitatem
735 3006 908 3088 fugitivum
930 3005 1060 3067 domino
1073 3025 1130 3064 suo
1142 3023 1233 3085 praa·

94 3100 261 3165 ¹uenture,
282 3089 394 3153 saltem
416 3089 470 3149 vel
492 3088 547 3150 ubi
569 3088 692 3151 vicinas
713 3087 927 3170 possessiones
949 3086 1072 3150 domini
1098 3083 1232 3168 fugitivi

112 3170 303 3254 agnoverit,
333 3170 436 3235 actori
460 3172 513 3231 rel
536 3172 737 3254 procuratori
759 3170 934 3253 fugitivum
956 3192 1064 3230 coram
1086 3168 1233 3251 legitimo

113 3263 200 3320 teste,
219 3262 416 3336 praesentet:
440 3263 474 3316 et
494 3264 623 3336 accepta
639 3253 814 3336 superioris
837 3253 997 3314 commodi
1019 3273 1158 3328 summa,
1187 3272 1234 3312 se·

114 3356 212 3404 curus
234 3337 304 3418 'ipse
325 3334 383 3415 qui
403 3335 578 3418 fugitivum
599 3337 758 3418 suscepit,
786 3335 944 3398 abscedat.
1006 3337 1072 3395 Iam
1101 3356 1179 3395 vero
1206 3331 1234 3394 si

99 3418 290 3502 „fugitivum
324 3417 427 3494 iudici¹
461 3419 731 3501 praesentaverit,
781 3429 814 3482 et
842 3442 859 3479 a
891 3417 997 3479 indice
1038 3416 1235 3499 perquisitus

97 3501 182 3584 ‚ipsa
212 3501 270 3584 qui
293 3502 529 3581 praesentarit,
552 3503 643 3565 cuius
664 3523 773 3562 servus
795 3500 836 3562 sit
857 3502 951 3562 nullo
972 3502 1069 3561 modo
1097 3499 1232 3569 dixerit;

113 3583 204 3665 apud,
221 3584 363 3649 iudicem
385 3582 454 3665 ipse
477 3586 533 3666 qui
557 3607 631 3646 cum
653 3592 927 3667 praesentaverat,
957 3583 1098 3648 eundem
1119 3579 1235 3664 fugiti-

111 3689 187 3729 vum
224 3667 399 3750 relinquat.
463 3668 568 3730 Iudex
595 3689 674 3730 vero
701 3666 760 3727 sub
792 3667 891 3727 ardua
920 3666 1064 3727 custodia
1093 3664 1235 3725 eundem
1281 3705 1282 3708 =

111 3745 169 3832 qui
190 3744 254 3810 sibi
280 3755 500 3834 praesentatus
532 3757 598 3828 est,
628 3750 714 3810 infra
737 3759 883 3830 tempus,
916 3758 949 3810 et
985 3750 1075 3810 iuxta
1102 3747 1235 3806 modum

94 3834 261 3910 ,superius
298 3830 529 3911 coustitutum,
576 3833 674 3916 regiis
717 3831 880 3894 obtutibus
919 3840 1125 3913 praesentare
1165 3849 1231 3888 non
1284 3907 1285 3910 Ἴ

89 3904 254 3997 ’ᾃὶιΐέιὲθε
277 3917 345 3993 'jut
392 3914 566 3998 principali
619 3923 773 3997 potestate
824 3913 994 3975 manifeste
1044 3911 1231 3994 quaesitus,

111 3989 386 4082 ublf'c'rinctorum
408 4007 532 4058 constat
561 3996 671 4058 adesse
705 4006 919 4074 conventum,
949 3996 1092 4080 cognitio
1122 3991 1234 4075 fugitis

109 4074 236 4164 tli'pe'r
255 4078 415 4164 plbritnos
436 4079 602 4159 habeatur.
652 4078 708 4141 His
740 4081 748 4138 i
775 4081 840 4148 itur
874 4080 1023 4140 omnibus
1053 4075 1234 4139 neccssaria

103 4160 276 4225 'sanctione
299 4158 499 4250 praemissis,
531 4162 720 4248 quicunque
746 4101 901 4245 deinceps
922 4163 1096 4244 fugitivum
1118 4157 1234 4242 cogni-

109 4236 508 4328 turd‘tcl'ltt‘cbgaittttn,
526 4265 589 4308 non
617 4245 676 4309 sub
704 4244 765 4310 isto
786 4266 852 4330 quo
879 4244 1088 4330 praemissum
1112 4252 1159 4307 est
1180 4260 1239 4312 or·¹
