2684 4868
137 277 213 356 tttss
246 273 250 284 '
334 293 438 352 mers
456 295 751 355 wasmorucmu
768 295 836 352 111.
856 297 903 352 u.
922 294 993 352 r1r.
1013 297 1035 349 1.

135 434 458 510 ‘immeriti-'domino
480 433 616 498 reddere
638 455 705 497 non
726 444 890 499 moreture
918 446 974 502 aut
993 436 1020 500 si
1042 458 1108 500 uon
1128 435 1256 503 babue-

116 524 180 592 ,rit
200 521 288 582 udde
311 528 502 600 componat,
529 518 540 578 i
564 539 599 580 se
620 520 783 582 subiaceat
803 521 967 600 servituti,
998 520 1050 582 illi
1070 520 1164 586 cuius
1185 543 1255 586 ser·

136 629 213 668 vum
228 602 384 664 laxaverit
402 539 612 664 addicendus.
654 603 751 681 Quod
776 603 803 664 si
827 604 891 665 hoc
915 625 1024 668 servus
1045 605 1162 668 fecerit
1182 606 1253 668 sine

137 687 261 750 domini
291 685 475 763 voluntate,
511 705 617 745 coram
647 685 754 748 iudice
778 686 813 748 C.
844 687 973 774 flagella
999 688 1161 772 suscipiat.
1211 690 1254 751 Et

127 772 311 842 armam
332 768 472 836 inveniri
495 789 562 828 neu
583 769 741 850 potuerit,
764 791 873 832 servus
892 769 952 853 qui
972 770 1087 848 solvit,
1108 771 1254 840 hadmar

135 855 170 914 iu
194 852 323 916 seruitio
348 849 472 913 demini
495 851 689 914 vinculatus.
738 853 1010 936 Quandocunque
1040 863 1166 932 autem,
1195 853 1254 936 qui

129 933 355 1015 ptnauetutt,
378 935 527 1006 iuuentus
548 935 699 1012 extiterit,
722 935 853 996 domino
875 939 1085 1016 reformetur,
1107 947 1139 998 et
1161 937 1252 998 datus

124 1035 393 1104 rpraematurus
416 1017 457 1078 ad
483 1018 650 1100 proprium
669 1017 837 1078 dominium
859 1028 1046 1083 revertatur.
1088 1020 1123 1080 Si
1144 1029 1252 1084 autem

123 1100 268 1164 ¹ebarcio
293 1100 425 1163 damino
449 1099 483 1160 id
503 1100 652 1186 fecerit,
670 1100 738 1182 ipse
768 1101 917 1166 domium
948 1112 1137 1186 componat,
1170 1103 1252 1167 sicut

126 1185 247 1252 zaudo
261 1183 419 1265 ingenuis
440 1183 587 1266 superius
608 1185 846 1258 constitutum,

122 1293 197 1363 ffl.
237 1296 332 1382 Infra
354 1295 444 1382 qnod
470 1309 591 1382 tempus
616 1299 807 1384 mancipium
834 1299 936 1361 latens
963 1301 1126 1362 inuentum
1150 1299 1253 1364 iudici

136 1377 144 1391 ¹
492 1433 494 1440 .
522 1380 634 1442 debent
652 1384 862 1466 praesentari.

136 1476 139 1484 ’
218 1461 254 1524 Si
272 1462 444 1525 cuiuslibet
458 1483 566 1524 servus
586 1462 629 1524 ad
649 1463 792 1545 aliquem
812 1464 916 1527 latens
939 1464 1123 1543 advenerit,
1145 1463 1250 1526 statim

135 1542 210 1615 eum
229 1546 426 1635 praesentari
448 1544 549 1606 iudici
563 1565 629 1605 non
645 1545 777 1609 differat.
820 1547 959 1626 Quodsi
976 1570 1051 1610 eum
1071 1551 1138 1608 noir
1155 1569 1250 1632 prae-

135 1629 326 1710 sentaverit,
369 1636 401 1691 et
428 1649 530 1711 usque
567 1629 609 1690 ad
640 1641 786 1692 octavam
809 1641 940 1692 noctem
962 1630 1048 1714 apud
1077 1653 1151 1692 cum
1178 1653 1249 1692 mo-

134 1707 223 1776 ¹ratus
251 1713 366 1794 suerit,
404 1720 458 1771 aut
486 1710 512 1773 si
541 1712 581 1772 ad
603 1712 831 1795 longinquiora
855 1714 928 1774 loca
952 1713 1133 1792 transierit,
1169 1715 1248 1776 duos

135 1792 282 1861 eiusdem
308 1794 413 1856 meriti
438 1815 545 1856 seruos
570 1795 703 1857 domino
730 1805 862 1878 cogatur
886 1797 1062 1858 exsolvere.
1118 1797 1199 1859 Nam
1221 1799 1250 1858 si

135 1872 224 1942 add
245 1896 319 1940 enm
347 1877 564 1960 mancipium,
594 1879 683 1961 quod
705 1890 907 1961 susceperat,
936 1880 1136 1944 subcelatum
1157 1879 1249 1942 inve-

122 1901 263 2042 [illatum
286 1959 422 2040 alt'erpm
438 1983 512 2021 cum
529 1981 567 2021 eo
584 1960 658 2022 dare
680 1962 810 2023 domino
829 1983 895 2022 non
916 1972 1075 2026 moretur:
1105 1963 1181 2046 quia
1195 1963 1248 2023 in-

133 2045 281 2133 t'erdiem
300 2043 658 2130 legibus-,constitutum
678 2045 784 2106 noluit
800 2045 982 2107 contestari.

128 2183 192 2253 llll.
235 2185 274 2246 Si
282 2189 427 2250 muricus
441 2189 511 2270 quis
516 2184 690 2267 fugitivum
703 2190 878 2271 susceperit
887 2188 1078 2255 humanitate
1089 2209 1247 2270 concessa.

211 2269 251 2329 »Si
266 2269 340 2351 quis
357 2271 507 2332 nesciens
520 2270 691 2365 fugitivum
706 2270 901 2353 susceperit,
923 2280 955 2333 et
970 2271 1001 2332 ei
1012 2271 1248 2334 humanitatem

133 2351 278 2428 dederit,
312 2362 345 2412 et
372 2360 439 2414 uon
474 2353 611 2435 amphus
638 2352 758 2414 ibidem
780 2353 879 2414 fuerit
900 2375 998 2435 quam
1024 2375 1089 2416 una
1117 2353 1169 2415 die
1192 2355 1247 2416 vel

134 2441 229 2496 nocte
250 2432 453 2514 immoratus,
476 2434 608 2496 domino
622 2436 791 2517 quaerenti
802 2433 973 2518 fugitivum
988 2457 1083 2498 suum
1095 2438 1247 2520 praebeat

133 2525 383 2596 sacramentum,
406 2539 439 2578 se
458 2517 596 2578 nescisse
614 2518 703 2599 quod
721 2519 863 2601 fugerit
898 2519 964 2578 Aut
980 2519 1007 2580 si
1028 2529 1114 2582 certe
1128 2529 1246 2601 potue-

132 2598 386 2680 ritapprobare,
416 2600 505 2682 quod
526 2601 696 2682 fugitivum
723 2623 789 2662 non
819 2601 987 2679 celaverit,
1021 2605 1060 2664 ab
1084 2603 1173 2663 omni
1192 2623 1247 2663 ca-

132 2681 278 2763 lumpnia
293 2682 375 2746 liber
393 2683 552 2745 abscedat.
594 2683 628 2744 si
654 2706 730 2745 vero
756 2683 800 2744 ibi
820 2683 936 2763 biduo,
964 2694 1019 2745 aut
1043 2686 1169 2762 triduo,
1192 2692 1248 2745 aut

128 2764 327 2850 *quatridum
345 2788 404 2848 pro
422 2764 609 2848 reparandis
631 2767 824 2850 sumptibus,
847 2768 899 2828 vel
914 2766 1135 2851 cuiuscunque
1155 2790 1248 2829 occa-

133 2846 234 2939 s‘iplpis
256 2844 365 2910 caussa
387 2849 603 2947 praeteriens,
626 2872 729 2911 moras
751 2850 862 2911 efferre
886 2849 1041 2929 voluerit,
1065 2860 1247 2912 conventus

132 2954 157 3000 a¹
175 2909 321 3008 alumine,
349 2933 404 2994 ub1
428 2942 538 3013 postea
554 2933 726 3011 manserit,
748 2934 801 2996 vel
820 2955 838 2993 a
856 2955 919 3018 quo
943 2932 1174 2994 humanitatem
1189 2934 1246 2992 fu-

131 3005 247 3104 gitivus
266 3013 462 3098 susceperit,
498 3024 629 3099 cogatur
650 3016 837 3078 ostendere:
870 3017 1004 3077 etiufra
1026 3038 1080 3077 sex
1104 3035 1243 3093 mensae,

130 3099 186 3158 aut
208 3097 351 3160 inveniat
375 3099 410 3158 fu
432 3098 561 3177 itivum,
592 3105 647 3159 aut
676 3120 750 3176 eos,
784 3100 870 3181 apud
889 3119 970 3182 quos
994 3109 1104 3181 postea
1126 3097 1243 3177 fuerit,

131 3181 290 3242 ostendat.
333 3121 430 3260 Quod
443 3183 469 3242 si
488 3197 553 3242 non
577 3183 717 3264 potuerit
731 3182 888 3257 invenire,
911 3181 1142 3243 conscientiam
1155 3203 1246 3242 suam

131 3285 172 3325 ex
188 3263 254 3324 hoc
275 3273 474 3326 sacramento
497 3279 633 3348 purgare
656 3267 767 3327 debet:
801 3274 833 3326 et
849 3265 937 3347 apud
958 3264 1244 3347 quemsnovissime

128 3347 235 3424 venit,
267 3354 324 3405 aut
347 3356 567 3430 repraesentet
589 3348 645 3430 qui
667 3348 769 3432 fugit,
799 3356 853 3408 aut
875 3347 960 3430 paris
984 3347 1090 3408 meriti
1119 3367 1246 3407 servum

129 3429 404 3491 domino‘reddat.
445 3431 488 3494 Et
506 3431 531 3490 si
558 3453 666 3495 servus
687 3442 797 3514 postea
820 3431 920 3492 luerit
945 3430 1115 3508 inventus,
1149 3431 1246 3490 illum

128 3525 226 3594 quem
237 3533 299 3595 pro
322 3513 437 3575 eodem
457 3513 590 3576 dederat
609 3514 760 3598 recipiat,
782 3525 814 3577 et
831 3514 871 3577 ab
885 3513 974 3575 omni
990 3513 1173 3598 calumpnia
1192 3534 1245 3576 se-

128 3596 409 3658 aurasatecedaa

566 3715 606 3780 V.
647 3735 797 3791 surrent.

132 3776 158 3806 111
188 3789 191 3797 =

124 3824 168 3892 ati
184 3827 328 3895 ,calchum
343 3832 536 3916 mancipium
556 3832 627 3912 quis
641 3829 834 3913 persuadeat
853 3841 888 3892 ut
896 3825 1025 3911 fugiat,
1057 3827 1115 3890 uel
1132 3819 1245 3890 huma'-

151 3939 169 3968 .·
200 3962 205 3972 ,
379 3909 384 3919 ’
526 3916 655 3974 nitatem
679 3911 852 3997 impendat.

149 4038 152 4048 ·
209 3993 246 4058 Si
269 3996 343 4076 quis
368 3994 476 4058 alieno
500 3993 662 4078 mancipio
683 3993 876 4077 persuaserit
898 4001 935 4056 ut
962 3992 1084 4078 fugiat,
1119 4003 1175 4054 aut
1203 3992 1245 4072 ei,

120 4077 320 4143 -cumaseiret
336 4078 524 4161 fugitivum,
545 4076 777 4140 humanitatem
792 4076 936 4156 dederit,
958 4087 1013 4136 aut
1029 4080 1112 4139 forte
1134 4078 1247 4138 deton-

125 4158 434 4242 deritiuglanlemr
461 4162 487 4224 si
516 4160 688 4244 fugitivum
715 4161 836 4244 poterit
866 4159 1030 4238 iuvenire,
1066 4161 1147 4221 duos
1170 4182 1247 4221 cum

125 4242 240 4326 eodem
263 4243 349 4326 paris
364 4243 468 4304 meriti
490 4243 621 4310 domine
636 4245 811 4308 reformare
832 4253 971 4327 cogatur.
1016 4241 1050 4306 Si
1069 4254 1177 4309 autem
1192 4243 1245 4305 in-
