2684 4868
282 307 778 377 nso1swrsioornononn1s.
801 311 833 366 v.
852 306 925 364 nr.
944 307 996 364 ιιι.
1123 291 1197 368 sti

81 447 118 506 in
138 447 291 506 moritum
310 446 458 516 conferre
479 449 634 546 voluerit,
665 447 847 512 donationis
865 447 946 512 hoec
968 452 1068 513 forms
1086 473 1198 516 servo-

81 539 155 590 tur:
179 529 206 590 si
222 539 346 608 tumen,
368 531 527 593 violenter
554 554 572 591 a
599 529 675 596 viris
702 550 768 592 non
798 532 897 593 suerit
924 545 1034 596 exacto
1056 534 1209 598 donatio:

83 612 218 673 Servata
240 611 349 695 legum
369 611 403 672 in
427 613 574 675 omnihus
599 613 787 692 sanctione,
822 635 904 696 quae
925 615 959 676 in
983 617 1197 684 decernendis

84 695 297 758 facultatibus
317 695 496 758 dinoscitur
517 695 664 758 ordinata
685 696 871 764 consistere.

213 881 307 959 Τιἰ,
330 881 398 960 ΙΙΙ.
449 881 509 953 De
534 883 780 954 Petronomm
805 881 1071 960 donationibus.

543 1047 568 1114 1.
609 1068 757 1122 sorsque.

87 1157 125 1218 Si
148 1161 176 1219 is
198 1161 255 1243 qui
274 1162 309 1220 in
326 1162 505 1244 patrocinio
524 1163 710 1223 constitutus
731 1174 795 1236 est,
816 1161 871 1223 νει
879 1160 954 1246 filii
969 1164 1036 1224 eius
1046 1207 1060 1237 ,
1079 1174 1193 1250 patro-

350 1265 425 1303 num
447 1257 501 1304 aret
510 1243 607 1342 filios
623 1247 753 1330 patroni
772 1247 938 1327 relinquat.

119 1389 123 1396 ,
170 1321 204 1383 Si
224 1324 297 1404 quis
319 1325 368 1402 ei,
390 1348 489 1408 quem
508 1348 540 1387 ιιι
557 1327 736 1407 patrocinio
760 1326 925 1402 hebuerit,
947 1331 1034 1388 ernis
1056 1326 1193 1406 dederit,

85 1405 141 1468 rel
161 1405 287 1486 aliquid
307 1408 496 1488 donaverit,
518 1410 604 1490 opud
623 1411 726 1492 ipsum
745 1431 827 1491 quas
845 1419 920 1471 sunt
936 1409 1052 1471 donato
1071 1432 1196 1492 perins-

85 1498 172 1552 neut.
214 1489 249 1549 Si
271 1511 348 1553 vero
370 1491 470 1552 alium
490 1492 550 1552 sibi
569 1502 739 1574 patronum
759 1491 911 1574 elegerit,
945 1491 1060 1552 hebeat
1089 1491 1195 1554 ticen-

86 1571 164 1631 tiom
185 1571 239 1633 cui
260 1593 293 1633 se
315 1573 458 1635 voluerit
478 1575 713 1637 commendere.
769 1574 930 1653 Quoniam
961 1574 1103 1657 ingenuo
1132 1573 1194 1634 ho-

86 1653 168 1713 mini
191 1674 257 1714 non
279 1664 383 1738 potest
403 1655 585 1740 prohiberi,
616 1657 692 1739 quis
720 1656 754 1717 io
776 1679 832 1719 sus
855 1665 1006 1739 potestate
1030 1655 1196 1718 consistit:

85 1737 143 1798 ‘sed
163 1737 279 1798 reddat
299 1737 407 1798 omnis
427 1747 580 1821 petrono,
601 1761 699 1822 quem
721 1739 873 1804 deseruit.
914 1738 1033 1801 Similis
1055 1744 1087 1802 et
1107 1737 1196 1802 circu

22 1815 26 1824 ’
79 1819 170 1889 Ιιὶιίοε
192 1821 340 1900 patroni,
372 1823 426 1883 vel
449 1821 623 1884 filioseius
645 1821 758 1904 quiin
780 1820 1057 1903 patrociniofuit,
1090 1822 1195 1882 forma

84 1912 246 1966 servetur:
270 1911 306 1964 ut
328 1902 356 1964 si
377 1912 441 1964 tom
464 1904 530 1986 ipse
555 1904 611 1986 qui
637 1904 672 1964 in
700 1903 882 1986 patrocinio
905 1904 983 1981 fuit,
1013 1925 1109 1986 quem
1132 1903 1195 1967 titii

84 1985 173 2062 eius,
196 1984 273 2046 tiliis
289 1986 416 2067 patroni
433 1986 565 2070 obsequi
580 1987 764 2067 voluerint,
786 1986 903 2047 donata
925 1985 1117 2067 possideant.
1157 1983 1193 2048 si

82 2087 160 2148 ¹vero
186 2067 315 2149 patroni
338 2069 422 2131 tilios
443 2071 496 2132 vel
524 2079 655 2151 nepotes
679 2069 756 2153 ipsis
782 2068 969 2130 nolentibus
995 2065 1192 2131 credideriut

82 2149 340 2232 relinquendos,
371 2151 508 2214 reddunt
528 2151 700 2230 universa,
729 2173 811 2234 quae
832 2150 1018 2232 ponentibus
1040 2171 1151 2214 cononi
1173 2173 1192 2212 a

82 2242 221 2315 patrono
244 2232 358 2294 donato
381 2243 465 2298 sunt.
507 2233 704 2316 Quicunque
726 2243 833 2296 sotem
854 2231 886 2293 io
932 2231 1088 2294 strocinio
1110 2255 1192 2296 con-

82 2314 224 2392 stitutus,
246 2315 306 2376 sub
325 2325 460 2398 petrono
482 2314 606 2398 aliquid
629 2316 830 2398 acquisierit,
849 2255 1002 2376 metiietss
1023 2335 1064 2378 ex
1085 2314 1193 2378 omni-

82 2395 145 2457 bns
165 2395 201 2456 in
218 2401 345 2478 patroni
369 2401 420 2461 tet
438 2399 578 2461 tiliorum
602 2398 701 2480 ipsios
715 2406 870 2481 potestate
885 2398 1044 2472 consistat.
1087 2397 1192 2465 Aliam

81 2498 162 2540 vero
184 2480 387 2543 medietatem
408 2483 495 2543 idem
513 2481 746 2558 buccellarius,
768 2480 825 2562 qui
846 2479 1019 2562 acquisivit
1039 2479 1192 2544 obtinent.

83 2559 183 2639 Quod
203 2562 230 2622 si
247 2563 462 2628 buccellarius
479 2565 577 2626 filiurn
596 2564 819 2626 tantummodo
837 2562 1017 2644 reliquerit,
1040 2572 1072 2624 et
1089 2563 1194 2624 filium

85 2663 155 2702 nos
172 2644 358 2728 reliquerit,
380 2648 480 2731 ipsum
498 2649 531 2708 in
551 2656 707 2733 potestate
728 2645 855 2729 patroni
878 2667 1008 2708 manere
1026 2645 1190 2709 iubemus:

84 2725 134 2788 sic
154 2732 258 2788 tameo
281 2739 317 2789 ut
338 2730 406 2812 ipse
427 2741 579 2813 patronus
600 2730 768 2811 aequalem
789 2727 819 2790 ei
842 2729 1023 2806 provideat,
1046 2730 1103 2811 qui
1120 2752 1191 2790 eam

83 2807 146 2869 sibi
164 2811 263 2890 possit
279 2812 313 2872 in
331 2813 533 2875 matrimonio
551 2811 692 2890 sociare,
714 2822 746 2873 et
767 2810 927 2892 quidquid
948 2812 1030 2892 petri
1049 2813 1101 2877 rel
1123 2835 1190 2874 ma-

82 2891 126 2951 tri
146 2891 247 2952 fuerit
268 2895 377 2956 datum
396 2896 436 2957 ad
457 2914 532 2956 eam·
546 2894 715 2978 pertineat.
765 2894 861 2972 Quod
890 2893 919 2953 si
940 2894 1006 2975 ipss
1028 2895 1088 2956 sibi
1110 2917 1190 2956 eoo-

82 2981 130 3033 trs
160 2975 361 3039 voluntatem
392 2979 520 3060 petroni
554 2977 742 3039 inferiorem
762 2978 845 3037 forte
868 2975 1017 3036 moritum
1038 2977 1189 3058 elegerin

84 3055 245 3136 quidquid
274 3059 356 3140 putri
391 3060 459 3122 eius
490 3070 663 3142 upatrono
683 3061 788 3120 fuerat
809 3058 986 3136 donatum,
1019 3059 1072 3126 vel
1094 3082 1112 3118 a
1133 3081 1190 3142 pa-

83 3139 230 3202 rentibus
249 3142 396 3226 pauori,
417 3151 556 3238 patrono
574 3143 626 3205 rel
647 3140 822 3231 heredibus
844 3140 913 3204 eius
933 3139 1092 3208 restituat.

544 3279 586 3344 11.
609 3302 756 3358 serious.

80 3387 131 3458 *De
149 3397 247 3458 αιἠιίσ
268 3415 347 3481 quae
365 3395 484 3458 dantur
502 3397 663 3458 saionibus
681 3398 715 3457 in
735 3396 916 3481 patrocinio
935 3395 1131 3472 constitutis,
1159 3405 1190 3456 et

81 3501 84 3506 ·
412 3479 452 3541 de
469 3480 726 3563 acquisitionibus
744 3500 861 3545 eorum.

162 3560 260 3624 Arma
280 3583 362 3644 quse
385 3562 547 3624 saionibus
564 3584 622 3645 pro
643 3561 797 3642 obsequio
816 3560 998 3638 donentur,
1020 3560 1112 3620 nulls
1135 3579 1188 3620 ra-

79 3641 170 3704 tione
191 3667 209 3704 s
224 3645 377 3706 donatore
392 3653 589 3726 repetentur.
632 3644 695 3705 sed
713 3643 769 3704 ills
785 3663 867 3724 quae
890 3642 969 3703 dum
984 3643 1053 3704 saio
1069 3653 1118 3704 est
1137 3663 1187 3702 ac-

81 3726 231 3808 quisirit,
253 3727 287 3787 in
308 3727 437 3811 patroni
458 3736 613 3810 potestate
635 3727 820 3788 consistant.

512 3869 570 3930 111.
613 3888 760 3942 enricus.

110 3983 169 4042 ·De
183 3983 274 4044 rebius
287 3985 321 4045 in
337 3986 517 4066 patrocinio
532 3983 734 4066 conquisitis,
754 3983 809 4042 oet
823 4003 844 4041 o
856 3993 994 4063 patrono
1010 3981 1145 4046 collatis.

159 4065 251 4125 Sicut
270 4067 418 4150 superius
440 4068 563 4129 dictum
585 4075 648 4136 est,
681 4065 707 4130 si
729 4065 800 4148 quis
822 4085 897 4125 curn
917 4062 1188 4145 aliquopatroci-

77 4145 125 4206 nii
148 4169 258 4209 caussa
284 4149 454 4228 consistat,
491 4148 673 4230 etvuliquid
704 4149 781 4210 durn
803 4169 878 4208 euno
899 4168 937 4206 eo
961 4146 1098 4220 habitat,
1130 4145 1189 4206 sd-

75 4225 246 4312 qoisierits
270 4233 558 4296 ostimentum
579 4232 739 4311 infidelis,
774 4231 830 4294 vet
854 4252 930 4292 eum
959 4228 1189 4310 derelinquere
