2632 4822
129 227 202 308 742
485 243 651 302 rorcruu
686 237 867 304 nornmrs

212 383 423 453 CCCXLlll.
465 383 500 448 Si
518 385 589 468 quis
607 383 731 448 caballo
750 387 859 450 alieno
871 387 1008 452 caudam
1026 363 1249 472 capellaverit,

128 475 164 538 id
182 481 231 538 ost
247 479 331 535 setas
349 468 499 547 traxerit,
521 478 693 551 componat
713 471 834 534 solidos
854 469 912 534 VI.
973 469 1002 532 l.
1028 493 1079 554 ¹9·
1101 493 1157 535 20,

215 583 421 652 CCCXLlV.
463 581 497 646 Si
519 583 590 666 quis
612 585 772 646 caballum
792 587 936 648 alienum
955 587 1161 672 plagaverit,
1197 600 1247 652 aut

128 671 270 756 aliquam
292 667 467 728 laesionem
492 665 625 743 fecerit,
646 679 726 730 tunc
743 669 901 730 Dominus
924 671 1041 732 caballi
1060 671 1180 734 reddat
1200 673 1247 755 ip·

130 777 201 818 sum
224 751 383 814 caballum
405 749 454 811 illi
472 747 613 830 homini,
636 750 693 833 qui
715 752 890 814 laesionem
909 753 1005 831 fecit,
1027 763 1066 815 ut
1085 753 1159 838 ipsc
1176 777 1245 816 cum

129 847 240 914 sanct,
262 843 295 896 ct
314 833 392 896 dum
411 833 478 917 ipse
497 854 606 895 sanare
627 835 785 916 potuerit,
819 836 873 897 det
893 834 944 896 illi
965 859 1061 898 suum
1079 838 1245 921 proprium

128 919 301 994 caballum,
325 917 464 998 qualiter
484 916 656 976 utilitatem
677 939 765 978 suam
785 918 891 984 faciat.
931 921 974 980 Et
996 921 1022 981 si
1045 922 1118 1004 ipsc
1142 923 1245 982 cabal-

128 1003 196 1080 lus,
220 999 276 1084 qui
299 999 404 1060 laesus
427 999 539 1076 fuerit,
561 999 601 1059 ad
622 999 787 1082 pristinam
807 1000 938 1063 redierit
957 1002 1152 1082 sanitatem,
1173 1005 1244 1066 red·

129 1089 182 1146 dut
197 1083 301 1168 ipsum
320 1082 451 1165 proprio
468 1081 618 1148 Domino.
660 1083 694 1144 si
714 1093 821 1144 autem
843 1105 883 1144 ex
903 1084 972 1168 ipsa
996 1085 1145 1148 laesione
1162 1109 1243 1148 mor-

127 1177 200 1229 tuus
219 1166 334 1243 fuerit,
355 1165 470 1226 reddat
487 1164 587 1225 alium
605 1164 752 1227 similem.
791 1167 876 1228 Etsi
901 1168 1095 1250 contigerit,
1131 1179 1168 1230 ut
1182 1170 1242 1254 ipse

128 1250 288 1326 caballus,
323 1247 381 1330 qui
402 1247 588 1330 pignoratus
609 1256 674 1326 est,
708 1250 794 1332 apud
815 1249 919 1333 ipsum
947 1252 1126 1330 moriatur,
1169 1263 1242 1314 tunc

128 1330 302 1398 satisfaciat
319 1331 399 1409 ille,
422 1330 478 1414 qui
503 1351 577 1392 eum
599 1330 803 1414 pignoratum
822 1332 953 1411 habuit,
976 1333 1003 1395 si
1024 1338 1175 1420 pulsatus
1195 1340 1243 1398 fu-

127 1417 208 1494 erit,
243 1415 331 1497 quod
358 1436 423 1474 uon
448 1435 507 1498 per
532 1415 620 1476 illius
640 1415 871 1500 negligentiam
892 1425 1040 1482 mortuus
1067 1419 1188 1498 fuerit,
1215 1426 1244 1481 et

128 1509 240 1585 postea
258 1497 349 1558 nulla
368 1497 409 1558 sit
424 1497 584 1580 repetitio.
647 1497 675 1564 Ι.
701 1520 746 1582 19.
769 1521 818 1562 21.

197 1619 280 1656 roan.
317 1603 395 1654 Patre
409 1613 438 1655 te
454 1603 575 1672 appellat
591 1603 742 1665 Martinus,
770 1603 846 1674 quod
861 1604 977 1675 plagasti
996 1625 1086 1661 unum
1104 1625 1185 1664 suum
1203 1628 1243 1663 ca·

126 1673 242 1728 bellurn.
280 1673 308 1724 si
326 1673 446 1738 dixerit,
468 1673 543 1743 quod
560 1674 693 1743 plagarit;
722 1673 836 1743 recipiat
853 1675 888 1726 ed
905 1677 1069 1734 sanandum.
1107 1681 1140 1733 Si
1157 1681 1243 1734 cabal-

127 1745 171 1798 lus
190 1761 271 1796 sauus
289 1741 377 1796 factus
397 1753 451 1806 est,
471 1751 618 1812 antequam
636 1743 785 1815 appellatio
805 1746 871 1808 fiet,
893 1745 965 1798 uilril
982 1748 1026 1799 sit.

196 1815 277 1866 'Petne
295 1822 324 1864 te
342 1815 464 1884 appellat
483 1813 633 1877 Martinus,
661 1813 737 1884 quod
760 1822 792 1866 tu
817 1815 931 1886 plagasti
949 1833 1036 1869 uuum
1055 1835 1137 1870 sunm
1157 1819 1245 1872 cabal-

126 1881 202 1946 lum,
224 1891 251 1936 et
268 1882 394 1953 recepisti
413 1884 447 1935 ad
466 1883 624 1936 sanandum.
660 1883 745 1937 Modo
763 1891 803 1936 est
822 1895 943 1938 mortuus
961 1903 1010 1956 pro
1028 1888 1090 1957 ipsa
1107 1890 1196 1958 plaga

199 1955 278 2005 l‘etre
294 1964 323 2006 te
342 1955 464 2023 appellat
481 1953 633 2015 Martinus,
663 1954 737 2026 quod
759 1954 819 2024 ipse
863 1956 965 2021 ragavis
988 1976 1075 2010 unum
1102 1968 1183 2011 tuurn
1202 1977 1245 2012 ca·

127 2023 244 2085 ballum,
265 2031 293 2074 et
310 2025 414 2094 recepit
434 2024 468 2075 ad
485 2024 657 2092 sanandum3
678 2033 706 2076 et
724 2023 801 2078 dedit
818 1973 861 2076 tii

127 2094 202 2146 unde
220 2102 251 2145 tu
271 2094 372 2146 laceres
390 2104 465 2146 tuam
484 2095 662 2147 voluntatem.
698 2094 782 2146 blodo
796 2103 836 2146 est
849 2113 929 2147 sanus
945 2105 1010 2149 tuus
1025 2098 1167 2166 caballue3
1186 2100 1245 2152 vult

126 2165 204 2286 quod
221 2163 268 2215 des
286 2163 337 2216 sibi
357 2181 451 2228 suum,
471 2172 500 2216 et
517 2165 631 2233 recipias
647 2174 736 2218 tuum.
774 2167 867 2216 Meum
886 2165 1006 2235 recipio,
1026 2169 1075 2220 sed
1093 2177 1172 2220 tuum
1189 2185 1244 2220 nou

149 2236 219 2295 abo,
244 2235 310 2315 quia
328 2243 450 2288 mortuus
468 2244 517 2287 est.
554 2238 647 2299 iuret,
682 2234 758 2306 quod
781 2252 831 2305 per
855 2253 932 2288 suam
951 2238 1153 2305 neglegentiam
1176 2256 1246 2290 mor-

89 2317 95 2338 *
129 2315 194 2358 tuus
211 2321 266 2356 nou
287 2312 331 2358 nt.

212 2405 399 2472 CCCXLV.
455 2405 488 2467 si
518 2405 590 2488 quis
626 2405 785 2468 caballum
809 2407 953 2469 alienum
978 2406 1176 2483 ascenderit,
1214 2414 1247 2467 et

130 2489 214 2550 iutra
233 2489 385 2550 viciniam
406 2497 530 2551 tanturn
545 2490 798 2568 caballicaverit,
820 2491 914 2552 idest
933 2511 990 2574 per
1003 2493 1104 2574 ipsum
1122 2489 1244 2568 vicum,

131 2582 302 2654 componat
327 2572 448 2632 solidos
469 2573 512 2634 ll.
551 2573 630 2633 Nam
654 2573 680 2633 si
704 2571 737 2632 in
762 2581 855 2635 antea
881 2595 955 2634 eum
980 2570 1244 2650 caballicaverit,

131 2663 163 2715 et
192 2655 360 2714 dominum
387 2655 457 2715 eius
486 2677 552 2715 nou
581 2657 756 2742 rogaverit,
798 2657 833 2716 iu
862 2657 985 2740 actigilt
1011 2675 1085 2716 eum
1116 2654 1245 2717 reddat.

129 2737 156 2799 1.
179 2739 228 2802 25.
272 2761 301 2799 a.

215 2739 419 2916 CdchVI.
462 2852 496 2914 si
521 2853 593 2935 quis
619 2853 779 2916 caballum
807 2854 954 2916 alienum
983 2852 1243 2938 apprehenderit,

92 2960 94 2964 ’
130 2937 300 3020 ipsumque
321 2936 563 3018 diffiguraverit,
585 2946 639 2996 aut
658 2937 877 3016 circinaverit,
898 2939 978 2998 furti
996 2959 1101 3020 poena
1120 2935 1163 2998 sit
1179 2938 1245 3001 cul·

131 3019 249 3105 pabilis
271 3019 304 3080 in
320 3018 459 3102 actigilt,
481 3019 515 3078 id
532 3028 581 3080 est
592 3019 652 3079 sibi
672 3042 804 3080 nouum.
867 3022 892 3082 I.
915 3021 965 3088 25.
985 3023 1035 3098 45.

217 3133 435 3198 CCCXLVH.
478 3133 512 3196 Si
532 3135 604 3216 quis
626 3136 784 3196 caballum
806 3136 967 3214 alienum,
997 3145 1052 3196 aut
1074 3135 1246 3217 quodlibet

130 3218 317 3304 peculium,
332 3267 334 3274 ,
348 3219 483 3279 credens
504 3239 597 3278 suum
621 3239 707 3294 esse,
735 3219 1000 3302 apprehenderit,
1031 3229 1064 3279 et
1084 3220 1243 3280 Dominus

123 3304 201 3365 ,eius
218 3324 292 3363 eum
303 3301 507 3383 cognoverit,
530 3311 562 3362 et
579 3300 771 3362 calumniam
783 3323 933 3383 generare
949 3302 1101 3377 voluerit,
1121 3303 1167 3362 ita
1186 3302 1243 3362 de-

132 3386 304 3461 cernimus,
322 3394 357 3444 ut
369 3385 519 3466 praebeat
532 3395 764 3446 sacramentum
775 3387 849 3461 illc,
869 3385 925 3466 qui
936 3379 1011 3446 eum
1021 3383 1137 3460 tenuit,
1156 3383 1244 3466 quod

131 3489 197 3529 non
214 3477 280 3528 asto
300 3467 425 3546 animo,
448 3487 508 3528 nec
524 3468 633 3549 aliqua
644 3489 751 3528 caussa
766 3468 904 3528 iaciente
920 3489 996 3529 eum
1012 3466 1243 3550 prehenderit,

131 3552 188 3613 scd
201 3550 338 3611 credidit
349 3573 441 3611 suum
456 3551 569 3628 fuisse,
592 3559 624 3610 et
638 3551 678 3610 sit
689 3551 851 3612 exsolutus
869 3573 886 3609 a
902 3551 998 3634 culpa
1007 3549 1104 3627 furti,
1127 3560 1162 3610 et
1173 3550 1245 3610 red-

132 3635 186 3699 dat
202 3635 308 3716 ipsum
327 3629 487 3694 caballun'r
498 3632 627 3716 proprio
646 3633 787 3693 Domino
804 3634 960 3700 illaesum.
1004 3635 1038 3695 si
1053 3643 1161 3693 autem
1177 3653 1243 3692 nou

131 3715 358 3802 praesumserit
378 3717 504 3794 iurare,
527 3715 640 3778 reddat
661 3737 735 3776 eum
751 3715 783 3776 in
802 3717 951 3798 actogilt,
974 3717 1051 3799 quia
1072 3725 1246 3798 postquam

124 3800 299 3883 ‘'cognovit,
321 3800 411 3879 quod
429 3821 505 3860 suus
525 3821 591 3859 non
609 3799 741 3876 fuisset,
763 3821 837 3860 mox
858 3800 969 3860 debuit
985 3799 1115 3882 proprio
1129 3797 1246 3858 Domi-

124 3905 176 3954 ¹no
197 3881 409 3943 innotescere.
452 3883 531 3942 Nam
550 3882 575 3942 si
594 3903 668 3942 eum
689 3891 857 3964 postquam
873 3884 1039 3965 cognovit,
1061 3882 1153 3963 quod
1169 3902 1245 3943 suus

122 3963 199 4027 ‘non
231 3965 344 4042 fucrit,
384 3964 583 4042 ascenderit,
622 3965 662 4026 sit
687 3964 857 4048 culpabilis
895 3967 954 4028 sol.
989 3965 1035 4028 ll.
1069 3973 1106 4025 ut
1140 3985 1247 4048 supra.

124 4048 161 4111 ³1.
185 4049 233 4112 25.
255 4050 308 4124 lilt-
894 4089 895 4100 i

862 2026 870 2076 i
889 2043 978 2078 unum
994 2045 1075 2079 suum
1095 2029 1244 2090 caballum,

128 4147 141 4242 ¹,
164 4230 170 4243 ι
201 4147 459 4248 ,qtcxtvllt
500 4150 628 4248 Siquis
649 4151 808 4248 caballum·
822 4151 980 4235 alienum,
1001 4163 1057 4214 aut
1074 4153 1248 4236 quodlibet

121 4235 316 4322 'peribam
338 4235 497 4298 damnum
520 4234 580 4295 srbr
600 4237 773 4297 lactentem
794 4235 970 4316 rnrenerit,
1006 4235 1179 4324 ipsumque
1210 4237 1246 4302 in
