2684 4868
112 267 187 344 554
297 283 404 340 tacis
423 284 714 340 wisrcorsouuu
738 287 804 342 sis.
822 287 869 342 ti.
888 288 958 342 rrr.
977 291 1008 344 v.

111 424 276 492 testificari
308 426 339 488 ei
367 426 453 486 ultra
475 447 539 488 non
568 425 673 496 liceat.
728 427 794 505 Qui
816 448 894 492 vcro
922 433 952 505 s)
979 427 1121 492 alienum
1149 451 1218 494 ser·

110 529 188 573 rum
209 510 263 574 vel
283 509 436 570 ancillam
467 531 508 572 ex
528 509 761 572 deliberatione
790 532 865 572 suae
886 511 1059 574 voluntatis
1086 512 1219 576 occide-

111 593 171 672 rit,
200 593 254 658 vel
276 592 491 654 occidendum
511 593 730 676 praeceperit,
762 593 842 655 duos
864 595 1007 655 eiusdem
1026 595 1131 656 meriti
1150 617 1217 656 ser·

110 697 167 738 vos
195 697 254 739 seu
282 674 435 751 ancillas,
491 676 672 738 occisorum
724 676 873 738 dominus
901 677 942 739 de
978 677 1127 739 facultate
1153 678 1216 739 ho·

112 758 250 842 micidae
283 768 548 901 nconsequuturus
577 768 641 822 est:
692 758 854 821 homicida
900 771 1004 822 mmen
1039 760 1216 822 secundum

110 842 311 924 superiorem
353 841 501 904 crinem
541 842 693 922 perennis
722 842 814 903 exilii
834 863 973 926 poenam
1002 841 1219 904 indubitanter

112 924 263 1006 excipiat.
315 926 395 986 Nam
420 922 447 986 si
470 925 618 986 dominns
640 926 773 986 fortasse
795 926 848 987 vel
872 925 1021 1000 domina,
1050 925 1086 984 in
1116 925 1220 985 ancil-

112 1004 145 1066 la
166 1008 221 1068 vel
242 1028 353 1084 servo,
374 1016 440 1066 tam
462 1007 593 1090 proprio
614 1028 710 1089 quam
731 1017 861 1085 extero,
888 1007 940 1068 vel
962 1005 1152 1068 incitatione
1171 1007 1221 1066 in·

112 1085 215 1150 iuriae
236 1091 288 1153 vel
310 1090 353 1150 itu
374 1099 567 1169 commotus,
590 1091 667 1151 dum
689 1088 893 1172 disciplinam
910 1089 1048 1172 ingerit,
1072 1109 1224 1171 quocun-

113 1192 179 1252 que
202 1171 269 1232 ictu
290 1171 473 1255 percutiens
494 1172 706 1235 homicidium
725 1171 975 1256 perpetraverit,
1007 1181 1040 1232 et
1060 1173 1115 1234 vel
1135 1170 1226 1233 testi·

114 1253 175 1315 bus
206 1254 335 1336 probari
375 1254 537 1336 potuerit,
577 1255 630 1318 vel
668 1266 755 1318 certe
784 1263 982 1318 sacramento
1018 1277 1109 1316 suam
1143 1275 1225 1316 con·

115 1336 283 1398 scientiam
313 1335 507 1420 expiaverit,
540 1338 683 1400 nolendo
709 1338 773 1400 tals
802 1337 1013 1400 homicidium
1046 1337 1226 1400 commisis-

115 1440 168 1497 se,
199 1420 239 1482 ad
259 1420 355 1482 huius
380 1418 461 1501 legis
487 1421 678 1482 sententiam
700 1420 805 1483 teneri
826 1442 892 1481 non
914 1419 1041 1502 poterit.
1095 1421 1225 1483 Verun-

115 1509 222 1566 tamen
244 1504 270 1564 si
291 1502 375 1565 servi
397 1502 449 1564 vel
472 1502 628 1580 ancillae,
653 1503 892 1565 instituentibus
916 1502 968 1565 vel
989 1501 1227 1564 consentienti-¹

115 1585 176 1646 bus
207 1584 363 1664 dominis,
403 1583 438 1643 in
473 1586 637 1648 conservis
661 1586 726 1648 suis
752 1586 806 1648 vel
833 1586 1081 1668 quibuscunque
1110 1604 1225 1668 persc-

117 1668 169 1729 nie
187 1666 328 1729 dixerint
340 1689 373 1729 se
384 1665 595 1729 homicidium
606 1677 824 1751 perpetrasse,
837 1678 936 1750 etper
946 1667 1147 1728 exactionem
1161 1675 1227 1727 tor·

117 1759 302 1811 mentorum
325 1750 453 1812 eosdem
475 1749 621 1812 dominos
640 1771 713 1812 suos
732 1751 810 1812 talia
836 1751 898 1812 sibi
916 1749 1119 1812 constituisse
1139 1756 1229 1809 taxa·

117 1830 241 1895 tarint:
279 1834 364 1895 servi
392 1832 525 1914 quidem
546 1833 598 1895 vel
630 1833 767 1894 ancillae
790 1833 867 1893 talia
892 1840 1130 1916 perpetrantes,
1152 1851 1228 1893 cen·

116 1913 203 1975 teuis
233 1914 370 2000 flagellis
391 1915 523 1998 publice
544 1914 737 1978 verberandi
765 1925 860 1993 sunt,
890 1936 927 1977 ac
954 1911 1092 1993 turpiter
1119 1913 1229 1977 <lecal-¹

116 1997 224 2062 tandi.
285 2000 408 2060 Eorum
448 2019 525 2059 vero
553 1998 695 2076 domini,
731 1997 759 2060 si
782 1997 960 2059 iuraverint
983 1996 1030 2057 nil
1051 1997 1117 2057 tale
1143 1995 1228 2056 ordi·

116 2099 230 2158 nasse,
272 2081 312 2142 ad
347 2081 427 2172 legis
461 2079 559 2142 huius
594 2080 785 2142 sententiam
823 2081 1010 2140 nullatenus
1045 2087 1229 2141 teneantur.

116 2161 224 2244 litque
245 2165 297 2225 illi
318 2164 375 2246 qui
400 2184 473 2226 suos
501 2184 674 2226 conservos
701 2162 898 2240 occiderint,
931 2161 966 2220 in
993 2169 1147 2242 potestate
1169 2160 1230 2222 do·

116 2245 198 2305 mini
226 2246 276 2308 sui
303 2268 415 2308 eorum
433 2267 544 2309 caussa
572 2246 737 2323 consistat,
767 2254 804 2307 ut
827 2243 969 2308 faciendi
992 2243 1032 2304 de
1065 2243 1111 2305 eis
1140 2243 1230 2325 quod

118 2328 286 2389 voluerint
316 2329 482 2391 licentiam
512 2328 662 2393 habeant.
718 2327 754 2389 Si
785 2349 862 2390 vero
886 2327 1029 2390 alienum
1049 2325 1123 2409 quis
1143 2325 1229 2388 occi-

119 2407 205 2471 derit
228 2432 372 2488 servum,
410 2411 441 2472 ei
467 2412 583 2495 procul
607 2409 707 2471 dubio
740 2410 916 2471 traditurus
946 2417 1015 2487 est,
1043 2408 1135 2470 cuius
1167 2427 1230 2470 ser·

118 2511 197 2554 rum
223 2493 277 2555 vel
304 2493 455 2554 ancillam
492 2493 673 2556 dinoscitur
702 2492 866 2558 occidisse.
925 2493 1149 2572 Quaecunque
1175 2512 1228 2551 au-

117 2581 184 2636 tem
200 2591 339 2659 persona
358 2576 502 2660 ingenua
520 2585 652 2660 propter
671 2574 751 2638 furti
770 2574 976 2660 rapacitatem
989 2574 1025 2634 in
1042 2572 1159 2636 itinere
1174 2573 1227 2636 rel

117 2727 402 2744 m

187 2840 212 2911 s)
228 2839 276 2898 Al.
303 2857 362 2891 mss.
388 2837 592 2892 damnationem
615 2838 759 2902 excipere,
790 2835 932 2908 confestim
958 2833 1083 2889 dominus
1108 2835 1167 2888 eius
1187 2835 1230 2888 vel

119 2924 268 2966 accusator
286 2909 375 2964 iudici
396 2913 454 2964 laci
476 2913 553 2964 illius
578 2909 627 2961 ubi
643 2907 694 2960 hoc
720 2918 843 2960 exortum
858 2907 964 2974 fuerit,
993 2919 1042 2960 aut
1061 2906 1162 2958 Comiti
1187 2905 1229 2957 vel

118 2980 194 3036 Duci
208 2983 354 3054 publicare
372 3000 429 3034 non
444 2978 569 3052 differat:
596 2991 623 3032 et
639 2979 747 3049 agitata
765 2976 948 3040 discussione,
974 2974 1036 3028 dum
1053 2973 1235 3043 manifestum·

118 3053 224 3106 crimen
238 3054 380 3125 patuerit,
397 3055 447 3104 seu
464 3071 482 3104 a
499 3049 591 3104 iudice
602 3067 651 3102 seu
665 3067 682 3100 a
692 3049 805 3118 proprio
816 3045 931 3098 Domino
948 3058 1058 3098 mortem
1075 3057 1157 3116 quam
1174 3061 1229 3096 me·

118 3137 198 3176 retur
221 3141 283 3177 reus
311 3125 442 3192 excipiat.
477 3119 522 3173 Ita
541 3133 632 3172 tumen
649 3131 680 3171 ιιι
700 3120 725 3170 si
744 3134 818 3170 reum
836 3114 921 3169 iudex
945 3114 1069 3168 occidere
1087 3114 1228 3173 noluerit,

118 3195 291 3259 mortiseius
316 3194 479 3246 sententiam
504 3192 613 3260 scriptis
638 3187 788 3252 decernat,
822 3199 847 3238 et
875 3199 964 3238 utrum
989 3183 1146 3255 interficere
1171 3199 1231 3236 eum

119 3263 247 3317 daminus
264 3265 339 3323 eius,
360 3282 399 3314 an
417 3263 499 3314 vitam
517 3277 627 3314 servare
652 3258 784 3318 voluerit,
804 3257 835 3307 in
850 3267 983 3325 potestate
1008 3257 1065 3308 eins
1090 3253 1230 3306 consistat.

120 3335 199 3390 Sane
216 3336 243 3386 si
258 3351 355 3387 servus
373 3334 420 3390 vel
437 3332 544 3385 ancilla
563 3349 629 3383 casu
645 3329 776 3400 pestifera
794 3327 930 3378 resultans
949 3324 1067 3378 dominis
1084 3326 1160 3384 suis,
1187 3340 1234 3376 seu

120 3405 217 3477 gladio
236 3406 278 3459 vel
300 3402 412 3474 lapide,
439 3405 495 3456 sire
520 3417 684 3472 quocunque
709 3401 767 3451 ictu
791 3394 947 3456 dominum,
975 3395 1145 3447 dominumve
1168 3410 1233 3462 per·

120 3477 254 3538 casteria,
280 3475 329 3528 vel
342 3487 485 3546 percutere
504 3483 619 3526 conatus
633 3470 740 3539 fuerit,
767 3480 793 3521 et
811 3465 917 3518 domini
933 3482 961 3518 se
980 3466 1119 3536 cupientes
1138 3461 1234 3584 desen-
1315 3468 1317 3470 ’

120 3545 204 3611 dere,
235 3547 329 3598 statim
346 3547 377 3596 in
396 3563 427 3598 eo
451 3545 549 3612 furore
573 3558 683 3593 servum
701 3551 752 3592 aut
768 3537 901 3590 ancillam
919 3533 1090 3596 acciderint,
1112 3533 1162 3585 nul
1174 3547 1233 3586 ate-

120 3635 173 3668 nus
196 3613 236 3668 ael
258 3617 476 3687 satisjactionem
498 3611 611 3666 tenendi
634 3621 699 3664 sunt
720 3606 878 3662 homicidii:
904 3608 930 3658 si
954 3619 1046 3658 tamen
1069 3622 1113 3656 res
1136 3604 1232 3656 taliter

118 3688 197 3756 gesta
213 3687 485 3758 probabilisfuerit,
513 3683 564 3736 hoc
582 3694 639 3743 est,
666 3692 692 3733 et
715 3698 767 3751 per
788 3678 970 3731 testimonium
989 3676 1031 3729 vel
1047 3675 1231 3728 iuramentum

119 3773 263 3808 servorum
280 3758 329 3809 vel
346 3757 533 3815 ancillarum,
558 3771 626 3826 quos
645 3751 803 3819 interfuisse
821 3747 993 3807 constiterit,
1027 3757 1053 3798 et
1068 3762 1119 3813 per
1135 3760 1233 3795 sacra·

119 3837 237 3876 mentum
257 3827 331 3890 eius,
372 3828 403 3878 ui
418 3826 489 3876 talia
508 3825 629 3894 gesserit.
647 3823 717 3874 Nam
735 3823 761 3874 si
777 3839 812 3874 ea
830 3817 961 3888 disposita
978 3816 1103 3868 malitiae
1121 3829 1232 3866 servum

120 3914 198 3949 suum
217 3897 259 3947 vel
277 3846 427 3957 ancillam,
445 3913 493 3948 seu
510 3912 560 3962 per
577 3911 605 3946 se
618 3895 674 3946 sive
690 3909 740 3961 per
756 3889 901 3960 quemlibet
915 3901 996 3941 extra
1012 3886 1150 3955 publicum
1165 3901 1235 3935 caa-

120 3984 182 4019 men
207 3963 331 4018 occidere
356 3968 514 4036 quicunque
537 3963 766 4034 praesumpserit,
795 3971 905 4012 natatus
932 3958 1051 4029 infamia
1082 3951 1232 4026 testificare

120 4038 148 4088 ei
166 4035 242 4088 ultra
266 4053 324 4087 non
341 4038 377 4086 sit
394 4037 514 4094 licitum,
543 4047 568 4085 ct
584 4047 696 4103 propter
714 4030 863 4085 arcendam
882 4028 962 4080 huius
981 4029 1024 4080 rei
1042 4027 1230 4084 temeritatem,

121 4105 249 4160 redactus
266 4107 429 4158 inexilium
452 4105 501 4156 sub
527 4105 698 4174 poenitentia
724 4104 871 4171 persistat,
899 4114 1041 4170 quousque
1068 4094 1231 4153 advixerit,

120 4191 147 4230 et
163 4176 284 4241 facultas
303 4178 361 4230 eius
379 4178 435 4228 illis
453 4173 602 4246 proficiat,
630 4174 727 4244 quibus
745 4173 798 4240 lex·
813 4169 852 4222 ad
868 4166 1030 4237 capiendam
1054 4165 1231 4220 hereditatem

120 4248 270 4304 vicinioris
286 4245 390 4319 gradus
409 4247 592 4301 accessionem
611 4241 742 4314 indulget.
783 4243 836 4310 Qui
853 4257 916 4294 vero
935 4250 984 4293 etc.
