2648 4874
289 282 396 349 anais
413 275 992 366 u1srupmonuuu1mu.mn.r.
1089 269 1182 346 atur

60 433 213 498 sacerdoti
226 439 358 529 pateant
378 429 602 515 publicandae,
620 426 1055 514 Etsidppsitorpcontigtbii,
1068 430 1183 492 'mdia

60 515 243 579 huiusmodr
265 515 430 598 scripturis
450 522 571 590 auctor,
593 513 650 594 qui
668 513 871 608 subscribet&
893 512 1065 595 elebatum
1089 513 1092 521 '
1112 515 1183 575 'ow

58 597 272 696 impresserit,
306 597 369 657 hoc
392 595 496 678 ipsum
513 595 621 672 testis,
635 595 708 679 ηαξ,
725 595 887 666 iu'eadcm
908 595 1184 678 sulptumasutia*

58 689 195 764 scriptor
216 680 364 758 accessit,
393 679 497 740 iurare
520 677 654 756 curabit,
668 677 752 759 ¹quia
774 677 902 773 siguum
925 677 1184 761 iptumaiocnt·

59 768 162 828 (litore
190 763 315 824 factum
340 761 506 838 extiterit,
542 769 573 820 et
596 769 676 822 tunc
709 760 832 820 stabilis
862 759 955 828 erit„
980 760 1186 825 tuaeve-0»

59 843 248 930 scripturae,
279 865 360 926 quae
384 844 443 905 sub
469 842 558 904 tertii
588 841 910 926 ordinis'alligatione
936 850 1012 903 sunt
1039 831 1167 905 editae:
1216 837 1220 846 ’

59 933 95 993 id
116 938 175 1004 est,
198 930 233 988 in
255 928 374 1009 quibus
388 927 560 994 advocatus
582 948 600 985 a
616 925 782 986 conditore
802 919 967 1008 legitimus
982 925 1075 988 testis
1091 926 1170 988 sub-

59 1012 201 1094 scripsit,
220 1019 300 1070 tunc
320 1008 407 1070 omni
422 1008 600 1070 habeantur
622 1008 753 1074 stabiles
777 1008 938 1084 firmitate,
960 1007 1183 1112 quaudoe'inag

58 1099 107 1158 lra
135 1116 193 1154 sex
214 1098 419 1169 menses,·et
442 1091 500 1154 ille
530 1090 586 1174 qui
615 1089 649 1152 in
675 1089 787 1154 eadem
810 1091 969 1172 scriptura
995 1093 1036 1153 ad
1063 1093 1169 1153 vicem

59 1177 231 1240 morientis
253 1174 451 1257 subscriptor
480 1171 631 1249 aeces'sit,
665 1183 698 1233 et
716 1173 836 1256 reliqui
867 1181 964 1244 testes
985 1173 1043 1257 qui
1066 1176 1105 1248 ab
1128 1195 1168 1236 eo

60 1259 164 1343 rogati
191 1266 284 1337 sunt,
304 1269 421 1317 'eoram
444 1255 555 1318 iudice
579 1255 819 1320 conditionibus
850 1255 944 1318 factis
974 1257 1184 1333 iuraverint„

61 1343 151 1426 quod
179 1341 213 1400 in
245 1339 359 1402 eadem
383 1339 446 1410 scri
470 1347 559 1416 tura,
594 1361 613 1398 a
637 1360 670 1400 se
695 1339 873 1422 subscripta
898 1340 990 1402 nulla
1012 1341 1055 1405 sit
1081 1342 1184 1407 fraus·

61 1429 228 1508 impressa,
257 1423 315 1484 sed
338 1363 517 1483 secundum
547 1422 746 1484 voluntatem
770 1423 870 1517 ipsius
895 1422 1073 1488 conditoris
1108 1422 1189 1490 bae,

61 1513 178 1571 beatur
198 1505 397 1589 conscripta,
421 1512 453 1564 et
473 1505 561 1586 quod
584 1504 622 1564 ab
647 1526 705 1582 eo,
729 1526 786 1585 qm
811 1527 882 1566 eam
903 1506 1042 1579 condere
1063 1507 1187 1578 noluit2

60 1590 166 1673 rog'ati
188 1589 380 1664 extitissent,
402 1595 437 1646 ut
461 1588 495 1647 in
517 1587 629 1673 eadem
650 1588 806 1672 scriptura
823 1587 1054 1671 subscriptores
1075 1610 1190 1662 *tm-u

63 1677 199 1749 derent,
231 1679 264 1732 et
282 1670 329 1732 'ad
359 1669 464 1731 ricem
496 1666 672 1732 conditoris
700 1692 770 1731 eam
802 1669 945 1752 legitime
971 1670 1190 1744 roborarent.)

19 1788 21 1803 =
63 1757 127 1819 llla
147 1775 225 1814 vero
248 1754 396 1816 voluntas
421 1751 589 1830 defuncti,
610 1773 692 1834 quae
715 1752 804 1814 iuxta
824 1751 930 1835 quarti
952 1753 1076 1823 ordinis
1098 1753 1192 1824 mon,

64 1841 143 1900 dum
166 1837 274 1898 verbis
293 1837 514 1896 tantummodo
537 1855 644 1896 coram
669 1834 858 1920 probatione
888 1835 1088 1932 promulgata
1102 1853 1174 1918 ,pa-t
1185 1873 1192 1908 3,

63 1920 184 1995 tuerit,
206 1941 289 2001 quae
311 1918 450 1980 instante
474 1916 670 2001 q'uo'cunque
694 1915 842 2002 periculo
863 1917 1025 1982 conscribi
1050 1918 1190 1999 nequitu,

63 2002 158 2079 verit,
181 2010 214 2062 et
235 2011 342 2070 tamen
369 2001 408 2060 ab
429 2021 467 2061 eo
490 2001 545 2094 qui
568 2001 702 2061 moritur
718 2000 802 2060 iussa
818 1999 918 2063 fuerit
937 1999 1074 2083 alligari,
1091 2008 1193 2084 tunm

63 2089 166 2148 robur
185 2084 408 2166 plenissimum
432 2082 612 2162 obtinebit,
641 2082 667 2143 si
693 2090 789 2142 testes
811 2083 890 2166 ipsi,
912 2082 969 2164 qui
992 2081 1056 2144 hoc
1076 2082 1195 2156 audit-2

64 2169 154 2230 erint
177 2175 209 2226 et
232 2159 333 2250 rogati
355 2189 373 2226 a
403 2165 571 2228 conditore
600 2165 783 2240 extiterint,
812 2165 896 2226 infra
927 2185 985 2231 aex
1008 2165 1192 2232 mensiumn

69 2250 219 2334 spatium,
239 2249 302 2310 hoc
319 2245 408 2332 quod
422 2249 605 2309 iniunctum
629 2246 815 2325 habuerint,
849 2267 907 2309 sua
931 2269 1038 2315 coram
1061 2247 1196 2322 iudice(

70 2333 231 2394 iuratione
249 2333 444 2392 confirment
462 2331 670 2414 eiusdeinque
683 2330 854 2391 iuramenti
867 2329 1090 2394 conditionem
1105 2339 1183 2402 torm

70 2437 128 2477 sua
149 2435 248 2496 quam
274 2414 405 2476 testium
434 2435 532 2474 manu
561 2413 778 2475 corroborent.
826 2413 982 2494 Dumque,
1011 2411 1092 2484 haec
1118 2412 1197 2476 res*-

69 2499 205 2582 plenum
221 2497 347 2558 venerit
365 2496 400 2556 in
421 2495 580 2572 effectum,
599 2516 658 2579 pro
680 2495 832 2556 instantia
851 2497 904 2558 sui
923 2495 1052 2574 laboris,
1070 2496 1173 2570 iidem
1192 2556 1195 2565 .

68 2587 170 2642 testes
191 2599 231 2639 ex
251 2579 405 2660 defuncti¹
422 2578 516 2640 bonis
544 2575 724 2660 trigesimae
747 2578 892 2660 precium
918 2578 1076 2662 portionis
1094 2599 1196 2664 pros

68 2667 246 2744 sequantur
265 2662 299 2721 in
324 2661 400 2724 solis
415 2661 642 2722 'tantummodo
666 2660 823 2738 nummis,
845 2661 1026 2723 chartarum
1051 2662 1173 2738 instro·

69 2742 199 2825 mentis,
222 2752 254 2804 et
275 2744 432 2808 librorum
449 2743 667 2804 voluminibus
689 2745 904 2825 sequestratis,
922 2766 1003 2840 quae
1027 2749 1174 2828 pcrtine-

68 2829 153 2892 bunt
173 2827 215 2886 ad
239 2826 375 2888 heredes
404 2825 587 2909 integritate
615 2825 838 2887 successionis.
881 2829 945 2904 Qui
964 2835 1061 2888 testes
1088 2829 1174 2906 infra

69 2931 125 2972 sex
146 2930 273 2970 menses
294 2918 473 2993 procurent
493 2910 544 2970 illi
565 2907 773 2985 denunciare,
795 2909 829 2968 in
853 2909 943 2987 cuius
965 2909 1096 2973 nomine
1114 2929 1174 2993 per

70 2993 167 3052 talem
190 2991 427 3052 ordinationem
445 3014 496 3053 res
511 2991 663 3054 translate
674 2985 866 3052 ‘dinoscitur
881 2991 1033 3052 extitisse.
1076 2990 1173 3071 Quod

71 3075 96 3136 si
111 3097 207 3136 omne
223 3075 304 3157 legis
317 3073 421 3134 huius
439 3074 605 3136 decretum
619 3081 717 3134 testes
737 3072 807 3150 illi,
823 3074 941 3156 quibus
967 3075 1173 3147 commissum

72 3165 128 3234 est,
150 3157 235 3217 infra
260 3157 470 3218 constitutum
490 3166 615 3241 tempus
637 3155 822 3217 distulerint
850 3157 1038 3239 adimplere,
1071 3152 1174 3218 nore'-

70 3239 135 3298 rint
156 3261 189 3300 se
212 3240 367 3302 falsorum
395 3241 533 3321 dampno
560 3239 732 3300 mulctarit
754 3247 890 3321 excepto
915 3240 941 3302 si
967 3261 1001 3300 se
1033 3241 1174 3300 aliorum

69 3321 180 3382 fraude
202 3321 255 3382 rel
279 3319 466 3395 calliditate,
493 3345 551 3392 seu
568 3323 664 3384 etiam
688 3320 776 3402 regia
796 3322 949 3398 iussione,
970 3343 1037 3404 qua
1061 3324 1095 3386 id
1119 3321 1200 3382 ind*

68 3405 117 3546 lfga
143 3426 200 3473 ser
231 3426 357 3474 menses
384 3403 513 3488 explere
545 3404 769 3488 nequiverint,
804 3405 974 3489 impeditos
998 3424 1068 3472 esse
1096 3405 1203 3488 pro-st

91 3487 224 3548 averint.
1197 3509 1201 3523 ¹

336 3620 428 3682 Xlll.
491 3643 553 3684 rrs.
595 3643 662 3684 cnse
705 3643 791 3682 cans.
833 3643 906 3683 rex.

111 3735 262 3823 Qualiter
271 3735 449 3820 firmentur
465 3737 643 3798 uoluntates
664 3757 785 3814 eorum,
805 3737 862 3819 qui
878 3737 912 3796 in
932 3735 1043 3799 itinere
1063 3761 1132 3802 mo·
1187 3771 1190 3779 ,

554 3820 687 3895 riantur.
1039 3855 1067 3878 -.
1165 3883 1167 3888 ,
1198 3857 1206 3878 ,

150 3902 188 3962 In
210 3898 328 3962 itinere
349 3923 497 3984 pergens,
512 3908 567 3962 aut
586 3901 621 3959 in
644 3898 851 3981 expeditione
868 3899 1000 3981 publica
1020 3903 1207 3979 morienspf

67 3981 93 4044 si
118 3982 277 4066 ingenuos
301 3982 412 4044 secum
433 3983 569 4060 habeat,
591 3983 790 4043 voluntatem
810 4003 899 4042 suam
924 3985 1206 4064 propria-manui

67 4066 259 4127 conscribat.
292 4067 400 4144 ¹Quod
422 4066 449 4127 si
478 4067 597 4145 litteras
620 4065 793 4141 nescierit,
825 4071 883 4124 *aut
905 4085 964 4146 per
985 4065 1207 4146 languorum-t

67 4149 207 4210 scrihere
234 4170 300 4210 non
323 4149 477 4233 potuerit,
500 4149 635 4212 eandem
652 4147 858 4222 ,voluntatem
886 4146 985 4210 serris
1010 4149 1205 4212 insinuatam

67 4252 206 4316 quorum
225 4231 330 4318 ‚fidem
347 4231 522 4316 'episcopus
535 4239 641 4313 atque
667 4230 765 4291 iudex
780 4229 919 4312 .-prohare
930 4229 1206 4304 ,debebuntAEtar
