2684 4868
155 241 228 316 art
353 257 457 314 naen
476 255 769 314 wistaornonuu
789 255 857 317 un.
875 259 921 312 nr.
940 258 1014 316 rrr.
1033 260 1071 312 11.

155 413 191 466 ut
218 397 441 482 unusquisqne
463 398 503 460 de
529 397 599 476 bis,
628 417 840 478 quossecum
863 396 1098 462 inexercitum
1125 397 1272 465 duxerit,

155 495 280 570 partem
305 483 448 563 aliquam
470 481 556 544 seris
575 480 631 542 vel
651 479 761 542 loricis
783 481 957 543 munitam:
990 482 1164 565 plerosque
1187 505 1272 546 vero

155 568 264 646 scutis,
287 566 395 648 spatis,
417 564 557 642 sommis,
580 563 713 640 lanceis,
735 563 921 646 sagittisque
946 565 1143 644 instructos,
1174 587 1274 647 quos-

155 652 228 713 dam
253 648 348 711 etiam
372 645 546 706 fundarum
572 645 810 724 instrumentis,
840 647 893 708 rel
915 647 1030 709 ceteris
1051 648 1158 726 armis,
1185 669 1271 730 quae

156 733 287 795 noviter
315 733 422 790 forsan
450 728 673 810 unusquisque
699 748 716 787 a
748 730 875 790 seniore
898 729 952 790 rel
975 728 1109 791 domino
1135 751 1196 793 suo
1222 732 1272 792 in·

156 818 269 878 iuncta
292 810 461 888 habuerit,
483 809 641 892 Principi,
666 810 769 883 Duci,
805 811 859 872 rel
885 812 1004 873 Comiti
1032 831 1090 872 suo
1117 833 1271 895 praesen-

156 909 223 960 tare
241 898 378 961 studeat.
419 893 542 976 Siquis
562 903 668 954 antem
693 903 783 954 extra
804 892 888 955 banc
914 895 1071 958 decimam
1091 904 1215 977 partem
1239 901 1270 976 a)

155 1001 326 1043 serrorum
358 997 491 1039 snorum
521 977 555 1036 in
585 977 746 1038 exercitus
784 977 1042 1059 progressionem
1072 978 1269 1057 accesserit,

155 1065 259 1124 omnis
280 1064 348 1144 ipse
374 1059 501 1121 decima
522 1079 594 1141 pars
616 1059 652 1131 b)
673 1079 839 1121 servorum
861 1059 929 1121 eius
958 1062 1100 1123 studiose
1122 1061 1270 1142 quaesita

82 1169 89 1186 ··
156 1155 254 1224 atque
277 1142 457 1224 descripta,
485 1140 645 1224 quicquid
675 1142 781 1203 minus
809 1142 981 1205 inventum
1008 1143 1109 1206 luerit
1137 1143 1270 1205 dehac

156 1228 300 1288 instituta
314 1225 437 1287 decima
452 1234 540 1307 purte
556 1230 589 1296 c)
601 1244 766 1286 servornm
785 1227 818 1286 in
836 1224 987 1286 bellicam
999 1246 1270 1308 unumquemque

155 1330 265 1372 secum
287 1307 528 1392 expeditionem
549 1305 698 1384 duxisse,
728 1306 761 1366 in
783 1316 938 1390 potestate
973 1309 1135 1390 Principis
1166 1310 1272 1370 redu·

156 1393 297 1456 cendum
319 1400 366 1452 est
379 1389 404 1448 d
408 1405 436 1457 iz
458 1398 494 1449 nt
516 1388 569 1450 cui
587 1387 650 1450 hoe
666 1387 752 1449 idem
767 1390 923 1471 Princeps
945 1389 1133 1473 praelargiri
1152 1390 1272 1452 decre-

157 1477 253 1552 verit,
275 1475 308 1534 in
333 1472 402 1533 eius
424 1471 587 1533 subiaceat
606 1479 773 1554 potestate.
824 1471 1022 1556 Quicunque
1047 1494 1126 1534 vero
1148 1493 1190 1535 ex
1212 1495 1272 1554 pa·

155 1555 259 1620 latino
281 1554 389 1617 officio
411 1554 455 1614 ita
476 1554 509 1613 in
533 1554 693 1616 exercitus
726 1554 966 1636 expeditionem
998 1556 1161 1640 profectus
1184 1555 1272 1619 exti-

156 1641 243 1715 terit,
265 1649 301 1700 ut
323 1637 438 1698 necin
464 1636 637 1719 principali
660 1637 793 1698 servitio
815 1639 969 1719 frequens
988 1640 1129 1715 adsistat,
1153 1658 1216 1698 nec
1234 1638 1271 1698 iu

156 1722 274 1785 wardia
296 1741 370 1783 cum
390 1719 526 1801 reliquis
548 1719 701 1781 fratribus
722 1718 865 1781 laborem
886 1721 1058 1798 sustineat,
1087 1721 1218 1781 noverit
1237 1741 1272 1782 se

157 1806 236 1889 legis
257 1804 354 1868 huius
379 1800 543 1864 sententie
563 1801 765 1864 feriendumz
794 1811 930 1884 excepto
951 1805 978 1865 si
1005 1825 1080 1866 eum
1099 1803 1273 1864 manifesta

156 1888 299 1973 langoris
318 1885 458 1948 ostentio
473 1884 731 1968 comprobaverit
745 1884 937 1951 morbidum.
979 1887 1059 1948 Nam
1080 1896 1111 1947 et
1132 1884 1159 1946 si
1178 1891 1273 1967 quis-

157 1993 221 2054 que
246 1967 469 2053 exercitalinm
490 1966 524 2028 in
547 1967 682 2028 eandem
699 1967 849 2028 bellicam
864 1968 1108 2051 expeditionem
1127 1966 1275 2052 proficis-

157 2076 235 2119 cens
259 2053 391 2116 minime
417 2053 543 2111 Ducem
564 2060 620 2109 aut
641 2050 799 2111 Comitem
819 2071 936 2128 suum,
967 2062 1023 2112 aut
1044 2051 1140 2112 etiam
1162 2060 1273 2133 patro·

158 2159 235 2198 narn
257 2157 368 2212 suum,
398 2142 525 2196 secutus
552 2132 669 2196 fuerit:
696 2132 753 2194 sed
780 2154 839 2216 per
860 2133 1038 2216 patrocinia
1067 2133 1273 2195 diversorum

156 2243 191 2283 se
213 2217 413 2280 dilataverit:
441 2217 484 2275 ita
507 2224 543 2278 ut
565 2236 672 2296 neque
691 2214 724 2274 in
746 2214 866 2276 wardia
887 2236 959 2276 cum
977 2216 1105 2279 seniore
1125 2237 1183 2276 suo
1200 2235 1275 2297 per·

156 2303 266 2380 sistat,
296 2321 356 2361 neo
381 2299 522 2381 aliquem
549 2296 681 2358 utilitati
708 2298 857 2380 publicae
889 2299 1072 2382 profectum
1099 2297 1270 2372 exhibeat:

157 2405 225 2444 non
263 2382 399 2443 'aristalis
438 2380 597 2462 profectio
632 2379 820 2462 imputanda
850 2392 928 2459 est,
973 2383 1031 2443 sed
1062 2381 1287 2463 superiorum.

140 2466 317 2544 ‚ordinem
336 2483 422 2542 quae
445 2462 484 2522 de
507 2463 675 2524 vilioribus
697 2462 969 2546 inferioribusque
986 2465 1132 2560 personis
1152 2463 1186 2523 in
1207 2463 1273 2524 hac

158 2547 229 2626 lege
250 2545 379 2616 decreta
392 2552 480 2618 sunt,
502 2544 536 2605 in
558 2546 764 2626 semetipsum
780 2547 907 2608 noverit
921 2555 1090 2610 sustinere.
1135 2547 1192 2606 His
1211 2545 1271 2628 igi-

157 2639 214 2688 tur
234 2626 391 2688 ordinatis
413 2634 510 2706 atque
537 2627 719 2710 compositis
747 2638 844 2690 restat
871 2638 907 2691 ut
936 2629 1066 2689 frenum
1098 2626 1272 2724 cupiditati

157 2731 271 2772 mnsam
292 2729 469 2790 ponamus,
498 2731 579 2790 quos
600 2709 640 2771 ad
667 2711 849 2793 peragenda
872 2710 1001 2794 negotia
1023 2711 1172 2773 utilitatis
1195 2732 1273 2772 nos·

157 2804 225 2854 trae
249 2791 465 2872 impingimus.
508 2793 550 2852 Et
566 2791 641 2852 ideo
668 2793 779 2853 nullus
802 2794 888 2872 dux,
913 2815 1030 2871 comes,
1060 2792 1271 2874 tbiuphadns,

142 2884 221 2946 ¹sem
242 2873 400 2956 quislibet
429 2873 609 2936 commissos
634 2874 771 2957 populos
792 2895 926 2958 regens,
954 2885 1083 2960 accepto
1108 2873 1272 2934 beneficio

159 2959 213 3020 rel
234 2957 379 3039 qnalibet
405 2957 572 3018 occasione
593 2978 668 3019 suae
690 2957 843 3038 pessimae
865 2958 1051 3036 voluntatis,
1074 2976 1271 3040 quemqnam

159 3041 199 3104 de
221 3041 286 3104 suis
300 3039 442 3100 ,subditis
463 3040 502 3100 de
523 3039 641 3100 bellica
667 3040 868 3118 profectione
895 3040 1053 3118 dimittat,
1084 3049 1137 3100 ent
1158 3039 1271 3099 admo-

159 3122 299 3184 nitiones
323 3122 405 3204 ipsas
429 3143 511 3204 quae
534 3121 604 3183 fieri
627 3122 746 3182 debent
770 3121 993 3204 progressione
1019 3121 1191 3197 exercitus,
1214 3120 1269 3182 rel
1297 3175 1300 3178 .

159 3201 338 3289 indictione
363 3227 542 3281 armorum,
564 3204 624 3266 sub
650 3205 709 3265 ista
730 3205 821 3286 quasi
849 3203 1079 3268 admonitionis
1102 3202 1271 3266 occasione

158 3287 354 3362 interserat,
390 3287 477 3346 unde
516 3308 710 3370 quemquam
739 3288 871 3347 illorum
901 3286 1041 3350 militare
1081 3293 1271 3371 praesumat.

157 3371 238 3450 llam
250 3368 396 3452 quisquis
413 3369 489 3429 talia
500 3391 597 3452 agens
610 3391 668 3452 pro
686 3367 747 3446 his,
765 3377 802 3428 ut
820 3369 1014 3447 dictumest,
1033 3371 1178 3432 caussisa
1194 3379 1273 3450 quo·

158 3448 239 3514 libet
262 3461 316 3512 aut
329 3450 472 3511 oblatum
491 3452 709 3534 quodcunque
730 3452 922 3536 perceperit,
948 3451 1081 3536 autipse
1096 3452 1272 3536 quidquam

170 3601 583 3623 §muana—-

157 3676 211 3729 que
225 3657 258 3714 de
277 3657 319 3708 iris
329 3677 396 3730 quor
406 3675 496 3711 secum
506 3660 538 3709 in
555 3653 703 3710 exercitum
715 3654 836 3717 duxerit,
848 3655 922 3710 coris
936 3653 989 3726 (Al.
1000 3656 1097 3728 armis)
1114 3657 1162 3709 uel
1177 3653 1272 3708 loricis

158 3730 291 3780 reunitum
307 3730 440 3799 principi,
466 3726 532 3780 duci
549 3729 591 3781 vel
608 3728 703 3781 comiti
716 3741 895 3797 praesentare
910 3725 1028 3780 studeat.
1047 3729 1191 3800 Reliquam
1209 3742 1271 3778 vero

156 3811 263 3868 partem
282 3811 417 3849 armatam
430 3796 572 3859 ostendat,
598 3796 631 3850 id
646 3809 702 3858 est,
732 3797 841 3870 aliquos
861 3815 921 3852 cum
938 3798 1038 3858 scutis,
1065 3797 1169 3869 spathis
1187 3809 1239 3849 etc.

177 3926 181 3937 1
231 3869 261 3936 a)
279 3869 323 3919 Al.
342 3885 403 3920 mss.
429 3867 609 3922 medietatem.
684 3867 712 3936 b)
730 3868 771 3922 al,
797 3885 857 3922 mss.
885 3865 1025 3922 medietas.
1096 3868 1128 3938 c)
1152 3867 1272 3922 Abinna

158 3933 310 3990 medietate.
393 3987 397 3996 ,

228 4004 316 4073 (Odi.
336 4025 395 4059 ines.
415 4017 454 4058 est
473 4003 675 4066 reducendum,
697 4007 821 4077 qualiter
837 4005 869 4060 id
886 4008 972 4077 ipsum
997 4004 1030 4060 de
1056 4007 1110 4060 irae
1131 4005 1274 4060 medietate

159 4073 341 4146 qarodminus
360 4079 654 4149 unusquisquesecum
673 4078 875 4133 inexercitum
894 4075 1025 4138 duxerit,
1056 4080 1102 4130 cui
1126 4077 1177 4130 boc
1205 4074 1275 4127 idem

158 4149 288 4215 princeps
313 4148 488 4217 praelargiri
512 4147 686 4210 decreverit,
723 4150 769 4201 sui
793 4159 904 4202 moneat
930 4148 1127 4202 incunctanter
1153 4145 1273 4200 arbitrii.

159 4217 317 4285 Hisigirur
335 4217 472 4269 ordinetis
491 4229 543 4272 etc.
621 4234 624 4240 ·
870 4240 873 4247 ·
996 4237 1002 4250 ·
