2684 4868
268 281 373 340 mers
391 281 685 343 wrsruoruouuu
704 281 769 339 tre.
788 282 820 338 v.
838 281 912 337 rrr.
931 283 994 342 vu.
1114 269 1183 347 531

515 422 556 487 V.
597 441 747 498 arrium.

87 527 128 594 Si
152 527 184 590 ei
201 527 258 612 qui
276 527 323 592 ad
345 526 527 590 servitutem
546 525 735 610 repetendus
756 538 821 614 eet,
843 527 970 612 aliquid
990 529 1164 614 aristantur.

172 612 227 673 si·
249 611 321 694 quis
352 609 477 670 homini
506 609 648 692 ingenuo
684 608 738 672 vel
768 610 884 672 liberto
919 613 1055 696 aliquid‘
1076 618 1188 682 tulerit

69 704 100 758 et
124 704 236 778 postea
257 716 333 755 eum
361 693 421 754 sibi
447 692 585 754 voluerit
614 711 742 754 servum
762 694 935 771 addicere,
963 695 1187 780 priue‘reddat

70 777 158 862 quod
178 777 273 855 tulit,
301 785 334 838 et
360 775 406 837 sic
431 775 471 837 de
493 775 563 838 eius
585 773 772 838 conditione
794 778 978 864 contendat.

334 890 393 954 VI.
435 897 575 965 errrore
617 911 681 957 rus.
722 911 810 958 acne.
851 912 921 962 aar.
986 883 998 908 ⁰
1053 881 1058 896 ’

90 1008 129 1070 δί
155 1029 226 1071 eum
247 1027 340 1092 quem
353 1004 470 1089 aliquis
497 1023 605 1067 coram
636 1003 741 1069 iudice
769 1005 904 1067 liberum
933 1028 1001 1071 esse
1027 1009 1164 1100 dixerit,

198 1083 202 1092 '
327 1099 442 1175 postea
464 1088 499 1148 in
519 1088 650 1150 remitto
670 1099 811 1182 repetere
830 1090 920 1158 velit.

151 1169 220 1249 Qui
248 1193 306 1232 suo
339 1169 525 1232 testimonio
559 1190 668 1232 coram
694 1170 801 1232 iudice
830 1173 1011 1252 quemlibet
1045 1175 1186 1244 liberum

68 1277 136 1318 esse
161 1255 298 1332 dixerit,
319 1263 353 1316 et
369 1252 576 1349 postmodum
597 1273 672 1328 eum
693 1253 735 1314 ad
761 1253 926 1318 servitium
946 1258 1105 1322 inclinare
1127 1285 1185 1324 vo-

67 1337 184 1416 luerit,
215 1337 304 1398 aliud
328 1337 378 1396 illi
400 1335 598 1418 mancipium
627 1357 646 1410 e
677 1336 838 1399 contrario
867 1339 998 1404 reddat:
1029 1354 1062 1406 ct
1085 1365 1183 1427 quem

67 1422 255 1506 opprimere
271 1420 451 1499 nitebatur,
481 1419 520 1482 'iu
542 1418 688 1501 libertate
713 1431 909 1502 permanent.

500 1535 576 1601 VII.
623 1555 773 1611 errrore.

127 1653 168 1716 St
190 1654 303 1715 timore
328 1650 507 1738 compulsus
528 1651 696 1734 quiequam
721 1671 843 1714 servum
866 1672 901 1714 se
933 1645 999 1730 ee'se
1023 1653 1121 1718 dicat.

151 1735 217 1816 Qui
242 1735 356 1805 timore
384 1733 570 1831 compulsus
595 1754 723 1796 servum
750 1754 784 1795 se
814 1738 883 1797 esse
906 1746 996 1799 extra
1025 1738 1184 1820 iudicium¹

65 1818 205 1897 dixerit,
236 1819 365 1879 nullum
386 1816 619 1902 praeiudicium
644 1815 799 1880 libertatis
825 1817 984 1900 incurrat,
1018 1821 1124 1884 donec
1146 1825 1181 1886 in

63 1903 187 1978 iudicio
208 1910 449 1985 praesentetur:
472 1909 508 1962 ut
525 1899 706 1961 libertatem
726 1920 815 1960 suem
832 1900 858 1962 si
875 1903 1065 1984 probaverit,
1086 1927 1181 1988 prae-

63 1994 155 2047 sente
174 1985 282 2046 iudice
304 1984 466 2056 obtineat;
489 1993 545 2046 aut
570 1982 597 2045 si
620 2004 731 2046 servus
753 1983 973 2066 convincitur,
995 1987 1101 2069 statim
1120 1989 1182 2054 do·

63 2069 156 2136 mino
174 2069 376 2131 reformetur.
1196 2073 1198 2078 ’

482 2171 573 2238 VIII.
615 2191 766 2248 errrore.

145 2285 185 2350 Si
203 2290 356 2370 ingenuae
377 2286 423 2350 ad
447 2287 622 2360 seruitium
639 2297 826 2371 repetatur,
860 2285 910 2350 vel
930 2287 961 2351 ei
986 2309 1093 2353 servae

415 2391 448 2432 se
472 2369 608 2432 liberum
627 2389 694 2430 esse
718 2369 826 2432 dieat..

143 2453 272 2536 Siquis
295 2452 473 2536 ingenuum
496 2451 538 2513 ed
562 2451 726 2512 servitium
750 2452 899 2516 addicere
926 2453 1075 2535 voluerit,
1104 2456 1173 2542 ipse

59 2536 177 2600 doceat
195 2559 259 2619 quo
287 2539 400 2598 ordine
422 2537 453 2598 ei
479 2555 587 2597 servus
616 2535 801 2597 advenerit:
830 2545 863 2599 et
887 2536 913 2598 si
941 2559 1050 2600 servus
1080 2537 1173 2624 inge-

58 2640 165 2680 nuum
187 2639 220 2680 se
244 2639 311 2681 esse
333 2617 460 2698 dixerit,
481 2625 514 2680 et
538 2616 606 2701 ipse
629 2617 727 2690 simili
748 2618 845 2681 modo
867 2620 1074 2703 ingenuitatis
1096 2644 1172 2689 suae

57 2704 187 2762 firmam
212 2702 360 2765 ostendat
405 2701 616 2764 robationem.
659 2701 760 2762 Iudex
779 2721 856 2764 vero
885 2723 998 2764 eorum
1025 2705 1172 2766 testimo-

57 2786 156 2845 nium
180 2784 321 2867 recipere
349 2727 466 2864 debet,
503 2804 585 2866 quos
608 2784 759 2846 meliores
791 2793 887 2868 atque
913 2785 1073 2869 pluriores
1101 2809 1170 2850 esse

54 2866 244 2951 providerit.
286 2869 384 2947 Quod
412 2889 439 2929 sr
464 2865 605 2927 muneris
633 2866 820 2950 acceptione
851 2879 1018 2952 corruptus
1051 2871 1169 2932 iniuste

54 2949 233 3012 turbaverit
254 2951 479 3028 innocentem,
500 2957 565 3010 tam
593 2948 691 3012 iudex
724 2972 822 3032 quam
845 2951 965 3036 petitor
990 2955 1169 3015 secundum

56 3032 163 3116 legem
185 3033 281 3095 aliam
302 3035 342 3098 de
357 3034 408 3097 his
429 3031 486 3117 qui
501 3030 620 3094 iniuste
642 3031 864 3117 iudicaverint,
883 3055 1078 3119 componere
1101 3057 1168 3098 nou

56 3125 231 3178 morentur.

457 3195 543 3260 'IX.
591 3216 738 3276 errrore.

282 3312 391 3406 Quare
413 3311 492 3374 data
507 3312 639 3380 libertas
657 3312 771 3378 debeat
794 3316 950 3384 revocari.

63 3403 67 3409 '
136 3395 202 3474 Qui
234 3416 325 3458 servo
358 3416 417 3456 suo
446 3393 500 3457 vel
531 3395 669 3458 ancillae
700 3397 880 3460 libertatem
906 3399 1098 3478 donaverit,
1130 3410 1165 3464 et

53 3489 222 3564 praesente
248 3478 412 3540 sacerdote
434 3479 487 3540 vel
509 3478 589 3554 aliis¹
602 3479 726 3541 duobus
747 3489 801 3540 aut
820 3481 923 3543 tribus
942 3485 1078 3546 testibus
1099 3483 1163 3545 hoc

52 3567 175 3630 tactum
195 3583 264 3624 esse
287 3561 478 3639 constiterit,
501 3561 615 3639 idest,
636 3562 663 3624 si
685 3562 753 3644 ipse
775 3563 870 3623 aliam
891 3564 1046 3628 libertatis
1067 3569 1165 3652 scrip·

53 3656 159 3707 turam
181 3665 288 3706 eoram
308 3644 460 3727 legitimis
485 3644 620 3706 testibus
652 3646 819 3707 manifeste
850 3648 1035 3727 tradiderit,
1064 3659 1186 3732 atque,

53 3728 99 3789 ita
119 3749 179 3809 per
198 3729 335 3789 eandem
361 3726 517 3788 libertatis
542 3728 732 3811 scripturam
754 3729 932 3804 definierit,
960 3740 997 3791 ut
1017 3739 1057 3793 ex
1076 3742 1162 3794 tem-

51 3831 132 3893 pore
153 3812 302 3872 conditae
324 3810 497 3908 scripturae
518 3809 602 3871 liber
620 3811 688 3894 ipse
710 3811 767 3891 qui
788 3821 835 3874 eet
856 3814 1067 3876 manumissus
1087 3837 1163 3898 per-

41 3903 198 3972 ⁸maneat,
227 3893 310 3954 nihil
333 3893 393 3954 sibr
416 3914 450 3953 rn
481 3913 520 3954 eo
542 3892 736 3956 conditionis
763 3913 948 3972 reservans,
976 3896 1163 3961 huiusmodi
1259 3929 1287 3982 ‚'

50 3973 235 4037 libertatem
264 3976 409 4038 revocari
439 3995 505 4036 non
539 3975 666 4037 liceat:
712 3986 850 4058 excepto
882 3977 908 4038 si
947 3979 1163 4043 manumisso-

48 4057 103 4137 rI,
127 4080 204 4120 eum
233 4058 291 4142 qui
309 4059 526 4142 manumissus
547 4068 622 4136 est,¹
642 4058 835 4121 iniuriosum
863 4068 918 4121 aut
945 4063 1163 4124 contumelio·
1263 4100 1265 4112 ι

51 4161 140 4220 eum,
164 4142 216 4203 vel
245 4148 491 4219 accusatorem,
511 4150 566 4202 aut
585 4141 833 4204 criminatorem
866 4165 936 4206 esse
968 4145 1163 4208 eonstiterit:

50 4242 109 4305 pro
132 4224 253 4307 quibus
273 4225 400 4287 iniuriis
428 4224 502 4288 data
529 4223 659 4290 libertas
679 4223 800 4309 poterit
827 4229 983 4291 revocari.
1026 4228 1060 4293 si
1089 4251 1165 4293 vero
1210 4267 1214 4277 -
1248 4278 1253 4286 .
