2640 4838
434 290 600 368 aeterua
633 292 828 356 romans*
1101 273 1171 350 711

64 435 150 518 tibus
169 434 342 526 perideum
363 455 438 508 oum
460 433 634 500 duodsdn
660 431 942 500 sacramentalibus
962 432 1048 500 suis..
1080 435 1175 502 'duno

61 529 137 612 post
154 521 356 608 purificatum
379 518 515 606 accipiat
529 538 600 580 eam
614 538 762 602 sponsus,
782 517 865 582 sieut
890 519 926 580 in
942 517 1043 600 priori
1062 519 1178 582 fabula

7 601 11 608 ’
62 604 164 672 stetit,
202 603 295 669 Etsi
325 611 494 686 postquam
521 599 690 684 purificata
714 598 835 679 fuerit,
867 621 940 664 eam
960 599 1077 664 tollere
1097 621 1195 664 uxo-v

62 707 134 750 rem
155 686 349 771 neglexerit,
370 685 413 748 sit
426 683 597 768 culpabilis
613 703 753 767 sponsus
774 681 904 765 duplam
925 691 1063 764 metam,
1075 705 1190 766 quun-

63 772 278 833 tamdictum
302 777 354 830 est
375 767 413 830 in
437 767 490 828 dio
519 766 595 843 illa,
624 765 756 852 quando
781 766 889 828 fabula
913 765 1042 828 farinate.
1067 765 1179 830 suerit.

62 851 106 915 Et
129 852 348 937 sipareutea,
368 859 405 912 nt
431 848 644 926 dictumest,
666 869 737 912 aava
760 847 805 910 da·
830 850 900 932 ipse
920 847 1056 912 crimine
1082 870 1178 910 mun·

64 933 142 996 dare
166 955 231 996 non
249 937 447 1015 potuerunt,
468 939 547 994 tune
573 951 708 1013 sponsus
738 929 874 1016 resipiat
896 950 948 992 res
977 951 1078 1008 suas,
1097 953 1196 1012 ques

64 1014 203 1094 dederit,
226 1014 330 1096 stilla
350 1014 491 1098 patiatur
504 1025 642 1097 poenum
659 1011 824 1094 adulterii,
843 1012 928 1077 sicat
950 1012 984 1073 iu
1003 1013 1183 1078 handio-'

64 1105 99 1160 to
117 1099 271 1182 scriptum
295 1103 352 1158 est.
439 1096 483 1161 Il.
509 1117 534 1162 r.
555 1115 585 1157 a.
828 1131 837 1145 -
952 1165 954 1168 .

133 1199 213 1238 roan.
250 1179 327 1234 Putre
340 1185 371 1232 ta
389 1179 512 1252 appellat
530 1174 676 1241 Martinus,
694 1175 770 1250 quod
783 1182 817 1231 tu
834 1176 966 1248 sponsasti
975 1175 1072 1232 eidam
1093 1177 1178 1230 tiliam

65 1267 141 1306 tuam
154 1260 184 1306 et
195 1251 267 1313 vult,
277 1255 317 1303 ut
327 1263 386 1302 eum
396 1248 516 1320 accipias
532 1248 567 1302 ad
580 1247 743 1315 contagium.
762 1247 808 1302 De
819 1248 900 1303 torta
919 1247 948 1302 Si
956 1248 1073 1304 dixeuit:
1090 1249 1179 1319 Spon-

64 1322 147 1446 savalI,i
166 1321 215 1382 aad
242 1318 411 1378 adulteravit
425 1335 484 1384 ss,
528 1327 674 1392 postquam
693 1337 757 1379 ¹eain
786 1317 930 1390 sponsavit
963 1327 1031 1379 tuno
1054 1328 1179 1395 parentas

88 1392 128 1446 uri
150 1398 251 1446 eeate
469 1437 480 1449 .
557 1436 560 1444 .
756 1433 759 1440 ,

66 1407 86 1463 p
135 1449 213 1519 Petra
232 1406 402 1537 ididppsltat
417 1457 560 1524 Martinus,
579 1465 723 1530 postquam
740 1455 801 1528 ipsa
816 1458 955 1530 sponsavit
969 1459 1083 1514 Maiiam
1101 1464 1178 1512 luam

65 1530 280 1598 mundoaldum,
306 1529 382 1600 quod
399 1529 459 1600 ipsa
479 1545 509 1582 te
535 1529 701 1586 adulteravit
722 1545 784 1584 turn
801 1529 901 1586 Marco.
937 1531 979 1583 De
997 1538 1076 1584 torto.

135 1603 213 1655 Petra
238 1606 269 1652 te
291 1599 414 1670 appellat
437 1598 591 1662 Martinus,
622 1597 702 1668 quod·
724 1606 756 1653 tu
776 1597 861 1653 hahes
888 1607 1041 1670 sponsatam
1064 1597 1178 1652 Mariam

66 1687 143 1726 suam
160 1669 366 1733 mundoaldam,
388 1676 421 1722 et·
439 1669 551 1733 dixisti,
575 1669 651 1740 quod
664 1669 731 1738 ipsa
756 1685 785 1720 so
809 1667 989 1722 adulterasset
1009 1687 1072 1725 cam
1093 1669 1184 1740 Paulo·

68 1749 98 1808 et
119 1740 274 1814 purificavit
291 1752 376 1795 eamr
401 1741 499 1810 accipe
523 1756 643 1795 taxarem·
677 1740 813 1794 De-tusto
830 1757 874 1798 rna
895 1740 1019 1811 vvppsllia⁴

146 1808 311 1877 CLXXX.
357 1806 542 1893 Sipeccatis
562 1808 803 1872 imminentibus
821 1810 1180 1893 contigerit,postqnam

66 1892 177 1980 puella
199 1900 258 1954 aut
283 1890 403 1954 mulier
427 1899 574 1974 sponsata
601 1890 702 1954 fuerit
725 1900 780 1952 aut
812 1891 937 1980 leprosa
964 1902 1020 1954 aut
1048 1893 1180 1956 daemo-

5 2001 7 2008 ·
67 1975 185 2052 niuea,
213 1981 269 2036 aut
300 1973 341 2036 d'e
361 1973 514 2038 ambobus
540 1973 646 2038 oeulis
671 1983 841 2045 exoueoata
875 1977 1072 2059 apparuerit,
1098 1985 1184 2038 tuno·

66 2078 204 2142 sponsum
226 2054 364 2140 recipiat
381 2077 437 2121 rea
461 2079 549 2135 suus,
579 2078 658 2141 quas
683 2056 790 2133 dedit,
820 2065 853 2120 et
875 2077 940 2132 non
967 2059 1181 2142 compellatur

67 2140 135 2224 ipae
161 2138 282 2202 invitus
308 2159 378 2201 eam
399 2140 515 2203 tollere
536 2140 577 2201 ud
599 2160 745 2216 uxorem,
770 2159 812 2201 ne
858 2161 918 2223 pro
941 2162 979 2204 ea
1005 2162 1101 2204 eausa
1125 2163 1182 2203 ca-

66 2221 266 2294 tumuletur-v
290 2220 589 2304 arianonorum
607 2221 792 2303 neglectum
817 2221 938 2297 fuerit,
968 2224 1024 2287 sed
1047 2232 1180 2304 peccato

67 2303 270 2378 imminente,
292 2313 327 2366 et
348 2304 552 2386 aegritudine
574 2304 837 2382 superveniente.
865 2344 869 2353 ·
921 2305 965 2374 ll.
992 2313 1017 2368 ι’.
1037 2306 1068 2366 5.

77 2440 80 2448 1
136 2405 218 2445 vona.
255 2388 378 2440 renate
394 2388 515 2458 appellat
531 2386 675 2447 Martinus,
691 2395 834 2457 postquam
850 2387 909 2460 ipse
916 2387 1054 2472 sponsavit
1068 2387 1180 2446 Mariam

5 2457 7 2460 ’
66 2463 142 2511 tuam
155 2453 360 2518 mundandam,
378 2456 436 2530 ipsa
447 2456 579 2528 apparivit
592 2458 710 2527 leprosa3
722 2461 788 2520 aut,
807 2459 995 2520 daemoniaca,
1014 2459 1182 2521 aut-deam-

69 2527 158 2581 bobus
183 2525 271 2582 acidis
289 2537 455 2594 excaecata,
475 2537 504 2582 et
523 2528 600 2592 vult,
620 2534 651 2581 ut
673 2543 715 2580 res
738 2545 801 2580 suas
818 2528 923 2582 reddas.
958 2531 1001 2584 De
1020 2536 1101 2584 torto.
1176 2551 1177 2556 ¹

151 2595 328 2658 CLXXXI.
370 2597 404 2658 Si
419 2607 511 2682 pater
524 2595 622 2658 liliam
632 2617 732 2676 suam,
751 2605 807 2658 aut
820 2599 920 2660 irater
933 2617 1074 2661 sororem
1091 2617 1181 2662 suam

71 2677 248 2763 legitimum
275 2677 332 2756 alii
354 2677 393 2741 ad
412 2681 561 2756 maritum
581 2677 718 2756 dederit,
740 2679 776 2741 in
797 2677 861 2744 hoo
881 2681 942 2744 sibi
965 2680 1008 2744 sit
1027 2691 1181 2744 contenta

68 2763 109 2824 de
132 2761 240 2846 patris,
264 2771 321 2822 aut
341 2762 448 2826 fratris
467 2761 665 2832 substantia,
685 2767 841 2848 quantum
862 2767 893 2825 ei
913 2771 1014 2852 pater,
1035 2771 1090 2827 aut
1113 2765 1180 2826 ira·

69 2855 119 2989 tlep
150 2844 182 2903 in
205 2843 268 2960 ,die
297 2845 484 2930 nuptiarum
512 2843 664 2924 dederit,
703 2845 897 2933 etamplius
926 2867 993 2910 nou
1025 2845 1179 2932 requirat.

108 2972 114 2988 .
145 2949 155 2986 1
184 2977 191 2992 .
217 2949 226 2985 1
256 2973 261 2985 .
368 2947 371 2954 ⁴

155 2929 340 3076 deitittt.
378 3009 416 3078 ¹Si
445 3011 517 3095 quis
538 3009 637 3072 filiam
668 3029 757 3072 suam
778 3019 836 3074 aut
861 3009 1039 3095 quamlibet
1085 3031 1179 3074 areu·

72 3101 138 3152 tem
158 3090 193 3167 in
208 3091 360 3176 coniugio
382 3094 438 3154 alii
460 3094 599 3168 dederit,
622 3101 654 3153 et
674 3093 846 3178 contigerit
868 3116 959 3157 casus
980 3102 1017 3155 ut
1038 3033 1095 3156 ilie
1112 3114 1180 3156 ma-

71 3173 154 3234 ritus
177 3174 342 3252 moriatur,
364 3186 554 3258 potestatem
576 3174 693 3236 habeat
714 3174 770 3236 illa
794 3175 912 3239 mulier
933 3175 1047 3255 vidua,
1068 3175 1095 3240 si
1121 3199 1182 3238 vo-

73 3255 194 3329 luerit,
226 3255 386 3319 edulium
407 3259 554 3320 maritum
583 3257 786 3330 ambulandi,
815 3258 954 3320 liberum
975 3266 1099 3322 tamen..
1125 3259 1181 3322 Se·

73 3337 200 3400 evindus
225 3350 333 3400 autom
360 3341 513 3417 maritus,
542 3341 600 3424 qni
627 3362 697 3402 eam
723 3340 839 3402 tollere
860 3339 1025 3422 disponit,
1054 3341 1095 3403 de
1115 3340 1181 3404 suis

27 3471 30 3474 .
70 3417 212 3503 propriis
233 3423 335 3484 relius·
350 3423 492 3484 medium
510 3423 618 3506 pretii,
636 3429 794 3502 quantum
813 3423 915 3482 suerit
933 3423 1066 3500 dietum,
1081 3423 1182 3506 qnan'·

72 3505 116 3564 do
132 3523 202 3561 eam
222 3505 352 3582 primus
366 3506 497 3566 maritus
514 3505 688 3586 sponsavit,
709 3525 768 3585 pro
791 3503 962 3590 ipsameta
987 3506 1063 3569 dare
1086 3506 1183 3566 debet

72 3587 115 3660 ei,
137 3583 192 3664 qui
218 3585 311 3648 lieres
331 3587 496 3672 proximus
520 3587 625 3648 mariti
644 3585 761 3670 prioris
786 3608 853 3668 esse
876 3585 1053 3655 invenitur.
1093 3589 1137 3652 Et
1154 3587 1183 3648 si

71 3667 218 3728 noluerit
239 3669 395 3751 accipere,
413 3669 529 3732 habeat
541 3670 609 3751 ipsa
633 3669 751 3730 muli'er
771 3671 1023 3753 etmorgeugul),
1045 3677 1078 3732 et
1094 3669 1183 3753 quod

73 3751 114 3810 de
137 3751 323 3832 parentibus
344 3753 410 3814 suis
430 3750 618 3826 adduxerit,
640 3752 675 3812 id
694 3760 746 3813 eat.
761 3751 962 3834 phaderiium
981 3753 1031 3828 l),
1059 3754 1183 3815 Paren-

72 3843 120 3892 tes
143 3855 221 3894 vero
249 3834 318 3895 eius
344 3843 533 3916 potestatem
554 3833 695 3895 habeant
714 3855 783 3894 eam
805 3833 904 3896 dandi
933 3835 973 3895 ad
994 3834 1095 3896 alium
1115 3857 1184 3895 ma-

71 3913 181 3986 ritum,
197 3918 253 3976 ubi
270 3929 302 3978 et
324 3917 384 3996 ipsi
398 3923 430 3976 el
443 3917 499 3977 iila
513 3916 694 3978 voluerint.
735 3917 777 3978 Et
788 3917 957 3977 mundium
975 3917 1055 3980 eius.
1066 3917 1184 4001 prioris

72 3998 179 4084 rnariti
206 4013 273 4060 non
307 3998 446 4061 habeant
468 4007 635 4084 parentes,
654 4011 730 4085 'pro
755 4021 795 4064 so
812 3999 911 4084 'quod
941 3998 1185 4086 denegaverunt
1212 4033 1214 4038 ·

73 4153 530 4168 m

143 4240 176 4304 l)
193 4241 234 4294 dl.
250 4239 335 4295 eall.
351 4234 569 4312 plaudavpisium,·
580 4236 710 4315 saderofi
717 4261 728 4311 ,-
750 4238 954 4314 srudslpiyam.
