2648 4874
163 393 166 396 Ι
279 313 385 370 mers
404 313 697 370 wrsmoruonon
715 313 779 368 nra.
802 315 838 368 u.
857 314 972 374 mut.
1105 295 1187 374 425

71 455 149 541 ciple
172 454 310 518 nomine
339 450 507 518 extiterint
527 455 648 532 lactas,
678 476 753 518 mox
780 462 898 532 testes,
926 453 985 538 qui
1008 455 1043 520 iu
1065 457 1181 522 eadem

69 540 228 622 scriptura
262 538 495 619 subscriptores
520 537 740 614 accesserint,
778 537 818 597 ab
843 536 895 598 his
926 559 1009 620 quos
1043 541 1180 624 elegerit

69 622 225 702 Princeps
248 619 492 702 diligentissime
512 620 767 702 perquirantur,
795 618 822 680 si
844 639 910 680 non
937 622 980 681 uli
1007 623 1072 684 uod
1089 624 1179 686 iudi-

69 708 154 767 cium
184 711 243 764 aut
270 702 310 764 de
335 701 543 783 impressione
565 703 748 786 Principis,
770 710 826 762 aut
846 701 885 762 de
905 643 1018 766 fraude
1037 705 1180 789 scriptu-

68 809 133 848 ram
158 784 311 846 facientis
345 784 439 846 modo
476 805 673 866 quocunqne
702 782 937 866 cognoverint:
977 807 1014 848 sc
1045 787 1092 850 sic
1123 796 1180 850 aut

69 871 129 931 rito
159 871 244 930 facta
266 866 366 929 series
394 865 570 948 scripturae
594 875 799 949 permaneat,
830 878 886 929 aut
908 867 999 931 irrite
1029 871 1180 932 conlecta

70 959 248 1016 evanescat.
300 948 420 1010 Similis
445 969 575 1032 qnoque
598 951 677 1010 ordo
696 949 735 1010 de
755 948 861 1023 terris,
881 949 998 1028 vineis,
1018 963 1115 1096 atque
1133 954 1180 1013 fa·

70 1033 168 1095 miliis
189 1033 401 1094 observetur:
429 1032 455 1091 si
480 1032 550 1094 sine
575 1032 750 1114 scripturae
772 1040 862 1092 textu
882 1041 1057 1112 tuntummo
1082 1055 1101 1095 o
1127 1055 1180 1096 co-

68 1138 137 1177 ram
155 1115 293 1176 testibus
318 1113 481 1196 quaelibet
501 1116 585 1174 facta
605 1114 706 1176 luerit
731 1112 888 1175 delinitio.
929 1117 979 1177 De
1002 1116 1100 1178 rebus
1118 1137 1179 1178 au·-

68 1208 134 1260 tem
153 1197 304 1258 omnibus
322 1219 340 1255 a
354 1206 497 1280 tempore
520 1193 699 1256 Chiutilani
711 1202 748 1276 g)
763 1195 847 1278 regis
862 1194 1031 1280 hucusque
1051 1221 1069 1258 a
1085 1198 1179 1260 Priu-

68 1281 195 1364 cipibus
225 1278 409 1360 acquisitis‚
439 1287 495 1339 aut
522 1279 674 1361 deinceps
698 1279 725 1340 si
749 1279 939 1359 provenerit
959 1279 1178 1364 acquirendis,

68 1383 289 1444 quaecuuque
326 1361 461 1424 forsitan
483 1360 638 1443 Princeps
661 1360 844 1423 inordinata
866 1362 1018 1444 reliquit,
1040 1362 1108 1426 sive
1127 1385 1180 1427 re·

67 1445 222 1530 liquerit,
250 1443 405 1526 quoniam
429 1465 488 1526 pro
509 1443 602 1524 regui
618 1441 708 1524 apice
731 1443 906 1525 probantur
921 1445 1078 1527 acquisita
1093 1445 1179 1510 fuis-

68 1551 115 1606 se,
138 1527 180 1588 ad
211 1547 427 1604 successorem
453 1526 652 1588 tandundem
676 1526 769 1608 regni
801 1525 1006 1591 deceruimus
1035 1528 1178 1612 pertines

68 1632 132 1689 re,
166 1609 211 1668 ita
233 1607 342 1668 habita
362 1615 529 1688 potestate,
556 1615 590 1670 ut
614 1607 775 1690 quidquid
797 1629 838 1670 ex
863 1607 914 1670 his
938 1610 1075 1693 elegerit
1091 1611 1179 1672 face·

67 1713 125 1770 re,
151 1691 291 1752 liberum
309 1689 546 1758 babeatvelle.
587 1689 628 1752 lu
655 1691 722 1752 illis
739 1699 846 1752 nutem
864 1692 981 1770 rebus,
1001 1714 1085 1776 quae
1112 1690 1176 1774 ipsi

69 1785 127 1836 aut
154 1773 194 1834 de
219 1771 313 1836 honis
335 1781 531 1854 parentum,
559 1781 614 1834 aut
641 1773 682 1835 de
712 1795 982 1856 quorumcunque
1013 1795 1177 1858 provere-s

68 1856 137 1918 rint
157 1854 415 1918 successionibus
431 1854 661 1938 proximorum,
684 1857 729 1918 ita
750 1855 855 1916 eidem
874 1856 1020 1943 Principi
1038 1856 1176 1937 eiusque

68 1938 164 2014 filiis,
193 1948 268 2016 aut,
297 1938 323 1998 si
349 1937 409 1998 filii
444 1937 626 2016 defuerint,
657 1937 832 2002 heredibus
860 1959 993 2020 quoque
1024 1936 1177 2020 legitimis

67 2019 258 2084 hereditatis
284 2019 356 2082 iura
376 2019 542 2103 patebunt,
565 2021 649 2084 sicut
678 2021 775 2082 etiam
797 2020 913 2082 ceteris
935 2021 1009 2104 lege
1028 2023 1082 2084 vel
1106 2040 1176 2082 suc-

68 2103 216 2166 cessione
242 2113 353 2183 patere
375 2111 562 2166 noscuntur.
616 2104 712 2181 Quod
733 2103 760 2164 si
786 2102 910 2185 aliquid
938 2125 980 2165 ex
1010 2102 1108 2165 rebus
1134 2100 1177 2165 de

69 2205 340 2269 quorumcunque
362 2193 533 2265 pareutum
550 2193 606 2248 ant
627 2185 846 2266 proximorum
870 2207 934 2246 non
974 2186 1080 2247 solum
1101 2204 1177 2246 suc·

70 2268 229 2345 cessione,
245 2267 303 2327 sed
320 2267 417 2328 etiam
436 2267 580 2348 qualibet
594 2267 779 2343 collatione,
795 2279 850 2329 aut
861 2268 1011 2348 quolibet
1027 2276 1178 2330 contrac-

68 2361 104 2415 tu
125 2351 166 2410 ad
185 2349 237 2410 ius
257 2348 357 2430 ipsius
373 2349 563 2444 pervenisse
580 2350 731 2432 patuerit,
750 2350 778 2414 ai
797 2351 963 2435 contingat
985 2351 1066 2414 hsec
1086 2350 1178 2422 inor-

71 2434 183 2497 dinata
209 2431 370 2513 relinqui,
398 2453 464 2492 non
497 2433 538 2494 ad
560 2453 776 2498 successorem
800 2433 915 2515 regni,
942 2433 1001 2496 sed
1025 2435 1067 2495 ad
1093 2431 1177 2492 filios

69 2515 124 2578 vel
145 2513 282 2578 heredes
305 2513 375 2582 eins
405 2513 461 2594 qui
484 2514 696 2596 conquisivit,
725 2515 908 2613 specialiter
933 2515 1037 2578 omnis
1064 2515 1177 2578 eadem

52 2594 269 2678 'conquisitio
296 2596 481 2677 pertinebit.
521 2597 601 2660 Nam
622 2597 713 2660 etde
735 2597 802 2662 ntis
830 2599 947 2679 rebus,
984 2597 1177 2682 qussidou

67 2679 227 2760 Princeps
262 2687 337 2740 ante
370 2700 507 2760 regnum
540 2688 596 2740 sut
615 2702 656 2742 cu
685 2680 838 2763 proprio,
861 2690 917 2742 ant
940 2703 981 2744 ex
1002 2680 1177 2744 iustissimo

25 2765 27 2772 '
70 2761 259 2842 conquisitu
292 2759 472 2826 dinoscitur
490 2761 659 2839 habuisse,
681 2762 886 2827 irrevocabili
910 2763 1026 2836 ordine
1048 2772 1104 2824 aut
1126 2763 1178 2823 fa-

69 2843 180 2905 cieudi
200 2840 320 2904 exinde
339 2844 428 2924 quod
451 2844 591 2906 voluerit
616 2854 805 2926 potestatem
829 2845 988 2926 habebit,
1011 2855 1066 2926 aut
1089 2852 1177 2907 certe

69 2927 145 2987 filiis
172 2924 244 2987 eius
268 2926 427 2987 successio
448 2927 546 3009 plena
567 2928 696 3008 patebit.
738 2929 837 3005 Quod
854 2930 881 2990 si
908 2930 968 2990 lilii
1000 2927 1177 3004 defuerint,

69 3006 223 3090 legitimis
252 3005 435 3086 heredibus,
462 3029 502 3070 ex
526 3008 577 3074 bis
600 3031 682 3090 quae
706 3010 889 3073 inordiusta
908 3011 1092 3092 reliquerit,
1117 3008 1178 3070 be-

69 3091 243 3158 reditatem
262 3089 351 3150 adire
372 3091 495 3154 licebit.
535 3091 638 3161 Huius
665 3115 741 3155 sane
760 3089 842 3176 legis
863 3093 1024 3156 sententia
1045 3092 1079 3152 in
1102 3091 1179 3159 solis

69 3171 262 3254 Principum
281 3171 343 3231 erit
366 3174 504 3255 negotiis
529 3173 739 3249 observanda,
767 3186 865 3258 atque
883 3177 927 3237 ita
948 3175 1109 3260 perpetim
1126 3195 1179 3236 va·

70 3255 186 3316 litura:
216 3261 255 3312 ut
281 3274 345 3314 uon
374 3267 469 3317 antea
496 3255 654 3338 quispiam
676 3257 793 3320 solium
820 3261 927 3341 regale
965 3255 1178 3334 conscendat,

70 3359 167 3419 quam
191 3336 364 3398 iuramenti
384 3339 517 3400 foedere
532 3337 615 3400 hanc
638 3340 745 3422 legem
766 3363 800 3404 se
818 3341 851 3402 in
875 3341 1024 3402 omnibus
1043 3339 1179 3423 implere

69 3418 243 3502 promittat.
287 3420 522 3500 Quemcunque
551 3443 629 3482 vero
655 3433 709 3488 aut
732 3445 792 3508 per
818 3425 1034 3485 tumultuosas
1055 3421 1178 3504 plebes,

71 3511 125 3562 aut
145 3523 206 3584 per
227 3497 380 3565 absconsa
395 3500 559 3584 dignitatis
576 3505 725 3582 publicae
751 3506 1009 3571 machinamenta
1027 3506 1180 3588 adeptum

71 3605 138 3646 esse
161 3583 346 3646 constiterit
370 3585 463 3666 regni
482 3587 631 3667 fastigia,
653 3609 728 3649 mox
742 3588 830 3650 idem
853 3611 927 3656 curn
946 3587 1095 3650 omnibus
1113 3598 1180 3655 tam

71 3665 195 3736 nefarie
225 3666 285 3726 sibi
309 3667 603 3745 consentientibus,
632 3680 664 3732 et
689 3671 857 3733 anathema
879 3673 943 3749 fist,
968 3681 1000 3734 et
1026 3669 1179 3733 Christia-¹

72 3767 187 3809 uorum
212 3750 475 3812 communionem
506 3752 649 3823 amittam
680 3763 745 3816 tam
766 3753 856 3816 dirae
883 3751 1098 3836 percussionis
1126 3754 1180 3815 ul-

71 3829 158 3890 tione
193 3831 351 3903 collisus,
384 3841 420 3892 ut
449 3834 553 3894 omnis
578 3834 684 3898 divini
718 3836 842 3898 ordinis
876 3837 1001 3915 cultor,
1037 3837 1095 3918 qni
1127 3835 1180 3896 illi

72 3913 307 3977 communicare
335 3916 613 3996 praesumpserit,
650 3916 748 3980 simili
770 3941 846 3981 curu
871 3919 941 4002 ipso
971 3917 1178 3984 damnatione

72 3994 241 4088 dispereat,
264 4005 411 4076 etpoena
430 3997 578 4065 tabescat.
620 4000 700 4060 Nam
722 4011 754 4062 et
770 4002 796 4063 si
814 4003 887 4082 quis
914 4003 994 4084 legis
1015 4000 1180 4060 huiusse·

71 4097 150 4142 nem
176 4097 218 4140 eu
246 4079 353 4140 officio
379 4079 527 4142 Palatino
554 4081 706 4150 malivole
730 4084 928 4155 detrahendo
950 4085 1092 4156 lacerare
1118 4091 1186 4147 ros¹

71 4189 501 4208 man·-

78 4209 94 4256 ·”
136 4244 167 4317 s)
185 4244 229 4308 u.
247 4213 498 4315 ss...oana.
559 4302 565 4312 ,,
652 4303 655 4310 ,

1244 365 1256 418 i
