2632 4822
351 255 572 348 numanum
608 289 735 348 incon
769 290 833 348 na.
851 291 900 349 vr.
981 283 983 287 ·
1077 267 1190 371 ,795
1270 276 1272 282 '

73 431 161 496 istud
181 453 248 493 non
269 440 438 517 reputetur
459 439 572 494 contra
592 431 719 516 legem,
749 431 839 514 quod
865 430 977 494 ambae
1004 441 1109 516 partes
1129 453 1190 496 vo·

73 516 211 579 luntario
232 516 367 585 faciunt.
409 518 453 578 Et
473 514 547 595 illi,
565 516 624 598 qui
644 515 910 596 taleschartnlas
931 514 1105 595 scribunt,
1117 516 1191 578 cul·

72 600 195 685 pabiles
218 621 284 660 non
307 599 520 664 inveniuntur
540 619 619 660 esse.
660 599 740 660 Nam
771 599 859 680 quod
880 598 921 658 ad
940 598 1191 662 hereditandum

71 683 232 768 pertinet,
265 704 323 766 per
351 685 457 770 legem
487 682 649 744 scribant:
684 690 819 763 etquae
842 681 966 747 dehac
989 683 1133 744 chartula
1155 682 1190 742 in

72 765 233 830 anteriori,
246 767 363 830 Edicto
385 771 450 830 lixa
470 774 561 842 sunt,
585 765 630 826 sic
651 775 862 849 permaneant
882 768 923 842 ο).
988 767 1012 832 l.
1035 788 1085 848 29.
1107 788 1137 827 2.

142 867 222 901 roan.
257 851 336 920 Petra
359 861 389 907 te
415 843 538 921 appellat
560 849 647 901 Maria
673 866 736 901 cum
754 849 873 901 Martino
901 865 950 900 suo
974 857 1084 912 tutore,
1116 845 1193 918 qnod

71 926 104 972 tu
122 929 200 972 tenes
218 917 269 970 sibi
287 929 386 976 terram
403 917 477 974 malo¹
495 917 590 971 ordine
607 919 637 971 in
654 918 704 972 tali
722 918 794 970 loco.
823 919 888 970 Mea
903 919 1011 990 propria
1027 927 1079 976 est.
1116 917 1194 988 Quid
1256 925 1259 930 '

72 990 125 1042 tibi
140 989 282 1061 pertinet?
298 1044 300 1050 ,
318 993 392 1045 Ecce
410 1000 502 1052 carta,
522 1007 605 1058 quarn
623 998 655 1042 tn
674 988 742 1040 mihi
760 988 858 1041 fecisti.
897 989 926 1040 Si
944 999 1019 1043 carta
1035 988 1193 1042 manifestat

73 1061 109 1113 de
136 1069 263 1132 parente,
296 1063 343 1116 vel
361 1062 396 1116 de
414 1060 602 1121 Mundualdo,
641 1068 669 1112 et
688 1077 822 1113 consensu
840 1058 950 1124 mariti,
987 1059 1101 1132 qnando
1125 1059 1193 1112 fecit

73 1129 333 1201 comparentibus,
353 1133 427 1186 dicat
445 1132 557 1193 falsam,
578 1137 626 1182 ant
642 1138 744 1185 taceat.
781 1129 810 1182 Si
829 1137 904 1183 carta
922 1149 978 1182 non
996 1129 1191 1192 manifestavit,

72 1203 127 1256 hoe
146 1209 205 1264 cst,
236 1201 271 1253 sit
287 1220 394 1266 vacua,
424 1202 445 1254 si
468 1200 646 1266 Langobarda
666 1201 755 1254 luerit.
792 1199 828 1252 Et
853 1200 875 1252 si
900 1199 1001 1252 dixerit
1027 1197 1196 1270 appellatus,

73 1271 150 1342 quod
167 1289 222 1322 non
240 1271 336 1326 fuisset
355 1271 546 1339 Langobarda,
566 1269 699 1344 approbet
714 1270 834 1335 femina,
853 1288 882 1323 se
901 1287 959 1325 esse
978 1261 1192 1338 Longobarddrm

73 1341 141 1395 etsi
158 1359 214 1394 non
232 1343 355 1412 potuerit
372 1345 420 1396 det
437 1343 560 1413 duplum.

157 1412 243 1486 XCl,
286 1412 519 1490 (XXXVlll.)
580 1409 614 1471 Si
652 1409 725 1493 quis
758 1410 841 1472 liber
880 1409 997 1488 homo,
1040 1409 1075 1470 in
1107 1418 1192 1472 terra
1294 1463 1298 1470 .

72 1494 179 1556 aliena
200 1495 346 1558 residens
368 1494 529 1558 libellario
558 1493 690 1555 nomine
703 1540 721 1573 ,.
746 1493 960 1554 homicidium
986 1493 1122 1569 fecerit,
1159 1501 1192 1555 et

71 1578 150 1660 fuga
170 1576 279 1659 lapsus
300 1580 416 1657 fuerit,
448 1589 527 1640 tunc
557 1578 614 1638 ille
642 1577 676 1636 in
708 1577 913 1639 cuius-terra
935 1578 1002 1659 ipse
1025 1576 1196 1637 homicida-

73 1660 267 1722 lahorarerit
299 1672 353 1723 aut
381 1661 627 1739 inhabitaverit,
658 1660 775 1722 habeat
795 1659 932 1743 spatium
953 1659 1073 1720 mensis
1095 1660 1191 1720 unius

67 1744 114 1804 ad
136 1745 240 1826 ipsum
260 1745 428 1807 hominem
449 1745 719 1829 perquirendum:
743 1755 776 1806 et
797 1745 915 1804 sicum
935 1743 1114 1822 invenerit,
1137 1743 1193 1803 ha·

71 1827 147 1887 beat
168 1827 334 1888 licentiam
355 1821 461 1912 ipsum
483 1828 665 1906 hominem,
688 1827 832 1908 quamvis
853 1827 938 1888 liber
959 1826 1018 1903 sit,
1043 1825 1192 1908 compre-

73 1908 261 1989 hendendi,
294 1921 325 1972 et
345 1912 495 1974 tradendi
515 1912 549 1971 in
577 1932 675 1971 manu
696 1910 807 1988 illius,
844 1911 896 1971 cui
916 1909 1031 1972 fecerit
1051 1909 1192 1970 homici-

16 1991 17 1994 '
74 1992 173 2057 dium,
214 1993 257 2052 Et
279 1993 305 2056 si
327 1993 391 2055 hoc
412 2016 479 2054 non
500 1992 635 2069 fecerit,
659 1995 733 2055 (lare
757 1994 873 2055 debeat
892 1993 1035 2054 medinm
1058 1993 1097 2054 de
1120 2015 1192 2051 om-

74 2075 169 2134 nibus
184 2075 279 2137 rebus
291 2077 475 2155 mobilibus,
497 2075 632 2159 excepto
649 2077 734 2137 lecto
748 2082 799 2161 p),
822 2075 949 2158 quasin
965 2076 1031 2158 ipsa
1050 2097 1122 2136 casu
1136 2075 1192 2134 ha·

73 2157 180 2218 buerit
195 2157 262 2239 ipse
283 2159 452 2221 homicida.
496 2161 593 2239 Quod
609 2161 634 2220 si
649 2181 754 2240 neque
767 2159 873 2220 facere
885 2159 1034 2235 voluerit,
1056 2159 1123 2241 ipse
1138 2180 1193 2218 cu·

74 2241 124 2300 ius
147 2250 231 2301 terra
253 2253 317 2320 est,
354 2244 427 2304 dare
464 2245 578 2305 debeat
605 2243 766 2304 libellario
798 2243 927 2303 nomine
952 2241 1052 2324 ipsam
1073 2252 1190 2302 terram

75 2323 124 2399 ei,
149 2324 200 2382 cui
222 2325 436 2386 homicidium
457 2327 588 2404 fecerit,
611 2335 647 2386 ut
666 2326 781 2386 reddat
802 2326 832 2386 ei
856 2326 990 2404 exinde,
1014 2325 1098 2386 sicut
1119 2323 1191 2384 red·

72 2407 186 2482 debat,
219 2407 276 2489 qui
298 2407 404 2490 ipsum
425 2409 637 2470 homicidium
657 2408 746 2470 fecit.
788 2411 910 2470 Tamen
942 2409 981 2469 de
1015 2409 1065 2470 his
1086 2408 1189 2468 tribus

71 2488 220 2571 capitulis
242 2495 273 2573 q)
295 2491 329 2551 in
352 2492 442 2552 illius
463 2493 504 2554 sit
524 2501 679 2575 potestate
703 2492 869 2574 eligendi,
901 2491 993 2553 cuius
1021 2501 1107 2554 terra
1129 2499 1188 2570 est,

70 2580 103 2634 et
122 2571 220 2632 faciat
240 2574 358 2637 exinde
380 2597 482 2638 unum
511 2576 640 2660 qualem
662 2575 809 2641 voluerit.
871 2580 898 2639 I.
920 2597 950 2658 9.
973 2597 1022 2641 22.
1108 2643 1111 2652 Ι

154 2655 258 2739 XCII.
302 2657 501 2736 (XXXIX.)
543 2659 576 2720 Si
603 2657 674 2740 quis
697 2657 868 2719 mulierem
896 2667 949 2718 aut
970 2656 1113 2740 puellam
1135 2665 1189 2717 aut

69 2736 253 2820 religiosam
281 2740 460 2818 feminam,
486 2765 567 2824 quae
598 2741 632 2801 in
658 2742 789 2802 alterius
816 2741 951 2804 mundio
976 2751 1043 2819 est,
1074 2741 1107 2800 in
1137 2762 1186 2801 sa-

70 2832 233 2882 cramento
261 2823 387 2886 mittere
413 2825 656 2908 praesumserit,
693 2833 867 2908 componat
887 2824 1091 2885 Mundualdo
1119 2822 1188 2884 eius

70 2903 164 2965 solid.
182 2905 217 2964 L.
239 2914 272 2966 et
293 2907 326 2967 in
348 2908 468 2990 palatio
483 2910 577 2992 Regis
600 2906 748 2970 similiter
768 2907 1013 2990 quinquaginta.
1057 2901 1080 2972 l.
1095 2908 1145 2967 33.
1158 2907 1187 2966 ὅ.

139 3003 218 3037 rom-
256 2989 337 3043 Petre
364 2999 393 3044 te
420 2993 543 3062 appellat
565 2991 714 3052 Martinus,
741 2991 816 3062 quod
838 3000 871 3043 tu
897 2991 994 3042 misisti
1012 3008 1094 3042 unam
1112 3005 1189 3040 suam

70 3055 265 3109 mundoaldam
284 3060 313 3110 in
331 3071 540 3116 sacramentum.
574 3063 630 3114 Ant
648 3062 758 3115 exdicut
775 3069 824 3113 aut
842 3069 989 3132 componat
1003 3063 1051 3113 sol.
1071 3062 1100 3114 1..
1113 3057 1189 3126 Regi,

70 3127 145 3176 eth.
165 3127 340 3182 mundoaldo.
1120 3147 1123 3152 ·

151 3192 274 3257 XCIII.
327 3202 424 3278 (XL.)
453 3199 511 3262 'si
544 3198 615 3282 quis
650 3201 751 3280 fream
793 3198 932 3260 alienam
964 3197 1034 3263 sine
1068 3198 1190 3261 volun-

68 3284 135 3337 tate
170 3279 362 3341 Mundualdi
400 3282 470 3343 eins
500 3305 628 3345 movere
661 3285 700 3345 de
732 3301 828 3362 casa,
858 3282 915 3343 ubi
947 3281 1016 3364 ipsa
1046 3282 1207 3360 habitat,·

69 3362 308 3442 praesumserit,
331 3372 363 3425 et
384 3364 460 3424 alibi
483 3365 627 3443 duxerit,
652 3373 823 3448 componat
844 3365 922 3442 ille,
946 3365 1003 3446 qni
1026 3364 1060 3427 in
1083 3365 1186 3449 capite

70 3444 136 3519 est,
167 3464 225 3524 pro
249 3444 364 3508 illicita
386 3449 621 3528 praesumtione
644 3449 685 3509 ad
706 3445 944 3508 Mundualdum
971 3470 1037 3508 unu
1066 3450 1187 3511 solidos

69 3525 198 3592 Lxxx,
241 3528 284 3586 Et
304 3528 329 3588 si
349 3529 393 3590 ibi
416 3529 510 3592 liberi
531 3531 679 3601 homines
702 3554 776 3591 cum
797 3532 866 3613 ipso
888 3531 1028 3608 fuerint,
1053 3555 1187 3616 compo-

56 3617 125 3667 nat
146 3610 367 3693 unusquisque
390 3632 450 3696 per
471 3614 673 3696 caputsolid.
689 3616 760 3680 XX.
803 3614 894 3676 Servi
916 3623 1023 3674 autem
1044 3615 1078 3675 in
1101 3639 1188 3678 corn-

69 3689 230 3834 positione
263 3694 386 3755 domini
416 3697 465 3757 sui
496 3706 734 3780 computentur.
791 3699 871 3760 Nam
905 3696 930 3758 si
954 3697 1088 3759 forsitan
1117 3701 1184 3784 ipse

94 3795 166 3833 omo
189 3774 273 3836 liber
295 3787 352 3853 est,
375 3780 432 3862 qui
454 3780 552 3863 ipsam
573 3782 674 3840 fream
697 3780 735 3841 de
757 3803 839 3855 casa,
863 3780 918 3840 ubi
934 3790 991 3858 est,
1010 3783 1132 3861 tulerit,
1155 3792 1188 3843 et

69 3856 129 3917 sibi
151 3880 285 3919 uxorem
308 3861 451 3942 duxerit,
474 3864 520 3924 sic
543 3872 723 3946 componat,
746 3865 829 3926 sicut
850 3864 1095 3946 gloriosissimus
1116 3870 1187 3931 Rex

67 3941 216 4002 Rotharis
239 3942 377 4004 instituit
397 3945 431 4005 in
452 3941 604 4008 anteriori
625 3947 752 4015 Edicto.
813 3947 859 4010 ll.
881 3970 909 4010 2.
930 3949 967 4026 4.,

89 4202 95 4214 .
139 4133 168 4202 o)
184 4133 229 4186 Al.
248 4135 332 4190 Editt.
351 4150 379 4189 et
391 4136 469 4209 quod
482 4136 515 4190 de
530 4137 715 4210 elini-tafalsa
732 4139 764 4190 in
779 4151 837 4191 ant.
855 4135 960 4192 Edicto
978 4156 1118 4192 annexum
1136 4154 1185 4206 est,

68 4219 109 4256 sic
126 4217 297 4272 permaneat.
353 4208 397 4330 J)
415 4208 523 4262 Herold.
544 4222 657 4294 excepto
675 4223 775 4294 terras,
813 4212 865 4264 Un.
885 4210 954 4286 (lod.¹
967 4223 1082 4294 excepto
1100 4225 1186 4298 teoto·

55 4289 120 4358 xrer.
193 4275 223 4350 q)
242 4275 292 4344 Uo.
312 4275 351 4344 (lo
372 4317 378 4331 .
400 4279 462 4336 Una
480 4277 513 4334 de
529 4279 575 4335 ,lus
592 4280 681 4335 tribus
696 4280 832 4354 partibus.
1046 4301 1049 4306 Δ

646 4387 649 4400 l
