2684 4868
278 285 773 364 ssorsw1s1oornononn1n.
793 288 840 343 rx.
858 284 929 342 rrr.
949 285 1002 338 111.
1126 265 1198 344 615
1311 311 1316 324 =

90 426 325 508 cuiuscunque*
351 425 519 508 exegerit:
553 428 706 512 equidem
734 427 763 490 si
796 426 837 488 de
867 423 1057 508 primatibus
1088 425 1200 508 palatii

86 510 209 589 fuerit,
231 517 263 570 et
285 509 334 569 illi
361 532 378 568 a
407 530 472 590 quo
494 511 558 571 talc
585 513 731 594 accepit,
762 511 796 569 in
825 508 1043 590 quadruplum
1074 510 1201 571 satisfu-

88 593 162 671 ciat,
184 601 216 653 et
238 591 376 674 principi
400 613 460 673 pro
491 614 529 653 eo
556 593 625 655 solo
647 616 713 677 quo
741 615 774 655 se
795 591 983 655 munificare
1014 612 1198 674 praesump-

87 675 149 752 sit,
184 675 298 735 libram
328 674 397 734 auri
419 682 453 745 e)
478 677 660 737 soluturum
688 697 721 738 se
751 676 885 736 noverit.
948 673 1091 736 Minores
1119 695 1199 737 vero

86 777 254 840 personne,
277 758 316 818 ab
341 755 462 818 honore
490 759 544 818 vel
568 759 723 842 dignitate
753 756 962 839 ingenuitatis
988 755 1140 836 privatae,
1162 756 1198 818 in

86 839 462 922 potestatemPrincipis
486 851 562 902 sunt
593 840 807 922 redigendae:
834 849 871 900 ut
896 838 985 920 quod
1008 835 1049 899 de
1075 837 1121 900 eis
1144 839 1199 900 vel

87 921 128 982 de
158 923 256 984 rebus
286 943 397 984 eorum
433 922 577 986 iudicare
609 924 767 1007 elegerit,
796 943 872 985 snae
904 922 1067 984 subiaceat
1094 920 1199 983 modis

87 1005 236 1067 omnihus
257 1003 418 1082 potestati.

135 1155 226 1226 Tru.
252 1156 318 1248 111.
374 1155 514 1227 De'his
540 1155 603 1323 qpi
623 1154 903 1324 'uthcclesiam
934 1153 1152 1263 confugium,

349 1277 350 1280 ¹
579 1278 683 1324 acron
703 1306 712 1324 .
1066 1308 1069 1314 .

124 1379 153 1444 I.
194 1382 242 1444 Ne
261 1382 307 1446 ad
325 1383 499 1448 Ecclesiam
522 1382 707 1549 wiffam
731 1385 949 1464 abstrahatur,
970 1386 1033 1447 nisi
1056 1386 1153 1447 arteris

583 1488 598 1526 e
616 1487 717 1530 ensus.

165 1571 284 1636 Nullus
304 1561 344 1635 de
369 1574 505 1636 ecclesia
534 1595 629 1636 ausus
653 1574 695 1636 sit
722 1573 864 1657 aliquem
890 1575 1051 1638 violenter
1073 1573 1195 1636 abstra-

81 1655 175 1728 here,
202 1656 263 1717 nisi
288 1657 328 1717 ud
348 1657 527 1721 Ecclesiam
548 1656 740 1742 confugiens
760 1658 855 1722 armis
872 1679 905 1721 se
928 1661 1061 1720 fortasse
1084 1657 1196 1720 delen·

81 1759 153 1800 sere
172 1739 323 1801 voluerit.

82 1855 128 1918 II.
173 1853 211 1913 Sl
234 1853 280 1914 ad
300 1853 475 1916 Ecclesiam
494 1851 699 1996 confugieusd,
728 1853 804 1914 dum
830 1855 895 1917 suis
926 1854 1023 1916 ermis
1042 1853 1192 1938 defendi·

507 1949 577 2008 tur,
600 1957 665 1998 occz
691 1949 772 1999 atur.

162 2040 228 2121 Qui
251 2041 292 2103 ad
310 2041 475 2104 Ecclesiae
498 2041 643 2126 porticus
666 2039 865 2125 confugerit,
889 2051 920 2104 et
943 2063 1008 2103 non
1032 2041 1191 2126 deposne-

79 2124 124 2187 rit
144 2147 231 2186 arma
253 2145 334 2207 quae
355 2124 481 2205 tenuit:
513 2125 539 2186 si
565 2125 664 2186 fuerit
685 2124 831 2201 occisus,
851 2146 1024 2205 percussor
1050 2123 1083 2185 in
1117 2125 1190 2186 loco

79 2217 191 2270 sancto
213 2209 335 2269 nullam
356 2208 436 2270 fecit
454 2205 624 2287 iniuriam,
646 2228 708 2269 uec
729 2207 829 2269 ullam
851 2207 1067 2294 calumpniam
1092 2207 1192 2292 perti·

79 2301 209 2354 mescat.

133 2407 196 2471 ΙΙΙ.
239 2409 289 2468 De
317 2407 473 2491 dampno,
499 2408 656 2469 hominem
681 2399 887 2468 abstuleris
910 2405 1130 2473 abstrahentis.

163 2514 197 2575 si
223 2513 296 2596 quis
317 2513 356 2575 de
378 2511 530 2576 altoribus
553 2534 679 2575 servum
703 2533 798 2572 suum
821 2521 875 2573 aut
896 2511 1091 2590 debitorem,
1122 2527 1189 2573 nou

81 2595 233 2657 traditum
253 2595 313 2658 sibi
336 2617 352 2654 a
379 2597 555 2674 sacerdote,
578 2595 630 2656 vel
657 2595 697 2655 ab
712 2595 877 2656 Ecclesiae
901 2593 1098 2672 custodibus,
1120 2594 1189 2664 vio⁴

81 2675 189 2738 lenter
211 2678 409 2741 distraxerit:
438 2678 464 2740 si
485 2677 678 2740 honestioris
702 2677 767 2739 loci
794 2695 931 2760 persons
959 2685 1027 2753 est,
1054 2687 1091 2738 ut
1116 2677 1189 2761 ,pria

80 2781 170 2819 mum
196 2760 235 2821 de
263 2782 301 2822 eo
334 2760 435 2822 iudici
466 2762 567 2822 fuerit
593 2761 756 2838 relatum,
789 2759 903 2821 altario
932 2759 986 2820 cui
1014 2759 1190 2822 iniuriosus

77 2841 143 2904 fuit
155 2886 165 2920 ,
195 2853 326 2926 cogatur
350 2842 514 2905 exsolvere
533 2842 652 2904 solidos
676 2852 826 2906 centum:
855 2842 1019 2903 inferioris
1041 2863 1117 2904 nero
1138 2844 1190 2904 10⁴

52 3001 54 3011 Α
78 2924 106 2986 ci
130 2946 266 3007 persona
295 2926 350 2987 det
374 2925 493 2989 solidos
517 2923 621 2986 XXX.
664 2925 759 3005 Quod
782 2925 807 2988 si
834 2945 900 2986 uon
924 2924 1074 2985 habuerit
1094 2925 1187 2986 unde

76 3008 259 3090 persoluat,
279 3017 456 3089 'correptus
479 3032 496 3069 a
518 3008 647 3085 iudice,
665 3008 700 3068 in
720 3019 886 3070 conventu
912 3016 1042 3068 centum
1062 3005 1191 3090 flagella

77 3090 239 3171 suscipiat.
281 3091 440 3152 Dominus
464 3113 543 3156 vero
568 3112 711 3172 servum,
737 3091 806 3156 sive
833 3089 976 3154 creditor
996 3086 1187 3164 debitorem,

78 3172 214 3255 recipiat
230 3184 427 3239 excusatum.

117 3285 178 3355 IV.
225 3287 267 3350 Ut
287 3287 413 3350 debitor
430 3289 494 3348 sive
511 3309 582 3349 rens
605 3286 645 3348 de
664 3287 807 3349 Ecclesia
827 3308 891 3349 non
910 3285 1143 3364 abstrahantur,

350 3369 409 3430 scol
433 3391 512 3454 quae
538 3383 610 3431 sunt
633 3369 740 3432 debita
764 3369 911 3435 reddant,

157 3450 222 3512 Eos
239 3451 296 3534 qui
313 3453 353 3514 ad
372 3454 552 3515 Ecclesiam
565 3453 616 3514 vel
627 3452 792 3516 Ecclesiae
809 3452 950 3533 porticus
966 3449 1185 3532 confugerint,

76 3530 187 3593 nullus
213 3533 402 3618 contingere
431 3546 633 3620 praesumat:
665 3535 721 3598 sed
747 3535 933 3618 presbytero
966 3533 1018 3596 vel
1050 3533 1188 3595 diacono

76 3624 224 3696 repetat,
257 3625 292 3678 ut
312 3618 482 3680 reformet:
506 3628 538 3681 et
559 3641 617 3679 seu
642 3617 780 3696 debitor,
809 3639 867 3678 seu
892 3636 965 3678 reus
988 3616 1043 3698 qui
1069 3617 1188 3678 conlu-

77 3697 179 3779 gerit,
209 3699 324 3761 sinon
348 3711 492 3763 meretur
521 3701 651 3780 occidi,
681 3700 765 3785 apud
792 3708 995 3784 repetentem
1020 3699 1198 3762 Ecclesiae.

144 3937 172 4011 e)
188 3939 228 3992 Al.
248 3943 446 4012 mssstrigintu
464 3943 530 3994 auri
545 3938 648 3994 solidos
673 3940 826 3993 soluturum
843 3939 1004 3992 se‘noceric
1058 3937 1185 3992 Minores

75 4025 138 4062 cero
156 4029 302 4080 personae,
322 4025 349 4064 et
366 4031 399 4066 ea
418 4029 491 4082 quae
511 4013 669 4082 occeperint
693 4013 724 4062 in
742 4009 852 4079 duplum
870 4010 927 4061 illis
954 4029 971 4061 a
996 4010 1096 4082 quibus
1124 4022 1189 4061 sunt

75 4080 171 4131 abluto
188 4083 236 4134 vel
253 4095 353 4135 exucta
378 4084 535 4144 restituant,
557 4096 582 4134 et
601 4084 654 4151 ipsi
670 4081 698 4132 l.
710 4081 832 4150 flagella
847 4081 957 4150 publice
977 4077 1114 4134 verberati
1129 4098 1188 4132 sus·

75 4151 188 4216 cipiunt,
227 4151 317 4204 Huius
331 4170 399 4204 sane
417 4152 485 4220 legis
504 4152 620 4206 edictum
643 4153 678 4204 ud
702 4170 778 4201 antro
802 4148 925 4203 secundo.
942 4153 1021 4218 regni
1045 4153 1135 4204 nostri
1152 4169 1187 4204 cx

75 4215 119 4272 elie
137 4217 319 4274 kalendarum
339 4223 527 4275 novembrium
546 4223 715 4278 decernimus
733 4221 889 4276 valiturum.
