2648 4874
99 205 101 212 ,
119 238 202 326 4⁷8-
322 248 819 322 mnsmrsrecrnomnara
834 248 875 302 ιι.
892 247 963 304 ru.
982 251 1029 305 ιι.

119 391 473 478 ᾳῃᾼοθὶερῆςειβῖφ
501 386 845 476 praetermittendum,
887 408 929 450 ne
960 397 1050 449 tauto
1078 387 1232 471 cuiquam

118 474 374 564 pateatnocendi
391 474 547 548 facultas,
558 482 689 554 *quanto
703 471 873 533 nihilesse
889 480 979 552 putat
994 471 1122 554 exlege
1141 473 1232 554 quod

91 589 93 596 ·
119 569 251 625 metuat.
292 557 377 636 Quia
392 577 468 638 ergo
482 555 668 616 multotiens
690 553 943 638 interingenuos
958 554 1121 640 reperitur
1138 577 1230 616 exor-

120 655 152 707 ta
174 641 305 719 caedes,
344 640 514 702 et=nullus
545 637 653 700 adesse
675 636 870 720 'ingenuum
907 636 964 718 qui
995 637 1104 698 caedis
1131 637 1232 721 ipsius

118 725 296 812 pptetaqiat
326 721 492 794 evidenter
510 720 636 792 scelus;
657 718 731 786 ideo
755 719 783 780 si
806 718 917 782 nullus
938 718 1156 800 ingenuorum
1177 719 1231 780 ad-

120 796 241 886 fuerit,
264 803 472 866 crediservis
494 801 626 864 omnino
647 802 822 885 oportebit:
852 811 890 862 ut
910 802 1051 883 qualiter
1071 801 1158 863 inter
1176 823 1231 864 eos

121 890 226 963 caesio
257 891 341 954 facta
369 886 568 963 constiterit,
596 886 726 968 agnosci
748 885 870 950 eisdem
891 883 1133 946 testificantibus
1154 906 1231 966 pos-

120 965 172 1048 sit.
197 974 338 1050 ¹Verum
357 971 433 1050 quia
447 979 479 1032 et
498 968 662 1030 interdum
677 967 815 1032 iustitiae
834 966 977 1049 cognitio
987 966 1130 1048 deperit,
1153 968 1231 1029 dum

120 1058 338 1138 ingenuorum
366 1050 524 1132 dignitas,
564 1060 619 1113 aut
651 1051 748 1132 louge
775 1049 899 1131 posita,
932 1059 988 1110 aut
1020 1049 1061 1111 de
1082 1050 1232 1132 proximo

121 1140 231 1222 ignota
252 1131 414 1200 consistit:
441 1143 520 1193 tnnc
542 1132 632 1199 credi
653 1133 866 1215 permittimus
891 1131 1010 1209 servis,
1041 1153 1116 1192 curn
1137 1131 1232 1214 inge·-

121 1218 179 1292 nni
194 1212 378 1280 nullatenus
394 1214 574 1293 adfuerint,
596 1216 653 1298 qui
674 1226 732 1280 aut
751 1215 851 1278 vicini
872 1223 970 1292 sunt,
992 1223 1047 1275 aut
1059 1215 1101 1276 de
1117 1235 1231 1296 reque

123 1301 228 1388 agitur
249 1297 371 1380 cogniti
391 1295 580 1360 habeantur.
621 1299 717 1360 Certe
741 1319 806 1360 nec
828 1297 868 1360 de
889 1295 961 1358 aliis
991 1297 1125 1375 caussis,
1168 1317 1232 1359 nee

121 1387 163 1448 de
202 1379 374 1442 maioribus
406 1380 504 1440 rebus
528 1401 596 1442 esse
625 1381 687 1441 sibi
709 1379 908 1442 credendum
933 1378 1068 1457 sciant,
1090 1380 1153 1440 uisi
1189 1379 1233 1440 de

120 1464 262 1529 minimis
284 1462 531 1545 quibuscunque
551 1461 668 1540 rebus,
698 1484 735 1525 ac
755 1462 795 1524 dc
815 1462 928 1538 terris,
955 1471 1012 1524 aut
1032 1461 1157 1538 vineis,
1179 1462 1231 1524 vel

123 1550 165 1613 de
188 1542 376 1622 aedificiis,··
395 1565 477 1626 quae
500 1565 564 1606 nou
595 1544 727 1626 grandia
753 1565 822 1609 esse
843 1543 1065 1607 constiterint:
1099 1551 1233 1628 propter

121 1631 210 1714 qnod
222 1628 399 1691 soletinter
409 1627 548 1704 heredes
560 1627 746 1690 autricinos
756 1648 957 1709 possessores
978 1627 1132 1694 instantia
1151 1648 1233 1689 exo-

123 1713 192 1780 riri.
234 1711 352 1772 Sedet
374 1709 414 1770 de
436 1709 604 1791 mancipiis
631 1709 828 1772 credendum
854 1719 902 1771 est
927 1710 991 1788 eis,
1025 1730 1125 1790 qnare
1151 1731 1232 1776 con·

121 1795 218 1878 tingit
241 1815 278 1855 ea
306 1794 360 1854 vel
389 1792 428 1852 ab
449 1792 522 1852 aliis
543 1793 711 1874 occupari,
747 1793 804 1859 ael
824 1791 969 1856 indebite
990 1790 1145 1870 retineri,
1177 1801 1233 1853 ant

122 1878 219 1941 etiam
241 1899 259 1936 a
280 1874 485 1936 dominorum
505 1874 575 1935 iure
598 1874 721 1937 inlicite
743 1875 886 1958 evagari:
907 1885 944 1936 ut
963 1895 1023 1962 per
1043 1895 1155 1936 eorum
1178 1896 1233 1936 ve·

121 1982 190 2023 ram
213 1958 432 2040 cognitionem
461 1958 588 2019 valeant
613 1979 664 2019 res
693 1957 779 2042 ipsae
805 1955 948 2020 dominis
968 1955 1062 2017 reddi
1088 1967 1122 2018 et
1142 1957 1234 2040 ipso·

121 2063 195 2105 rum
215 2041 395 2102 indubitata
418 2041 531 2101 notitia
554 2039 635 2102 iuste
659 2041 764 2124 possit'
778 2037 969 2101 intentionis
994 2060 1102 2099 caussa
1122 2039 1232 2122 sopiri.

119 2127 192 2187 Non
214 2132 320 2184 tamen
349 2111 415 2182 lllis
443 2124 539 2183 aliter
560 2122 648 2184 credi
678 2122 817 2206 poterit,
839 2121 902 2183 uisi
931 2130 963 2182 et
991 2119 1030 2180 ab
1060 2123 1147 2182 omni
1172 2121 1233 2195 cri,-

119 2208 209 2268 mine
244 2205 342 2266 alieni
376 2203 558 2282 extiterint,
588 2214 619 2266 et
648 2205 734 2291 gravi
766 2203 908 2289 oppressi
943 2213 1129 2287 paupertate
1167 2226 1232 2265 non

120 2288 255 2351 fuerint.
300 2289 346 2346 lta
368 2295 404 2345 ut
424 2297 535 2348 contm
555 2286 771 2368 ingenuorum
793 2287 999 2386 diqnitatem,
1034 2307 1146 2346 corum
1167 2296 1232 2347 tes·

120 2372 293 2432 timonium
323 2368 425 2450 accipi
454 2369 641 2430 nullatcnus
662 2370 781 2452 possit,
808 2369 890 2449 ursi,
918 2378 954 2431 ut
981 2377 1089 2454 supra'
1111 2370 1235 2433 dictum

123 2461 190 2531 est,
210 2452 341 2514 caedem
363 2450 484 2512 exoriri
505 2450 688 2534 contigerit.
1177 2451 1178 2456 ’

342 2635 346 2644 ·
405 2631 408 2640 ⁴
515 2599 555 2663 X.
576 2616 639 2662 rus.
661 2622 747 2664 caus.
768 2623 839 2664 arx.

123 2717 174 2778 Dc
196 2715 247 2777 aa
268 2715 323 2800 qui
349 2735 382 2776 se
399 2713 590 2802 placitorum
611 2717 737 2798 scriptis
764 2715 924 2798 obligant,
955 2740 994 2782 ne
1014 2739 1076 2805 pro
1098 2717 1236 2781 aliorum

144 2869 147 2877 Ι
261 2871 264 2878 ¹
458 2799 576 2858 caussis
605 2799 766 2860 veritatem
787 2799 904 2862 dicant.
997 2841 1001 2844 v
1035 2859 1040 2868 ,

208 2878 387 2966 Plerosque
417 2881 643 2964 cognorimus,
674 2881 719 2942 ita
750 2904 782 2944 se
808 2879 973 2945 interdum
997 2881 1236 2964 perplacitum

126 2963 293 3046 obligare,
317 2974 353 3025 nt
372 2985 430 3046 pro
456 2985 512 3024 sua
533 2985 730 3046 suorumque
752 2965 890 3034 utilitate
911 2964 1072 3050 testificari
1094 2987 1158 3026 non
1176 2965 1237 3028 dil-

123 3049 247 3110 ferant:
282 3045 308 3108 si
332 3046 410 3127 quis
439 3055 543 3106 autem
566 3056 753 3110 contraeas
780 3047 930 3109 habuerit
951 3047 1169 3110 testimonium
1191 3047 1238 3108 di·

126 3151 221 3208 cere,
249 3129 434 3189 nullatenus
453 3129 672 3211 adquiescant.
713 3127 812 3207 Quod
839 3130 916 3213 quin
936 3130 1013 3194 satis
1032 3140 1081 3190 est
1105 3138 1238 3190 contra-

120 3203 212 3276 rium
232 3209 376 3289 veritati,
409 3208 494 3271 hanc
522 3232 632 3273 ornnes
660 3211 784 3276 iudices
811 3233 845 3294 se
863 3203 1021 3274 ¹noverint
1047 3211 1168 3285 hahere
1195 3212 1237 3274 li-

126 3293 285 3370 centiam,
311 3303 348 3354 ut
365 3291 441 3353 talia
457 3303 636 3356 commenta
658 3293 816 3356 instanter
837 3294 1024 3376 inquirant,
1053 3305 1084 3356 et
1104 3295 1238 3356 inventa

94 3419 95 3422 =
125 3379 344 3458 disrumpant:
371 3379 466 3458 atque
488 3399 568 3459 quos
593 3376 704 3439 eadem
726 3377 842 3460 placita
871 3376 1128 3454 nominaverint,
1159 3397 1237 3437 cen-

126 3460 211 3520 tenis
250 3457 387 3540 flagellis
420 3459 636 3522 verberandos
664 3459 821 3522 insistant.
892 3462 942 3521 Ita
975 3468 1080 3520 tamen
1114 3467 1151 3520 ut
1179 3459 1238 3520 ista

129 3540 302 3622 disciplina
330 3562 395 3600 non
424 3541 464 3601 ad
498 3541 648 3606 infamiae
678 3553 786 3604 notam
807 3541 853 3605 eis
883 3541 1058 3625 pertineat:
1094 3541 1152 3602 sed
1173 3549 1235 3602 tes·

124 3623 270 3684 tificaudi
301 3623 389 3704 quod
419 3623 584 3704 cognitum
612 3625 806 3705 habuerint,
838 3623 881 3690 sit
908 3623 976 3688 illis
999 3646 1040 3687 ex
1061 3625 1133 3708 lege
1163 3643 1238 3687 con·

127 3727 214 3768 cesso
236 3726 361 3789 semper
391 3714 423 3768 et
444 3705 625 3768 indubitata
654 3707 796 3776 libertas.

471 3881 525 3944 XI.
546 3903 607 3948 rus.
629 3903 696 3960 cas.
717 3887 802 3948 runs.
822 3901 911 3948 nrm

270 3968 319 4054 De
345 3995 455 4078 quibus
485 3994 581 4070 annis*
600 4007 735 4076 'possunt
760 3993 929 4080 testificari
952 3997 1100 4062 minores.
1210 4021 1214 4026 ·

102 4101 105 4106 ·
178 4086 182 4095 “
206 4074 292 4138 llaec
321 4085 405 4137 aetas
435 4076 497 4136 erit
526 4077 696 4137 constituta
717 4077 750 4136 in
779 4076 959 4148 minoribus
979 4079 1072 4140 annis
1093 4079 1133 4142 ad
1154 4076 1239 4140 testi⁴

127 4159 273 4224 monium
294 4158 507 4222 admittenda:
536 4167 572 4233 ut
594 4169 763 4246 postquam
782 4182 866 4248 puer
885 4170 940 4258 aut
958 4159 1239 4248 puellaquetuor·
