2640 4838
148 243 223 330 w
343 253 448 316 aecta
466 259 758 325 wistcoruouuu
776 265 842 320 mn
861 263 923 320 xn.
942 265 1013 321 rrr.
1032 266 1069 323 11.

145 407 220 470 dem
242 401 368 465 sincere
389 409 595 468 teneremnss
626 401 748 464 idcirco
785 423 873 466 nunc
900 405 1040 467 libenter
1066 429 1104 468 ac
1130 409 1264 492 placide

145 485 376 586 spopondimus
399 484 519 567 gloriae
542 492 677 561 vestrae,
697 494 763 545 tam
782 508 841 568 pro
865 489 968 566 nobis,
989 509 1086 570 quam
1106 513 1165 574 pro
1177 517 1265 554 uxo-

144 574 254 650 ribus,
280 578 314 630 et
334 567 410 628 filiis
426 567 563 644 nostris,
585 590 644 649 per
668 567 732 629 hoc
751 567 905 651 placitum
924 580 1085 648 nostrum,
1107 582 1143 634 ut
1166 577 1265 637 dein-

145 671 221 797 cegs
243 651 277 712 in
300 649 400 711 nullis
423 648 720 728 observationibus,
761 651 795 710 in
827 652 926 715 nullis
958 653 1122 716 incestivis
1152 659 1264 720 usibus

140 737 181 800 Iu
205 731 284 797 aicis
319 733 518 794 misceamur.
568 733 710 795 ludaeis
741 734 837 796 etiam
872 758 938 796 non
970 737 1137 821 baptizatis
1168 742 1264 802 nullo

139 817 270 909 penitus
319 816 502 879 execrando
547 815 710 877 consortio
756 818 990 880 consociemur.
1062 821 1135 881 Non
1172 845 1264 885 more

140 911 252 965 nostro
284 899 519 984 propinquitati
541 900 732 982 sanguinis,
771 921 873 982 usque
905 902 945 962 ad
975 911 1101 964 sextum
1128 907 1265 988 gradum

141 983 299 1050 incestiva
338 981 569 1044 coniunctione
612 982 663 1044 vel
701 983 917 1046 fornicatione
954 985 1143 1068 iungamur:
1196 1011 1264 1051 non

141 1065 295 1150 coniugia
316 1087 357 1126 ex
379 1086 498 1160 genere
529 1072 658 1143 nostro,
692 1073 746 1125 aut
776 1086 852 1144 nos,
891 1075 946 1127 aut
966 1068 1027 1128 filii
1050 1070 1172 1148 nostri,
1211 1073 1264 1135 vel

142 1159 252 1212 nostra
272 1157 442 1232 posternas
465 1147 628 1210 ullatenus
648 1149 833 1209 sortiamur:
870 1150 926 1212 sed
956 1149 989 1209 in
1018 1161 1157 1233 utroque
1181 1176 1264 1216 sexu

141 1233 297 1314 deinceps
320 1229 512 1292 Christianis
534 1229 635 1314 iugali
670 1231 786 1314 copula
819 1241 1059 1294 connectamur.
1100 1237 1173 1296 Non
1199 1237 1264 1298 cir-

143 1313 379 1380 cumcisionem
409 1312 514 1374 carnis
547 1335 735 1396 operemur:
779 1334 843 1373 non
871 1315 995 1376 Pascha
1024 1326 1057 1377 et
1089 1317 1263 1400 Sabbatha,

140 1408 331 1478 ceterosque
368 1394 436 1456 dies
458 1396 575 1473 festos,
612 1397 699 1457 iuxta
730 1395 827 1456 ritum
854 1396 999 1459 iudaicae
1028 1399 1262 1464 observationis

142 1481 366 1544 celebremus:
402 1499 469 1538 nou
500 1499 645 1539 escarum
668 1478 894 1541 discretionem
913 1479 965 1542 vel
988 1483 1261 1547 consuetudinem

138 1572 325 1627 teneamus:
363 1581 429 1620 non
461 1581 502 1622 ex
532 1563 698 1638 omnibus,
729 1583 811 1644 quae
836 1563 1028 1625 ludaeorum
1050 1587 1127 1626 usus
1149 1577 1182 1627 et
1203 1570 1261 1630 ab·

139 1645 317 1709 ominanda
341 1642 544 1704 consuetudo
566 1647 618 1706 vel
642 1645 840 1706 conversatio
863 1647 949 1730 agit,
981 1647 1188 1730 aliquatenus
1209 1652 1260 1711 fa-

141 1729 272 1792 ciamus.
317 1725 382 1790 Sed
404 1724 530 1787 sincera
552 1727 633 1805 fide,
656 1735 744 1811 grato
768 1728 887 1806 animo,
909 1729 1005 1812 plena
1028 1730 1200 1793 devotione
1223 1734 1259 1794 in

140 1811 306 1877 Christum
337 1807 442 1868 filium
472 1809 534 1869 Dei
562 1809 645 1882 vivi,
681 1811 859 1872 secundum
886 1813 975 1894 quod
1000 1814 1196 1896 Euangeliou
1227 1825 1259 1877 et

140 1892 327 1978 Apostolica
348 1891 480 1952 traditio
502 1892 620 1970 hahet,
655 1893 839 1970 credamus,
871 1904 966 1977 atque
989 1895 1079 1957 hunc
1102 1899 1261 1959 confitea-

140 1999 214 2039 mur
235 1997 272 2037 ac
294 1996 496 2035 veneremur.
527 1977 661 2038 'Omnes
683 1975 779 2036 etiam
805 1997 882 2038 usus
904 1989 1031 2039 sanctae
1055 1979 1258 2042 Christianae

139 2057 326 2144 religionis,
356 2069 422 2118 tam
452 2057 486 2117 in
516 2057 605 2120 festis
635 2058 768 2136 diebus,
801 2060 854 2120 vel
876 2060 910 2119 in
933 2061 1089 2142 coniugiis
1111 2070 1145 2124 et
1166 2063 1259 2141 escis,

140 2167 237 2240 quam
260 2143 294 2201 in
325 2140 602 2202 observationibus
632 2141 788 2204 universis
818 2143 976 2204 veraciter
1003 2155 1191 2225 teneamus,
1226 2153 1259 2207 et

140 2225 313 2298 macariter
329 2224 577 2305 amplectamur:
600 2225 692 2286 nullo
714 2234 874 2286 reservato
896 2228 982 2309 apud
1005 2248 1064 2288 nos
1085 2238 1140 2288 aut
1160 2250 1260 2311 oppo-

140 2310 269 2388 sitionis
288 2307 435 2383 obiectu,
459 2315 512 2368 aut
533 2307 681 2370 fallaciae
703 2318 911 2390 argumento,
935 2330 994 2392 per
1014 2310 1102 2391 quod
1123 2321 1179 2373 aut
1200 2313 1260 2372 illa

163 2412 223 2456 aaa
244 2393 357 2454 facero
375 2389 589 2471 denegamus,
626 2391 743 2451 iterum
772 2392 945 2463 faciamns;
982 2402 1038 2452 aut
1068 2393 1151 2454 haec
1172 2415 1258 2476 quae

156 2497 175 2530 ·,
193 2493 247 2536 ¹ute
269 2470 497 2552 promittimus,
519 2473 653 2534 minime
674 2473 727 2534 vel
750 2493 816 2532 non
838 2474 1006 2536 sinceriter
1027 2477 1259 2558 compleamus.

138 2554 315 2624 Pssumis
336 2573 412 2614 vero
435 2554 585 2616 carnibus
607 2556 642 2616 id
663 2556 831 2617 observare
853 2557 1088 2640 promittimus,
1109 2567 1146 2618 ut
1162 2561 1190 2621 si
1209 2549 1287 2620 eas'

140 2659 202 2721 pro
224 2635 461 2703 consuetudine
492 2636 625 2698 minime
655 2638 823 2720 percipere
853 2639 1046 2722 poterimus,
1083 2663 1120 2704 ea
1150 2652 1260 2703 tamen

73 2789 82 2804 .
139 2741 225 2804 quae
247 2741 322 2784 oum
342 2716 421 2800 ipsis
452 2719 586 2780 decocta
617 2730 711 2796 sunt,
755 2720 875 2802 absque
902 2722 1033 2782 fastidio
1062 2734 1095 2785 et
1125 2724 1261 2786 horrore

141 2819 305 2872 mutamus
328 2811 361 2860 et
380 2803 595 2863 comedamus.
645 2804 741 2881 Quod
769 2804 795 2865 si
823 2805 857 2864 in
887 2802 939 2864 his
970 2806 1137 2886 omnibus,
1175 2827 1261 2889 qnae

140 2907 235 2968 snpra
257 2891 363 2947 urata
384 2894 480 2962 sunt,
503 2885 537 2946 in
560 2906 756 2967 quocunque
778 2887 830 2948 vel
853 2887 987 2948 minimo
1008 2898 1260 2971 transgressores

140 2967 266 3038 intituli
297 2966 471 3046 fuerimus,
508 2977 541 3028 et
569 2977 624 3028 aut
654 2968 815 3028 contraria
836 2970 1037 3033 Christianae
1065 2972 1143 3032 fidei
1165 2992 1260 3070 agere

138 3049 469 3134 possessorium,
513 3059 568 3112 aut
604 3071 686 3132 qnae
719 3072 860 3134 congrua
893 3053 1078 3115 Catholicae
1105 3053 1260 3138 religioni

138 3133 362 3218 promisimus,
392 3131 498 3194 verbis
520 3141 574 3193 aut
595 3132 686 3194 factis
709 3134 843 3216 implere
860 3135 1095 3197 distulerimus:
1117 3136 1260 3199 iuramus

139 3217 361 3301 pereundam
382 3218 511 3277 Patrem
542 3223 574 3277 et
602 3215 722 3276 Filium
751 3225 783 3277 et
812 3217 967 3300 Spiritum
995 3229 1159 3297 sanctum,
1200 3220 1259 3302 qui

141 3310 294 3372 asturus
317 3299 351 3358 in
373 3299 533 3360 Trinitate
555 3307 587 3359 et
607 3320 701 3361 verus
723 3300 830 3378 Deus,
863 3301 939 3382 quia
960 3299 987 3362 si
1008 3323 1049 3364 ex
1071 3301 1166 3364 uobis
1189 3325 1260 3364 om-

142 3383 238 3447 uibus
259 3384 312 3445 rel
333 3404 419 3442 unus
440 3391 655 3465 transgressor
675 3380 824 3444 inventus
846 3385 954 3458 tuerit,
977 3406 995 3443 a
1017 3385 1110 3446 nobis
1133 3394 1187 3446 aut
1209 3386 1260 3469 ig-

141 3465 257 3544 nibus„
277 3473 333 3534 aut
353 3465 514 3547 lapidibus
535 3465 720 3547 perimatur.
762 3466 827 3526 Aut
847 3468 874 3527 si
894 3467 983 3529 hunc
1005 3467 1045 3528 ad
1066 3467 1165 3528 vitam
1186 3469 1261 3552 glo-

139 3550 205 3616 riae
227 3558 350 3616 vestrae
371 3548 580 3610 reservaverit
600 3548 721 3630 pietas,
751 3571 827 3610 mox
857 3549 971 3613 amissa
992 3551 1159 3628 libertate,
1194 3561 1260 3610 tam

141 3655 227 3711 curn,
250 3655 346 3716 quam
369 3653 500 3692 omnem
519 3631 567 3692 rei
586 3631 686 3713 ipsius
705 3632 910 3708 facultatem,
942 3633 993 3694 oui
1014 3633 1182 3696 volueritis
1199 3655 1260 3717 pe-

139 3716 286 3782 renniter
305 3714 510 3776 serviendum
534 3714 679 3776 donetis:
711 3715 762 3776 vel
793 3714 954 3796 quidquid
983 3737 1024 3776 ex
1046 3737 1108 3792 eo,
1140 3716 1259 3777 velex

141 3800 237 3868 rebm
260 3797 330 3858 eius
351 3797 421 3858 fieri
444 3796 624 3870 iusseritis,
660 3819 725 3856 non
757 3797 861 3858 solum
890 3819 930 3858 ex
958 3799 1049 3881 regni
1078 3797 1175 3860 vestri
1198 3820 1260 3881 po·

140 3882 258 3959 tantia,
300 3880 359 3944 scd
386 3879 482 3940 etiam
506 3901 547 3940 ex
574 3879 673 3940 huius
694 3880 804 3961 placiti
828 3881 929 3940 nostri
951 3881 1124 3964 sponsione
1147 3891 1260 3963 potesa-

141 3973 240 4031 tatem
261 3963 395 4026 liberam
416 3961 567 4022 habeatis.
620 3984 748 4024 sacrun
777 3984 934 4024 ruscrruu
957 3987 1011 4026 sus
1033 3987 1084 4026 nm
1107 3964 1182 4029 XII.
1203 3983 1260 4024 aa·

143 4067 256 4110 amnas
278 4063 432 4120 asarias,
465 4065 546 4106 anuo
576 4066 741 4108 rantorrsa
769 4066 865 4108 suxro
894 4067 988 4108 naam
1021 4067 1155 4109 onosma
1186 4067 1259 4109 vas·

144 4150 241 4192 rasus
266 4145 685 4451 μῂῑὝοιιτο.
