2640 4838
119 211 195 286 tar
320 221 424 284 tntu
443 221 734 294 wrstoomosuu
751 222 1058 290 stanneam-11.¹

425 395 487 465 ttt
528 415 591 463 ets
618 417 685 461 ou.
711 417 832 460 cassus.
859 417 928 464 mx.

121 517 171 584 De
190 515 274 578 datis
295 526 327 578 ct
339 511 548 602 uunsttmnlit
565 511 706 657 legibupl,
736 533 832 658 {piper
851 511 1043 578 Iudaeorum
1063 514 1239 598 nequitiam

164 642 216 671 Ὗ,
264 656 300 675 1,
570 615 663 678 prom
698 615 738 673 ga
765 616 790 662 s.

125 667 152 696 «η

214 668 335 787 letitie
362 719 396 774 ct
428 708 564 774 seclusis
594 710 792 792 generaliter
822 712 969 774 omnium
999 711 1242 776 haereticorum

123 795 437 947 μικώιιῐέἰουῦιξ
458 793 668 866 execrandis,
700 811 791 889 nnnc
809 796 993 890 speeioliter
1012 795 1107 890 nobis
1130 803 1180 856 eat
1201 796 1240 856 de

122 890 274 1028 merent
308 901 349 944 us
366 875 600 942 urdmandum:
630 898 783 957 quomam
814 888 847 940 et
874 900 910 937 m
941 879 1167 961 praesentibus
1200 878 1246 938 de.

179 962 422 1045 =¹ooguosdlmun
443 979 512 1020 este
533 968 782 1054 praesumptum.
834 961 916 1021 Nam
947 983 1021 1022 cum
1048 961 1150 1021 virtus
1174 959 1238 1022 Dei

122 1058 226 1117 totum
247 1044 471 1107 universaliter
491 1060 562 1102 ucie
582 1040 671 1102 verbi
702 1042 753 1102 sui
781 1042 934 1104 radicitus
966 1043 1152 1107 haeresium
1181 1063 1238 1104 ex-

66 1196 74 1211 ,
124 1129 291 1210 tirpnmit
311 1126 458 1189 tomitem
488 1124 541 1190 vel
571 1125 752 1201 surculum,
789 1125 859 1186 sola
880 1123 1239 1206 ludaeorumuequitia

126 1210 455 1293 ingemiscimusarva
470 1215 580 1274 nostm
595 1227 666 1274 esse
680 1207 806 1291 polluta
818 1208 984 1292 regiminis
1000 1209 1113 1276 nostri.
1144 1208 1238 1271 Unda

124 1315 184 1378 per
204 1293 349 1376 spiritum
369 1290 431 1352 Dei
451 1289 616 1355 vindicare
639 1289 826 1356 conabimur
845 1314 958 1374 pacem
980 1302 1134 1365 nostram,
1157 1311 1238 1372 quae

125 1377 276 1462 gentibus
298 1375 430 1458 quidem
452 1372 584 1437 stultitia
615 1380 680 1432 est:
714 1373 837 1434 eisdem
858 1396 934 1436 vero
956 1374 1083 1436 Iudaeis
1105 1374 1240 1435 scanda-

127 1462 214 1522 lum:
248 1459 342 1524 nobis
362 1466 470 1518 autem
491 1455 719 1532 credentibus,
742 1455 829 1522 idem
849 1457 1014 1535 Christus,
1042 1457 1106 1518 Dei
1128 1457 1240 1533 virtus,

127 1552 160 1604 et
180 1541 242 1607 Dei
273 1541 449 1628 sapientia:
485 1536 578 1598 cuius
606 1538 812 1599 miseratione
840 1540 1008 1622 praeventi
1036 1540 1241 1603 concutimur

127 1623 310 1697 intentione
349 1622 460 1702 fideli,
498 1629 563 1680 tam
597 1620 730 1681 vetustis
767 1621 928 1684 erroribus
958 1643 1079 1708 ponere
1120 1623 1241 1698 finem,

128 1703 225 1794 {luam
246 1709 425 1774 futurorum
443 1701 648 1766 exordiorum
664 1703 835 1764 concidere
852 1705 1033 1766 novitatem.
1076 1707 1243 1788 Quaprop-

127 1799 179 1858 ter
199 1789 330 1852 aeterna
351 1789 422 1870 lege
446 1787 607 1864 iubemus,
630 1797 661 1848 et
682 1807 843 1846 sacrorum
864 1786 1054 1870 scriptorum
1073 1787 1164 1848 iussu
1186 1786 1243 1846 de-

129 1864 393 1949 cernimus,‘tam
416 1878 597 1936 nostrarum
619 1869 728 1950 legum
750 1868 875 1947 edicta,
897 1893 994 1952 quam
1013 1869 1243 1953 praedecesso·

129 1952 403 2023 rum'nostrorum
425 1955 547 2037 Regum
576 1951 671 2035 legali
703 1951 783 2012 serie
810 1953 1025 2036 promulgatas
1054 1952 1242 2032 sententias,

131 2061 214 2124 quae
235 2046 345 2102 contra
365 2037 555 2100 ludaeorum
567 2035 733 2116 perfidiam
745 2043 778 2094 et
792 2056 943 2116 personas
963 2037 1035 2097 data
1052 2035 1252 2118 consistunt„

131 2134 263 2184 areterua
285 2121 528 2182 consecratione
552 2118 704 2186 inviolata
723 2117 906 2201 persistere,
928 2127 961 2184 et
981 2119 1119 2203 pereuni
1141 2127 1245 2178 custo·

131 2207 184 2272 dia
205 2207 369 2270 observata
392 2225 532 2266 manere.
591 2205 680 2279 Quae
703 2201 729 2264 si
750 2200 823 2283 quis
852 2222 965 2262 eorum
996 2211 1153 2263 temerare
1186 2201 1245 2262 de-

129 2297 235 2349 tectus
257 2285 416 2363 extiterit,
448 2296 481 2347 et
502 2285 783 2348 subteriacentium
805 2284 913 2366 legum
935 2283 1060 2346 damnis
1082 2283 1255 2349 obnoxius

129 2367 208 2450 erit,
234 2377 266 2430 et
287 2369 479 2459 specialibus
500 2369 662 2432 ultionum
681 2366 851 2434 sententiis
873 2367 1058 2431 subiacebit.

447 2517 505 2581 tv.
547 2539 607 2578 sm.
648 2539 713 2601 cra
753 2539 839 2580 nens.
879 2539 949 2581 nux.

173 2635 224 2694 De
250 2635 370 2694 eunctis
394 2631 585 2694 Iudaeorum
607 2633 767 2695 erroribus
784 2634 976 2714 generaliter
991 2631 1207 2717 extirpandis.

184 2809 187 2818 .
215 2745 333 2816 Nullus
355 2735 550 2831 lpdaecrum
571 2767 677 2808 sacrae
707 2746 876 2830 religionis
900 2746 1115 2810 Christianam
1138 2745 1248 2825 fidem,

134 2852 231 2914 quam
260 2829 364 2892 sancti
394 2829 541 2914 percepit
564 2827 722 2891 tinctione
756 2829 794 2890 ba
820 2829 970 2908 tismatis,
1012 2839 1067 2890 aut
1097 2829 1250 2908 profanet

134 2913 358 2996 aliquatenus,
381 2921 437 2973 aut
455 2911 628 2994 relinquat.
668 2912 784 2973 Nullus
796 2852 890 2976 lianc
910 2913 1014 2989 factis,
1043 2913 1154 2973 nullus
1176 2911 1251 2972 dic-

69 3005 72 3018 ‘
134 2997 176 3058 tis
210 2996 387 3079 impugnet.
450 2993 567 3056 Nullus
594 2994 670 3057 huic
707 2994 880 3072 ahsoonse,
919 2996 1030 3066 nullus
1058 2995 1163 3078 palam
1194 2993 1251 3053 in-

134 3080 244 3142 sultet.
315 3077 432 3143 Nullus
472 3077 585 3158 fugere
622 3078 663 3139 ad
700 3076 785 3139 hano
818 3075 1017 3139 evadendam
1049 3075 1248 3140 contendat=

135 3162 316 3242 nullusput
337 3160 422 3226 hano
447 3158 597 3240 effugiat,
630 3158 878 3242 quibuscunque
908 3159 1052 3222 latibulis
1076 3181 1110 3221 se
1133 3158 1250 3219 occul·-

126 3243 269 3309 [tandum
289 3240 424 3306 iniiciat.
465 3241 582 3305 Nullus
609 3265 697 3325 spem
718 3241 913 3323 quandoque
934 3239 1167 3325 profanationis
1190 3240 1252 3300 ite·

136 3325 257 3386 rendae
285 3325 460 3390 contiueat.
517 3325 634 3387 Nullus
664 3323 891 3386 confidentiam
921 3324 1100 3386 renovandi
1128 3322 1249 3383 erroris

136 3409 291 3469 adsumat.
332 3407 449 3468 Nullus
470 3429 598 3490 prorsus
619 3407 740 3490 perfida
760 3415 867 3466 mente
879 3406 1079 3468 Christianae
1093 3403 1250 3488 religioni

137 3489 265 3552 obviam
285 3491 404 3552 'sectam
425 3490 522 3551 corde
544 3500 661 3569 teneat,
687 3490 792 3552 verbis
813 3499 947 3571 promat,
972 3489 1065 3552 factis
1090 3487 1250 3552 ostendat.

133 3570 253 3634 Nullus
270 3574 310 3633 ex'
329 3569 391 3652 his,
436 3595 495 3633 uae
510 3572 543 3632 in
557 3595 667 3634 eorum
681 3571 805 3657 placitis
821 3580 897 3632 sunt
913 3572 1103 3654 conscripta,
1123 3591 1255 3630 eorum-

137 3653 202 3736 que
227 3653 357 3738 publicu
380 3594 615 3738 sulrscriptione
637 3666 754 3732 notata,
776 3663 934 3717 temerare
960 3654 1097 3730 studeat,
1119 3650 1173 3714 vel
1194 3672 1252 3712 re-

138 3737 247 3832 velare
275 3749 467 3824 praesumat.
516 3740 632 3800 Nullus
661 3737 804 3801 omnium
824 3735 941 3798 horum
969 3737 1141 3800 vetitorum
1168 3754 1252 3795 con·

137 3827 236 3900 sctum
263 3821 316 3882 vel
338 3819 538 3900 operatorem
570 3819 675 3884 celare
706 3827 882 3902 attemptet.
940 3817 1056 3882 Nullus
1080 3817 1254 3879 inventum

132 3901 482 3989 *latentem'publicarc
505 3904 658 3964 retardet
708 3902 824 3966 Nullus
850 3901 988 3964 auditam
1011 3899 1165 3961 latebram
1189 3899 1252 3960 de-

138 3976 443 4065 rl'dn'liarepe'euset.
485 3985 686 4067 Cunctorum
702 4003 839 4070 namque
857 4007 967 4048 eorum
983 3982 1127 4080 quisquis
1142 3991 1253 4042 trans-

132 4054 268 4152 ”plesstll
285 4059 459 4166 idientpp'3
472 4063 670 4162 'ponptitutae
692 4067 771 4152 legis
791 4067 853 4146 erit
870 4061 1028 4167 supplicio
1050 4064 1252 4145 afficiendus.
