2640 4838
442 275 615 338 umeros
640 259 818 338 ιὀιιιιιι
1035 265 1037 274 ’
1118 271 1191 345 507

66 425 223 509 parentes
281 415 398 500 mini,
424 424 465 485 'st
479 416 615 502 legitimi
635 417 791 490 habesntr
821 425 855 482 er
869 421 896 483 si
915 429 1063 507 parentes
1083 432 1191 513 proxi.

4 515 6 518 '
73 527 143 569 mos
165 526 231 566 nou
239 441 411 582 ¹irrubuerit,
430 509 510 566 tuuc
531 501 624 564 Curti
642 499 764 586 Regius
781 502 958 566 socientur.
1018 506 1045 573 I,
1072 532 1119 581 ιι),
1145 535 1170 581 1,

4 629 25 730 p
158 583 309 651 CLXIV.
349 586 385 650 si
404 582 536 680 qpiseu
547 581 856 680 parentibusuidest
868 585 1027 650 barbarus
1044 599 1085 671 e),
1102 598 1193 676 qnod

71 677 820 845 ppgrppffpttppopgtoppffiqrppxeepnpmplpprp
828 668 888 812 (di
899 690 941 812 up
955 679 1194 824 uiiesridtnisotiii

73 835 134 908 sit3
165 854 240 896 nam
263 831 508 895 unn‘do‘ccrto
527 839 647 916 putres
673 841 752 894 tunc
769 830 842 910 slis,
866 833 921 894 cui
948 835 1069 900 crimen
1095 840 1193 908 mitti·

72 928 147 998 tur,
168 923 313 1000 qureret*
327 913 390 978 sihi
416 912 538 976 liberos
560 911 983 980 hominesnenmentstes
998 920 1190 1004 duodecim,

73 1011 110 1064 et
129 999 282 1085 praebeat
302 1003 554 1077 sucrsmcntum,
574 995 664 1080 quod
692 993 780 1058 filius
800 993 964 1082 legitimus
988 1001 1047 1082 sit,
1076 1016 1111 1069 et
1131 1028 1192 1091 por

74 1081 183 1166 legem
208 1102 260 1144 res
281 1080 370 1164 ipsso
397 1077 438 1142 ud
460 1099 536 1142 cum
557 1078 755 1163 pertineant,
777 1097 840 1142 nec
863 1081 958 1144 ulturi
981 1105 1035 1147 ess
1080 1109 1119 1150 er·
1139 1091 1191 1154 te-

74 1184 150 1250 gcm
168 1161 331 1228 dimittere
353 1161 481 1226 debean
516 1160 609 1223 Etsi
631 1158 695 1226 hoo
715 1160 842 1240 fecerit,
862 1160 981 1227 hubent
999 1177 1034 1230 et
1049 1109 1189 1253 diamur,

73 1247 153 1330 quis
178 1266 273 1330 grute
295 1253 331 1308 et
350 1241 487 1328 impium
501 1242 731 1321 videturesse,
752 1251 790 1304 ιιι
812 1241 886 1309 tuiis
912 1263 1021 1314 otus
1037 1253 1189 1319 suhuno

71 1340 166 1394 scuto
190 1348 250 1412 per
269 1346 411 1410 pugnum
428 1324 609 1389 dirimatur.
696 1327 742 1393 ΙΙ.
761 1325 813 1390 55.
838 1348 865 1389 ι.
924 1331 930 1338 ’
1034 1370 1037 1382 .

141 1425 229 1466 ιω.
254 1411 342 1465 :Petro
368 1415 398 1466 te
422 1407 544 1482 appellet
567 1407 742 1466 Murcomdns
772 1407 924 1475 butanus,
952 1415 1028 1484 qood
1051 1425 1083 1474 tu
1108 1425 1187 1475 tsucs

72 1479 125 1539 tibi
142 1481 215 1534 msto
233 1479 331 1548 urdine
346 1485 445 1534 terrem
467 1477 497 1532 iu
514 1476 565 1532 tati
581 1480 654 1535 loeo.
689 1478 753 1550 lpsu
777 1487 849 1534 terre
872 1499 932 1536 mes
954 1487 1062 1558 propris
1086 1491 1187 1545 cst.ds

71 1557 149 1622 parte
166 1547 251 1622 petris
268 1549 327 1606 mci
346 1547 475 1604 dunelmi.
510 1547 572 1603 Nou
596 1547 680 1602 debes
705 1565 768 1602 cum
786 1551 953 1615 succedere,
973 1557 1038 1627 quia
1056 1557 1090 1612 de
1107 1559 1187 1614 udui.

72 1621 142 1678 serio
159 1628 241 1675 natus
259 1637 296 1674 cs.
326 1618 408 1674 iuret
426 1633 488 1672 cum
507 1617 563 1672 suis
580 1617 830 1689 sacramentalibus,
850 1620 924 1675 sicut
940 1622 985 1679 lex
1004 1627 1080 1682 dicit.

156 1687 285 1757 clxv.
325 1688 362 1752 Si
381 1688 464 1771 quis'
481 1687 600 1752 dixerit
621 1687 661 1752 de
688 1705 791 1755 uxore
823 1689 949 1772 alieno,
976 1699 1065 1777 quod
1087 1719 1185 1760 mun.

73 1771 166 1838 dium
186 1771 227 1836 dc
250 1791 289 1836 ea
307 1770 350 1834 cd
366 1770 378 1832 i
403 1791 473 1834 sum
490 1769 652 1856 pertinent
670 1789 744 1839 nam
760 1791 825 1833 non
848 1773 889 1836 ud
906 1777 1074 1854 moritum}
1103 1791 1184 1848 tuno

73 1853 145 1934 ille,
166 1851 225 1940 qui
248 1874 319 1918 cam
338 1792 435 1917 haist
455 1872 600 1950 uxorem,
614 1853 772 2000 praebeat
787 1867 1020 1922 sacramentum
1042 1875 1117 1926 eum
1137 1866 1184 1928 le·

73 1937 195 2024 gitimis
217 1933 499 2001 sacramentalibus
520 1955 587 2000 suis
637 1935 805 2012 undecim,
835 1939 923 2022 quod
944 1941 985 2005 de
1011 1955 1100 2008 certo
1127 1947 1183 2010 do-

72 2017 163 2082 mino
185 2019 357 2082 mundium
379 2017 391 2081 i
414 2019 480 2082 sins
507 2017 658 2098 fecisset,
686 2027 720 2082 ct
743 2039 810 2081 nou
834 2041 909 2084 cum
934 2023 1027 2087 citeri
1056 2049 1117 2112 per
1136 2031 1182 2094 le-

70 2121 146 2248 pcm
168 2101 329 2166 dimittere
356 2041 482 2184 deirest.
537 2099 573 2164 Si
607 2109 715 2164 sutem
746 2099 810 2164 hoc
838 2103 975 2185 fecerit,
1003 2105 1120 2174 haheat
1147 2120 1183 2174 et

60 2215 63 2222 ·
87 2194 211 2265 suatur,
232 2184 312 2269 quia
333 2184 491 2249 iniustum
509 2181 736 2263 videturesse,
757 2191 795 2247 ut
820 2191 885 2247 tam
910 2189 1041 2272 grandis
1068 2213 1179 2258 caussa

60 2267 131 2333 suh
155 2288 222 2330 uno
248 2275 340 2330 scuto
362 2288 424 2352 per
447 2287 589 2352 pugnum
610 2265 788 2330 dirimetur.
869 2267 911 2329 11.
932 2271 983 2338 55.
1004 2291 1045 2352 s..
1112 2285 1114 2292 ‘

154 2349 293 2414 ctxvt.
333 2349 368 2412 Si
393 2349 498 2414 ¹inerit
519 2347 671 2436 suspicio,
691 2349 780 2434 quod
796 2349 930 2415 moritus
954 2353 1177 2425 immerentem
1238 2391 1242 2400 ι

70 2451 206 2498 uxorem
222 2453 311 2496 snam
331 2431 511 2510 occidisset,
533 2431 811 2510 itudecernimus,
832 2441 869 2494 ut
884 2435 1035 2517 purificet
1054 2462 1089 2504 se
1106 2463 1176 2502 ma.

69 2516 151 2580 ritus
178 2536 253 2579 cum
278 2513 560 2579 sacramentalibus
583 2514 649 2580 suis
677 2513 829 2599 legitimis
856 2515 1064 2602 duodecim,
1086 2519 1176 2606 quod

70 2599 105 2662 in
127 2607 229 2662 morte
250 2597 351 2682 ipsius
368 2597 514 2661 mulieris
534 2595 655 2661 mixtus
671 2617 737 2662 non
755 2598 797 2659 sit
815 2618 875 2661 nec
895 2597 1012 2685 perse,
1035 2624 1096 2668 nec
1115 2629 1176 2691 per

67 2679 164 2744 olium
183 2681 378 2765 suppositam
394 2701 578 2764 personumr
610 2689 643 2744 st
667 2679 709 2743 sit
730 2679 893 2747 absolutus
913 2681 952 2746 ab
974 2683 1038 2748 hoc
1065 2689 1174 2751 crimi-

67 2783 121 2827 ne.
161 2764 249 2846 Quia
272 2761 463 2841 absurdum,
491 2772 524 2826 et
549 2761 747 2842 impossibile
774 2763 904 2828 ridetur
933 2763 1023 2852 esse,
1044 2777 1082 2832 ut
1106 2779 1172 2834 tam

65 2847 195 2932 grundis
204 2867 314 2908 caussa
326 2843 387 2908 sub
400 2855 564 2910 uuoscuto
583 2865 643 2929 per
656 2865 797 2930 pugnam
816 2845 995 2912 dirimatur.
1024 2842 1127 2921 1155.
1141 2859 1172 2923 3.

134 2945 217 2988 sourr.
250 2929 329 2983 Petre
356 2934 386 2982 te
408 2927 530 3000 appellat
554 2926 706 2992 Martinus,
736 2927 814 3000 quod
834 2927 920 2986 habet
945 2935 1144 3004 suspectionem
1157 2977 1169 3000 ,

65 2998 141 3122 guod
157 3007 189 3052 tu
208 2997 333 3051 occidisti
350 2999 462 3082 Msripm
479 3015 555 3052 snum
573 2999 667 3081 iilipm,
685 3005 713 3051 et
730 3006 807 3052 tuam
824 3003 965 3056 mulierem
983 3005 1169 3062 immerentem.
1208 3053 1212 3060 .

92 3075 204 3122 storto.
239 3068 309 3120 Veis
335 3067 451 3133 Occidi,
474 3068 595 3122 sednon
613 3077 800 3122 mmsrentem.
834 3072 919 3127 lurst.
1010 3125 1014 3134 ,

147 3135 310 3202 CLXVII.
351 3138 387 3199 Si
413 3139 528 3201 fratres
552 3147 625 3221 post
643 3147 778 3200 mortem
794 3141 894 3221 petris
921 3141 956 3204 in
984 3164 1055 3208 ossa
1078 3167 1170 3208 com-

64 3216 157 3282 muni
177 3219 408 3298 remanseriut,
435 3228 469 3282 et
493 3241 578 3282 unus
596 3240 637 3282 ex
657 3220 733 3304 ipsis
752 3219 787 3280 in
809 3220 964 3307 obsequio
985 3227 1093 3310 Regis,
1113 3241 1170 3294 out

64 3319 141 3366 cum
152 3302 267 3364 Iudice
282 3299 405 3383 sliquos
419 3322 471 3365 res
495 3302 701 3388 acquisiverit
716 3301 901 3383 serviendo,
921 3305 1038 3372 hebeat
1056 3310 1168 3374 sibiin

65 3393 160 3446 nntca
181 3383 301 3465 absque
320 3383 469 3467 portione
493 3386 640 3450 fratrum.
687 3385 729 3446 Et
751 3405 833 3466 quac
852 3383 891 3466 s)
911 3388 992 3450 foris
1014 3390 1050 3452 in
1071 3396 1168 3456 ex'er·

64 3466 134 3528 citu
153 3465 606 3549 acquisiveritcommuuicet
632 3487 708 3529 cum
734 3466 903 3547 fratribus,
923 3491 1006 3552 quos
1023 3472 1058 3534 iu
1078 3497 1168 3537 corn·-

64 3546 157 3612 muni
181 3571 252 3612 coss
270 3547 437 3628 dimiserit.
476 3548 521 3612 Er
539 3548 566 3613 si
588 3549 661 3630 quis
682 3548 780 3610 elicui
805 3550 846 3611 de
864 3554 1087 3638 suprascriptis
1105 3560 1169 3620 fro·

63 3629 168 3694 tribus
189 3628 359 3716 gomthinx
384 3631 521 3707 fecerit,
547 3627 663 3692 hubent
685 3631 719 3692 iu
749 3633 942 3713 antestius,
970 3637 1025 3697 cui
1045 3639 1168 3708 factum

63 3713 173 3781 fuerit.
215 3711 304 3775 Etsi
332 3712 406 3794 quis
434 3734 475 3775 ex
502 3712 578 3794 ipsis
603 3713 731 3776 duxerit
759 3734 910 3794 uxorem,
947 3725 980 3779 et
1007 3719 1168 3786 derebus

64 3795 286 3858 communibus
307 3804 390 3858 meta
408 3794 480 3857 dats
500 3795 617 3856 inerit:
645 3796 774 3877 qnando
792 3796 873 3860 ulter
891 3819 1026 3862 uxorem
1044 3804 1169 3885 tulerit,

13 3940 16 3944 .
64 3887 121 3940 aut
141 3880 272 3960 quando
299 3876 339 3938 ud
359 3875 551 3940 divisionem
573 3877 753 3940 faciendam
775 3879 921 3960 venerit,
949 3881 1047 3946 simili
1070 3887 1167 3948 modo

50 3960 105 4041 'de
126 3958 350 4024 communibus
367 3960 462 4022 rebus
481 3959 512 4021 ei
533 3959 725 4022 refundatur
742 3960 832 4024 aliud
851 3971 986 4044 tentum,
1011 3977 1168 4049 quantum

62 4040 122 4102 ills
142 4044 225 4106 alter
244 4039 345 4104 frites
369 4042 404 4104 io
429 4051 513 4106 mets
537 4041 674 4110 dederit.
708 4044 864 4110 Poteruue
891 4054 999 4112 nutem
1025 4051 1078 4116 vol
1100 4072 1167 4114 ms-

132 4215 167 4287 c)
185 4217 227 4270 tr.
242 4217 329 4272 codd.
347 4218 442 4272 tarta.
509 4218 543 4290 s)
561 4218 600 4273 sl.
622 4217 707 4272 Codd.
727 4235 776 4275 nec
795 4173 887 4293 qm»
