2648 4874
254 293 357 348 neers
376 289 668 350 w1s1coruonnn
691 277 758 352 nn.
776 284 920 347 nanta
936 289 985 349 rt.
1103 277 1174 356 481

61 433 155 496 stites
178 432 355 509 extiterint,
376 441 536 494 ettamen
559 439 700 492 autnon
722 429 868 494 eiusdem
893 432 1014 512 aetatis,
1034 445 1173 502 autnon

61 516 138 578 talis
168 516 412 598 experientiae,
454 515 511 597 qui
544 512 689 574 mulieris
715 514 911 576 adulterium
939 535 1088 581 accusare
1121 525 1174 584 vel

63 597 261 659 convincere
277 606 496 680 competenter
509 597 692 667 intendant;
707 603 787 658 tunc
808 597 864 658 ille
885 599 1086 683 propinquus
1105 627 1175 664 ma.

62 681 134 758 riti,
158 681 216 762 qui
237 681 441 740 manifestum
464 678 608 739 mulieris
627 679 821 739 adulterium
842 681 931 741 ultus
944 684 1052 761 fuerit,
1074 688 1174 767 quin-

62 774 128 824 tam
155 772 280 845 partem
314 761 474 824 facultatis
503 761 665 822 adulterae
693 781 752 843 pro
775 763 882 824 labore
912 784 969 822 suo
997 769 1173 852 percipiat=

64 854 206 927 quatuor
233 855 341 906 autem
369 855 473 927 partes
501 845 542 906 ad
576 843 736 926 integrum
760 844 997 928 praedictorum
1025 850 1084 909 titii
1113 851 1174 912 sihi

63 928 234 991 vindicent
255 949 292 986 ac
315 927 499 988 defendant.
539 925 619 986 Nam
642 926 669 986 si
698 934 752 986 aut
776 927 1032 1010 propinquorum
1054 931 1088 993 in
1111 934 1173 995 hac

62 1009 349 1094 partetepiditas,
376 1019 432 1069 aut
454 1008 597 1069 liliorum
618 1008 836 1092 negligentia,
858 1010 911 1072 vel
932 1013 1076 1076 fortassis
1099 1039 1173 1078 mu-

62 1093 151 1153 neris
175 1092 340 1174 acceptio,
362 1101 514 1171 utrosque
538 1111 766 1174 corrumpens,
789 1091 920 1154 minime
941 1095 1039 1158 fuerit
1060 1101 1173 1159 eadem

62 1175 147 1236 actio
170 1196 188 1233 a
212 1175 331 1236 talibus
356 1174 500 1256 personis
522 1174 678 1256 quaesita,
700 1174 777 1234 dum
802 1174 842 1234 ad
869 1176 988 1257 regiam
1012 1183 1172 1262 cognitio·

62 1280 141 1320 nem
162 1257 277 1318 eadem
298 1277 407 1316 caussa
427 1255 630 1338 pervenerit,
662 1255 728 1340 ipse
752 1258 867 1340 procul
891 1259 987 1319 dubio
1008 1284 1067 1344 pro
1085 1286 1172 1325 mer·

62 1342 144 1402 c'ede
163 1361 220 1399 sua
236 1348 465 1400 consecuturus
489 1347 555 1416 est,
585 1338 670 1398 vela
691 1361 757 1420 quo
788 1337 901 1401 debeat
921 1343 985 1403 tale
1008 1348 1172 1427 negotium

60 1422 239 1506 prosequi,
282 1421 336 1483 vel
371 1429 528 1503 quantum
557 1432 771 1503 persequutor
811 1423 851 1482 de
888 1424 984 1485 rebus
1029 1431 1172 1490 scelera-

58 1516 111 1568 tae
141 1503 288 1566 mulieris
314 1524 373 1585 pro
402 1501 570 1563 commodo
598 1503 648 1562 sui
670 1503 787 1564 laboris
808 1502 1034 1568 incunctanter
1053 1532 1170 1572 conse-

59 1588 119 1671 qui
139 1586 251 1670 possit.
294 1588 417 1649 Verum
438 1585 512 1667 quia
535 1585 664 1646 difficile
686 1586 756 1647 fieri
777 1596 898 1669 potest,
920 1597 956 1648 ut
975 1611 1033 1671 per
1054 1593 1170 1654 liberas

86 1691 218 1732 ersonas
250 1668 399 1729 mulieris
430 1667 623 1728 adulterium
652 1668 840 1750 indagetur,
879 1671 955 1730 dum
982 1674 1171 1756 frequenter

61 1694 130 1814 loc
159 1753 274 1813 vitium
300 1749 428 1811 occulte
449 1749 620 1832 perpetrari
639 1750 681 1811 sit
702 1752 854 1812 solitum:
875 1753 1010 1834 proinde
1038 1759 1168 1838 quando

60 1836 102 1897 ad
124 1834 387 1896 convincendum
408 1832 601 1893 adulterium
636 1843 798 1894 accusatae
825 1834 969 1896 mulieris
990 1837 1170 1919 ingenuitas

61 1918 195 1978 omnino
222 1913 373 1992 defuerit,
393 1914 565 1997 praedictis
586 1915 731 1995 personis
748 1915 865 1997 quibus
886 1917 955 1976 eius
975 1919 1170 1983 adulterium

60 2021 212 2062 accusare
235 1997 395 2081 praesenti
417 1998 488 2079 lege
512 1996 702 2079 permissum
721 2008 779 2074 est,
801 1998 864 2057 hoc
886 1998 980 2058 etiam
1000 2014 1107 2084 aperte
1127 2006 1170 2064 li-

61 2083 161 2144 citum
181 2082 256 2158 erit,
268 2091 305 2141 ut
316 2101 374 2162 per
386 2078 608 2161 quaestionem
627 2079 747 2140 familia
759 2080 924 2161 utriusque
938 2083 1059 2143 domini
1078 2107 1171 2162 acca,

61 2174 144 2228 satae
165 2163 312 2226 mulieris
325 2161 644 2225 adulterium‘coram
665 2161 771 2223 iudice
787 2161 954 2226 iustissime
975 2167 1167 2257 requiratur·

473 2276 561 2339 XIV.
610 2295 758 2350 saraque.

62 2385 99 2448 Si
120 2388 274 2468 ingennus
296 2385 359 2444 sive
380 2403 491 2444 scruas
513 2383 662 2462 virginem
680 2395 734 2444 ant
758 2383 889 2445 viduam
916 2386 1081 2466 ingenuam
1101 2391 1169 2454 vio-

296 2467 397 2526 lenter
414 2465 565 2550 pollnisse
589 2465 745 2536 adulterio
768 2466 939 2547 detegatur.

144 2547 179 2608 Si
200 2544 358 2629 virginem
379 2547 514 2631 quisque
536 2546 587 2608 vel
610 2546 737 2608 viduam
753 2547 927 2630 ingenuam
939 2548 1102 2613 violenter
1114 2554 1168 2616 ad·

62 2630 266 2692 alterandum
287 2630 528 2713 compresserit,
555 2629 608 2691 vel
638 2629 740 2711 stupri
771 2631 903 2692 forsitan
938 2635 1166 2698 commixtione

60 2711 239 2795 polluerit:
272 2711 298 2774 si
320 2712 481 2795 ingenuus
502 2721 567 2788 est,
602 2712 636 2771 C.
659 2710 794 2794 flagellis
827 2735 960 2794 caesus,
994 2716 1044 2776 illi
1067 2719 1168 2778 conti-

60 2815 141 2873 nuo,
166 2792 217 2853 cui
240 2794 402 2856 violentus
426 2793 547 2871 extitit,
577 2794 748 2854 serviturus
770 2796 929 2858 tradatur:
959 2819 1069 2860 servus
1089 2822 1166 2861 vero

60 2875 313 2960 comprehensus
348 2876 493 2938 aiudice
515 2875 641 2958 ignibus
663 2888 895 2940 concremetur.
937 2881 1101 2963 Ingenuus
1121 2892 1168 2943 ta-

60 2981 133 3021 men
155 2980 215 3042 prc
244 2958 429 3021 huiusmodi
457 2959 579 3020 scelere
606 2957 760 3036 traditus,
790 2960 883 3021 nullo
914 2983 1062 3044 unquam
1088 2975 1167 3026 tem-

60 3064 134 3139 pore
154 3043 196 3104 ad
218 3041 299 3120 eius,
321 3065 418 3124 quam
438 3040 624 3124 compressit
642 3041 695 3100 vel
717 3041 880 3125 stupravit,
901 3047 1068 3126 pervenire
1092 3068 1167 3108 con·

62 3125 183 3208 rugium
204 3124 395 3185 admittatur.
438 3125 535 3202 Quod
555 3124 581 3186 si
601 3122 681 3184 haec
703 3123 769 3205 ipsa
791 3124 918 3203 mulier,
935 3149 1017 3208 quae
1038 3128 1165 3190 violen-
1213 3127 1218 3136 ¹

61 3207 134 3268 tiam
154 3206 310 3290 pertulit,
335 3217 446 3289 postea
474 3227 548 3266 eum
575 3204 635 3266 sibi
656 3205 808 3268 traditum
836 3227 962 3269 servum
983 3213 1163 3293 acceperit,

59 3301 111 3351 aut
131 3289 279 3372 qualibet
300 3289 468 3350 occasione
492 3311 567 3349 eum
587 3287 646 3350 sibi
668 3289 701 3349 in
724 3289 873 3372 coniugio
896 3294 1046 3374 copulare
1071 3316 1165 3375 prae-

59 3372 242 3454 sumpserit,
263 3382 344 3432 tunc
366 3371 434 3452 ipsa
454 3371 580 3450 mulier,
602 3371 801 3452 turpissimae
822 3373 971 3435 factionis
994 3396 1070 3435 suae
1089 3398 1164 3436 sen-

57 3455 140 3516 tiens
163 3457 297 3531 damna,
330 3475 405 3516 cum
436 3454 583 3516 omnibus
603 3453 699 3516 rebus
726 3455 793 3516 suis
820 3457 957 3540 propriis
987 3457 1162 3520 heredibus

57 3537 213 3600 servitura
236 3537 408 3600 subiaceat.

479 3619 550 3682 XV.
591 3639 739 3695 carious.

56 3724 93 3786 Si
112 3727 268 3808 ingennus
289 3727 351 3786 sive
373 3747 491 3799 servus,
516 3728 631 3788 sciente
653 3739 707 3787 ant
727 3727 882 3788 nesciente
910 3726 1059 3804 domino,
1082 3733 1163 3794 alie-

136 3831 211 3870 nam
232 3812 469 3869 censentientem
491 3807 684 3869 adulterasse
705 3810 905 3870 convincitur
924 3813 1080 3875 ancillam.

135 3891 168 3950 Si
192 3900 285 3951 extra
306 3890 437 3950 domum
458 3890 580 3951 domini
596 3891 647 3950 sni
671 3911 703 3952 se
727 3890 886 3951 adulterio
907 3893 1019 3954 volens
1041 3897 1161 3957 ancilla

56 3973 221 4034 miscuisse
252 3973 474 4049 convincitur,
496 3973 648 4032 ancillam
669 3973 889 4033 tantummodo
914 3974 1078 4037 iudicandi
1102 3980 1161 4039 do-

56 4057 160 4117 minus
183 4056 302 4116 habeat
322 4065 518 4137 potestatem.
562 4055 595 4115 Si
616 4076 692 4116 vero
705 4057 864 4137 ingenuus
886 4065 939 4116 aut
961 4080 1068 4118 servus
1086 4081 1160 4119 cum

55 4139 172 4200 ancilla
195 4159 239 4200 ex
271 4158 430 4198 consensu
455 4137 490 4196 in
514 4137 609 4197 domo
639 4138 762 4198 domini
794 4139 932 4200 ancillae
958 4141 1160 4220 reperiantur

53 4221 126 4282 talia
148 4220 369 4292 commisisse;
398 4221 558 4304 ingenuus
583 4221 715 4302 quidem
735 4241 793 4304 pro
813 4221 930 4282 idonea
953 4223 1073 4284 ancilla
1087 4224 1158 4284 abs-

859 4337 904 4424 31
