2632 4822
28 411 31 420 Ι
122 317 218 394 ’820
356 363 359 371 ,
416 328 631 390 ntorrnuun
667 327 792 386 aaron
827 330 893 384 nn.
912 329 957 386 rt.
1064 350 1073 384 .-

145 499 179 552 ap
200 479 268 534 ellat
285 473 430 536 Martium,
446 471 521 544 quod
540 487 590 523 sua
610 469 777 526 mundoalda
801 467 931 526 currebat
951 465 1175 542 simpliciter'in
1198 489 1272 529 scm.

145 553 165 606 d
194 567 256 614 um,
280 557 309 600 et
325 557 357 600 tu
374 562 434 600 eam
452 540 585 597 occidisti.
686 581 689 586 .
1128 571 1130 576 .

229 635 362 705 CXLII.
404 631 629 713 (axxxtx.)
669 632 704 694 Si
732 630 805 716 qais
833 632 920 696 liber
946 632 1051 700 homo
1086 637 1199 700 sciens
1227 639 1269 700 al-

146 725 237 790 dium
262 731 317 784 aut
337 720 466 796 aldim,
489 738 617 780 serrum
637 726 694 778 ant
717 714 869 778 ancillam
887 739 980 779 snam
1004 719 1041 779 in
1066 741 1144 784 casa
1165 719 1269 784 cnius-

147 826 287 890 oumqne
314 824 381 866 esse
403 811 460 862 aut
478 797 644 884 copulatos
665 808 721 860 aut
741 799 846 877 aliter,
868 809 900 863 et
917 822 984 862 non
1008 823 1090 864 enm
1111 804 1268 886 requisie-

147 891 191 953 rit
211 897 267 950 aut
286 907 346 971 per
366 885 508 946 indicem
534 891 589 945 aut
616 903 674 966 per
696 882 884 962 Publicum,
915 891 947 944 et
973 904 1054 945 enm
1081 906 1152 946 non
1176 887 1269 948 recol·
1288 881 1303 901 '⁴

147 970 276 1055 legerit,
297 977 331 1032 et
356 966 515 1030 dimiserit
537 985 612 1028 enm
632 965 718 1047 apud
740 965 840 1026 alium
860 964 1027 1027 hominem
1052 966 1187 1029 diutius
1204 990 1267 1050 per-

147 1074 297 1130 manere,
320 1072 385 1113 non
411 1049 556 1131 requiret
581 1068 693 1130 operas
723 1068 856 1125 eorum,
881 1047 959 1130 quia
987 1047 1100 1114 sciens
1128 1051 1268 1134 neglexit

147 1135 316 1218 requirere
341 1153 474 1195 serrum
508 1139 563 1191 ant
592 1130 736 1207 aldium,
762 1129 913 1192 ancillam
937 1139 993 1192 eut
1022 1131 1155 1192 aldium
1177 1155 1267 1195 snam.

147 1221 229 1282 Nam
255 1217 282 1280 si
306 1214 492 1297 requisierit
514 1213 664 1274 domiuus
687 1211 828 1294 illorum,
853 1222 887 1274 et
908 1212 966 1275 ille
990 1214 1052 1296 qni
1075 1235 1135 1276 eos
1157 1215 1269 1278 habue-

148 1301 193 1363 rit
215 1297 398 1382 neglexerit
420 1295 578 1376 reddere,
599 1303 655 1374 aut
679 1296 895 1374 antesteterit,
916 1295 1035 1358 reddat
1073 1318 1197 1382 operas
1221 1320 1269 1361 eo·

101 1394 107 1404 '
149 1405 247 1460 rum,
277 1379 362 1444 sicut
386 1382 442 1441 lex
472 1385 529 1440 est.
628 1379 655 1443 1.
676 1380 725 1441 25.
748 1377 798 1442 58.

221 1512 301 1548 roan.
336 1495 415 1548 Petra
438 1503 467 1547 te
491 1489 612 1562 appellat
626 1488 772 1560 Martinus,¹
789 1487 864 1562 qnod
884 1499 916 1546 tu
933 1489 1060 1546 habuisti
1077 1487 1268 1565 Marculphan

149 1582 230 1619 suum
256 1579 382 1627 serrum,
407 1563 452 1618 vel
480 1562 601 1632 aliquem
627 1575 661 1612 ex
686 1560 766 1612 aldiis
790 1561 846 1614 XX.
870 1571 966 1614 noctes
993 1561 1024 1612 In
1051 1579 1119 1615 casa
1148 1573 1223 1628 tua,
1246 1571 1269 1616 et

171 1635 299 1688 erdiderit
318 1641 407 1687 tantas
425 1647 528 1702 operas,
548 1645 620 1702 quae
636 1629 783 1682 valuerunt
805 1631 836 1682 X.
860 1632 969 1684 solidos.
1006 1629 1037 1683 si
1055 1633 1167 1686 dixerit
1186 1635 1269 1704 appel-

149 1655 238 1759 latus:
263 1705 324 1758 Non
340 1701 392 1755 tihi
411 1701 598 1770 respondeam,
616 1699 682 1770 quia
705 1707 737 1750 tu
762 1701 874 1766 scivisti,
899 1702 974 1772 quod
995 1701 1058 1770 ipse
1079 1713 1143 1756 erat
1165 1703 1196 1755 in
1216 1719 1269 1757 cata

150 1791 231 1838 mea,
256 1783 284 1828 et
307 1772 427 1825 habuisti
454 1770 648 1836 negligentiam
672 1769 847 1850 requirendi,
875 1772 916 1824 ita
935 1770 1081 1842 probetur.
1133 1773 1184 1826 Sin
1203 1791 1267 1836 vero,

148 1845 223 1912 iuret
246 1853 332 1908 actor,
359 1841 435 1914 quod
451 1857 507 1894 non
525 1839 623 1895 habuit
645 1839 911 1905 negligentiaeve
932 1849 1035 1894 taceat.
1082 1843 1113 1895 Si
1141 1861 1208 1896 vero
1230 1861 1269 1912 ap

150 1916 271 1988 pellatur
294 1912 452 1979 negaverit,
475 1911 586 1964 radicat
614 1925 654 1965 se.
698 1909 727 1962 si
750 1909 849 1964 dixerit
874 1913 1042 1982 appellatori
1062 1912 1200 1982 requisivi
1215 1911 1268 1974 tibi,

151 1986 201 2039 aed
223 1985 344 2037 habuisti
371 1980 563 2050 negligentiam
589 1978 714 2045 reddere,
740 1980 880 2052 approbet.
922 1981 971 2035 Sin
993 1998 1079 2046 vero,
1111 1983 1229 2038 idoneet
1245 1999 1269 2035 se

152 2055 317 2129 appellatus,
340 2054 386 2110 rel
408 2051 535 2105 emendet
556 2067 658 2124 operas.

182 2245 298 2304 tauns
316 2241 518 2300 turrianos
534 2189 640 2296 sinon
658 2239 705 2295 oa
722 2240 820 2296 anno
839 2233 947 2295 annm
965 2236 1051 2295 aros
1069 2243 1178 2310 xxm.
1204 2207 1246 2316 ar

463 2359 660 2435 I'ncrrrr
698 2391 947 2434 rnonoous.

235 2515 276 2576 In
296 2515 421 2576 nomine
444 2511 574 2573 Domini
594 2511 696 2573 nostri
715 2514 788 2570 Iesu
809 2508 937 2574 Christi.
988 2507 1061 2588 Ego
1090 2507 1270 2597 Liutprand

153 2597 437 2658 excellentissimus
456 2594 646 2655 christianas
667 2604 759 2672 atque
776 2592 948 2653 catholicas
968 2592 1042 2652 Rex
1062 2598 1172 2672 gentis
1193 2594 1270 2653 Lan·

151 2677 387 2758 gobardorum,
409 2676 580 2754 adiungere
598 2672 751 2758 praevidi
778 2695 840 2734 una
867 2694 936 2733 cum
957 2674 1128 2737 Iudicibus
1147 2689 1179 2736 et
1186 2673 1271 2759 fide·

154 2763 237 2821 libus
265 2761 383 2820 nostris
412 2760 445 2817 in
469 2756 579 2817 Edisti
607 2758 745 2838 pagina,
782 2754 874 2816 Anno
900 2757 989 2835 regni
1009 2760 1075 2817 mei
1098 2758 1269 2840 Deopru-

152 2845 235 2929 pitia
260 2841 530 2915 vicesimotertio,
554 2838 606 2898 die
632 2836 846 2898 Kalendarum
864 2838 1068 2915 Martiarum,
1097 2839 1268 2901 indictione

156 2926 261 3002 tertia,
285 2923 342 2982 illa
360 2921 517 3004 capitula,
541 2939 621 3002 quae
644 2921 708 2978 iam
732 2932 804 2980 ante
827 2917 997 2980 constituta
1019 2942 1086 2981 non
1107 2935 1219 2997 erant,
1240 2932 1269 2978 et

145 3007 239 3068 ande
261 3006 463 3084 cognovimus
486 3022 551 3060 esse
571 3002 789 3078 intencionem,
815 3013 848 3061 nt
869 2999 983 3061 arnodo
1005 3003 1096 3063 nulla
1122 3006 1167 3064 sit
1185 3001 1267 3064 Iudi-

157 3091 243 3152 cibas
265 3088 398 3161 nostris,
426 3085 482 3164 qui
505 3081 648 3143 iudicare
681 3081 813 3162 debent,
849 3083 1085 3166 qualiscumque
1110 3085 1265 3158 dotatas,

158 3162 371 3258 sedfirmiler
388 3167 513 3253 possint
539 3164 728 3230 discernere.

566 3275 611 3340 Id
628 3289 673 3338 est
694 3279 728 3338 in
745 3280 859 3362 primis

242 3386 389 3456 CXLIII,
433 3385 539 3467 (XC.)
581 3385 617 3447 si
647 3387 870 3471 cuiuscunque
904 3411 1015 3455 servus
1042 3404 1099 3456 aut
1130 3393 1264 3471 ancilla,

159 3474 264 3537 aldius
285 3472 337 3534 rel
360 3472 455 3550 aldio,
478 3470 512 3530 in
534 3469 672 3532 ecclesia
697 3471 759 3533 Dei
786 3473 976 3555 confugium
997 3476 1132 3556 fecerit,
1162 3489 1196 3540 et
1214 3477 1264 3538 do·

160 3558 265 3618 minus
287 3554 340 3616 rel
360 3565 512 3637 patronus
534 3573 657 3629 eorum,
673 3560 793 3636 autper
808 3554 939 3616 missum
958 3578 1062 3637 suum,
1078 3567 1134 3619 ant
1156 3580 1264 3643 perse,

97 3687 98 3692 η
161 3639 280 3702 exinde
304 3657 378 3706 eum
399 3633 554 3699 violentia
572 3635 716 3716 traxerit,
739 3649 910 3718 componat
928 3639 1095 3724 widrigild
1116 3664 1214 3705 suum
1233 3641 1264 3700 in

160 3719 374 3804 suprascripta
394 3717 538 3782 Basilica.
579 3715 623 3778 Et
640 3716 667 3778 ai
691 3737 802 3779 servus
824 3719 878 3781 rel
897 3719 1002 3783 aldius
1023 3724 1094 3786 sine
1115 3726 1266 3787 volunta-

160 3817 194 3884 te
216 3802 340 3867 domini
361 3803 410 3862 sni
433 3801 496 3883 hoc
518 3798 638 3861 malum
657 3799 783 3878 fecerit,
798 3800 852 3861 det
873 3801 977 3883 ipsum
998 3825 1127 3867 serrum
1151 3809 1205 3869 rel
1227 3806 1267 3866 al·

163 3889 295 3951 dionem
315 3906 375 3968 pro
397 3885 466 3967 ipso
487 3881 594 3959 malo,
618 3879 653 3940 in
681 3902 780 3942 mann
800 3883 940 3946 custodis
972 3886 1070 3968 ipsius
1091 3889 1264 3958 Basilisses

164 3981 197 4034 et
216 3971 284 4053 ipse
305 3967 456 4031 dominus
483 3965 538 4056 rel
565 3972 720 4048 patronus
748 3964 939 4047 satisfaciat,
968 3970 1058 4050 quod
1085 3993 1145 4054 per
1172 3971 1267 4056 ipsius

166 4123 580 4145 W

202 4257 203 4260 ,
234 4205 274 4278 a)
290 4203 382 4258 Editio
399 4201 583 4256 Muratoriana
598 4199 684 4256 habet
699 4201 810 4272 quidem
829 4194 1003 4274 epigraphen:
1021 4203 1127 4274 [ncipit
1145 4203 1183 4260 da
1199 4221 1267 4261 anno

163 4281 296 4354 vigesimo
315 4278 422 4346 torti05
446 4273 496 4329 sed
511 4273 571 4328 sine
586 4273 715 4345 prologo,
731 4281 760 4325 et
774 4271 804 4324 in
822 4271 909 4328 fronte
926 4273 991 4346 Cap.
1009 4273 1122 4333 CXLII.
