2648 4874
146 275 226 352 464
343 273 762 350 trecassenorum
780 297 845 350 ars.
866 299 904 354 n.
921 299 991 359 mr.
1009 299 1043 356 v.
1096 316 1101 321 ²

147 435 266 500 ferret:
288 440 344 496 aut
364 429 461 492 etiam
481 439 595 513 sponte
613 455 669 494 sua
682 433 767 495 hanc
789 435 889 519 ipsam
909 457 1046 521 poenam
1067 435 1259 523 nolueritm.)

147 519 302 603 implere,
331 535 402 577 rem
424 533 507 596 quac
536 513 585 574 illi
607 516 646 576 de
669 517 812 580 eiusdem
835 523 973 583 auctoris
996 524 1150 604 competit
1171 524 1260 606 iure,

147 603 299 685 siquem
323 597 512 660 convexavit
533 596 830 682 indebite‘cogatur
855 603 1007 664 cessionis
1029 605 1143 666 ordine
1173 608 1259 670 dare.

145 687 238 747 Hanc
259 705 333 745 sane
352 682 458 762 legem
481 678 515 738 in
540 680 615 743 solis
632 691 801 764 parentum
819 687 982 769 scripturis
1004 687 1191 749 servandam
1209 713 1259 752 es—

147 790 181 830 se
205 766 429 830 decernimus:
450 773 581 846 propter
601 765 689 846 quod
709 765 794 828 filios
813 767 864 830 vel
886 779 1018 852 nepotes
1038 768 1158 830 iniusta
1179 794 1260 834 con-

146 851 296 914 tentione
319 849 359 908 ab
380 844 546 924 alterutro,
567 857 622 908 aut
644 869 687 924 se,
709 855 765 910 aut
788 861 1011 913 extraneorum
1032 863 1154 932 partes,
1176 856 1259 916 vidi-

146 953 219 995 mus
243 949 435 994 convexare.
477 929 540 990 lsta
569 930 711 991 evidenti
734 933 920 996 conditione
943 944 1081 1012 servata,
1103 946 1139 996 ut
1167 937 1193 996 si
1218 957 1259 1000 ex

146 1016 218 1078 alii's
240 1011 495 1098 oppositionibus
524 1012 635 1094 legum
657 1013 769 1074 eadem
800 1015 957 1099 scriptura
984 1016 1103 1078 dicitur
1125 1021 1259 1082 convel-

146 1099 261 1177 lenda,
282 1118 347 1160 vox
367 1095 582 1178 impugnantis
603 1117 661 1180 pro
683 1106 771 1158 certo
793 1098 834 1159 sit
853 1099 964 1161 libera.

405 1237 526 1308 XVlll.
588 1261 668 1308 reu
692 1261 759 1304 sss.
799 1264 906 1308 aeros.
926 1267 997 1310 aex.

187 1324 237 1423 Ne
256 1315 349 1422 aliud
369 1356 439 1440 qais
457 1377 519 1442 per
537 1368 664 1435 testem,
688 1355 779 1418 aliud
791 1379 852 1444 per
869 1361 1058 1449 scripturam
1079 1359 1217 1446 allegare

286 1457 289 1460 “
605 1454 798 1523 praesumat.
870 1521 873 1528 γ

232 1557 315 1620 Cum
336 1554 402 1620 sive
426 1554 494 1616 sint
512 1553 626 1631 verba,
655 1554 720 1616 sive
742 1555 971 1638 scripturarum
991 1559 1150 1642 quaedam
1171 1559 1258 1624 indi-

148 1644 210 1722 cia,
232 1663 314 1724 quae
336 1651 443 1702 tamen
458 1659 533 1700 vera
548 1658 617 1698 esse
638 1647 782 1721 oporteat
797 1649 892 1721 atque
910 1641 1077 1738 simplicia,
1098 1665 1159 1726 per
1172 1665 1257 1725 quae

146 1747 233 1788 unus
254 1725 289 1784 in
312 1722 445 1786 alterius
467 1721 684 1803 cognitionem
704 1723 874 1784 transferat
894 1725 1039 1786 notitiam
1053 1733 1166 1786 suana:
1197 1748 1258 1786 no·

147 1807 242 1872 vellis
265 1828 355 1866 nunc
372 1805 536 1889 peragitur
557 1803 761 1887 argumentis,
782 1805 871 1865 utin
891 1806 1130 1886 donationibus,
1152 1817 1259 1869 trans-

146 1890 345 1967 actionibus,
367 1887 419 1950 vel
436 1885 539 1948 causis
552 1887 779 1969 scripturarum
792 1899 937 1971 prompta
950 1889 1095 1950 videatur
1110 1913 1259 1972 quorun-

149 1976 223 2037 dam
245 1973 436 2034 donatoram
455 1968 620 2047 voluntas,
642 1987 724 2051 quae
744 1980 852 2030 tamen
874 1973 1009 2032 testibus
1031 1972 1121 2033 aliud
1147 1973 1259 2056 alliget

148 2056 290 2134 occulte,
307 2077 403 2138 quam
418 2052 508 2134 quod
522 2051 629 2133 patule
651 2073 710 2133 per
720 2051 896 2134 scripturae
912 2055 1028 2116 seriem
1045 2055 1190 2116 noscitur
1205 2057 1259 2116 de·

148 2139 269 2204 finisse.
297 2140 335 2199 ln
356 2157 420 2219 qua
439 2133 571 2196 bifariae
593 2134 787 2216 duplicitatis
807 2137 932 2214 astutia,
954 2134 1035 2218 quid
1055 2138 1146 2198 aliud
1159 2160 1258 2220 quam

149 2223 273 2306 duplex
300 2219 525 2315 comprobatur
543 2215 721 2279 voluntas?
774 2217 857 2295 Quia
878 2218 1090 2304 simplicitatis
1117 2221 1257 2303 puritate

148 2306 309 2381 exclusa,
339 2301 429 2362 aliud
455 2299 533 2360 foris
559 2300 728 2382 publicat,
749 2300 851 2362 aliud
874 2324 934 2385 per
956 2301 1121 2364 occultum
1149 2303 1261 2384 alligat

147 2397 272 2451 testem.
335 2387 539 2464 Quapropter
567 2403 641 2442 cum
668 2382 814 2464 quisquis
843 2384 882 2446 de
917 2384 1117 2467 quibuslibet
1142 2385 1258 2461 rebus,

147 2469 339 2552 scripturam
368 2462 568 2541 donationis,
602 2463 655 2526 vel
682 2464 875 2527 venditionis
904 2466 939 2527 in
978 2467 1108 2528 alterius
1136 2467 1260 2529 faciens

147 2547 404 2627 nomine,.aliud
425 2545 605 2629 reperiatur
631 2546 792 2629 conligare
813 2569 873 2631 per
900 2548 1032 2627 testem,
1054 2566 1151 2633 quam
1171 2550 1259 2646 quod

146 2656 206 2718 per
227 2631 427 2694 nanifestam
452 2627 643 2710 scripturam
667 2629 872 2712 cognoscitur
900 2632 1061 2712 definisse,
1078 2643 1204 2693 noverit
1225 2652 1258 2692 se

147 2715 231 2801 parti
246 2715 296 2775 illi
312 2733 449 2795 poenam
466 2711 639 2794 scripturae
650 2713 967 2795 deberepersolverc,
988 2715 1040 2774 cui
1062 2715 1259 2775 circumven-

146 2799 237 2862 tione
259 2795 377 2859 callida
399 2793 544 2856 noscitur
563 2793 713 2871 illusisse,
732 2806 764 2856 et
784 2796 917 2881 insuper
938 2819 1012 2858 cum
1032 2797 1163 2858 infamia
1183 2815 1257 2857 suae

148 2901 322 2966 personae,
352 2877 441 2961 quod
467 2877 567 2938 semel
589 2887 809 2940 cumconstat
831 2880 976 2956 dedisse,
1000 2873 1091 2940 nulla
1112 2901 1257 2962 unquam

146 2963 266 3049 poterit
285 2960 475 3044 repetitione
488 2981 669 3041 reposcere.
689 2961 756 3021 Nec
771 2962 859 3024 testis
879 2963 951 3023 illic
968 2963 1008 3024 ad
1019 2963 1256 3024 testificandum

147 3046 241 3109 aliud
267 3044 463 3120 admittatur,
485 3042 543 3125 qui
566 3041 689 3125 aliquid
715 3043 805 3106 aliud
823 3055 1027 3127 protestetur,
1049 3067 1147 3127 qnam
1168 3044 1256 3126 quod

148 3129 274 3216 prolata
295 3124 458 3189 donatoris
480 3121 636 3221 scriptura
651 3133 795 3204 testatur,
809 3135 845 3188 ut
855 3129 983 3210 repulsa
999 3126 1151 3210 deinceps
1169 3123 1257 3188 omni

148 3208 433 3296 argumentationis
444 3207 675 3285 sollicitudine,
687 3207 847 3290 quidquid
857 3231 916 3292 per
935 3209 1135 3271 manifestam
1153 3219 1187 3271 et
1207 3209 1257 3269 le-

148 3297 291 3381 gitimam
313 3291 540 3374 scripturarum
561 3290 676 3352 seriem
702 3292 872 3370 delinitur,
895 3293 986 3352 nulla
1010 3314 1154 3374 unquam
1179 3292 1257 3352 sub-

148 3377 252 3441 ornati
282 3371 371 3437 testis
400 3372 638 3442 machinatione
670 3373 844 3434 devocetur
868 3372 902 3434 in
936 3374 1069 3434 irritum.
1110 3377 1152 3436 Et
1175 3373 1256 3435 haec

148 3461 282 3544 quidem
298 3460 353 3522 lex
375 3456 461 3518 inter
479 3455 630 3538 aequales
649 3456 748 3538 gradu
768 3457 821 3517 vel
835 3457 948 3518 ordine
970 3460 1169 3540 promulgata
1188 3479 1256 3518 ser-

146 3544 282 3606 vabitur.
326 3541 477 3602 Ceterum
493 3538 518 3598 si
542 3538 687 3600 eiusdem
706 3539 870 3621 potestatis
885 3548 980 3622 atque
1004 3539 1200 3602 conditionis
1215 3538 1255 3600 sit

146 3626 217 3704 ille,
241 3622 298 3707 qui
324 3622 512 3705 scripturam
536 3642 569 3682 se
591 3618 750 3703 accepisse
774 3621 939 3699 obiecerit,
961 3631 997 3682 ut
1040 3624 1122 3683 otius
1145 3631 1256 3683 exacta

147 3710 186 3768 ab
210 3730 259 3784 eo,
282 3727 379 3788 quam
400 3701 505 3765 oblata
527 3701 557 3764 ei
583 3703 739 3786 scriptura
765 3705 928 3781 credatur,
956 3645 1116 3786 quidquid
1137 3705 1176 3765 de
1197 3704 1256 3763 hu·

148 3788 287 3852 iusmodi
317 3785 541 3848 occasionibus
571 3787 610 3848 ab
641 3797 770 3847 anctore
800 3787 975 3869 scripturae
1012 3787 1163 3848 convinci
1194 3808 1254 3868 po·

67 3948 69 3952 .
146 3874 232 3952 terit,
248 3882 328 3932 tunc
351 3878 382 3931 et
399 3870 467 3952 ipsa
487 3866 645 3950 scriptura
662 3868 802 3932 invalida
823 3869 894 3948 crit,
917 3879 950 3930 et
966 3891 1017 3932 res
1038 3869 1072 3931 in
1094 3867 1254 3932 donatoris

147 3957 217 4018 iura
238 3975 421 4038 possessura
440 3949 595 4014 transibit.

215 4198 253 4270 m)
271 4197 317 4254 Sic
335 4213 428 4254 onnes
447 4193 536 4251 codd.
573 4177 719 4251 Lindeabr.
738 4201 832 4252 tamen
849 4192 948 4250 habet:
970 4179 1101 4249 uolueris.
