2640 4838
143 225 219 304 624
336 242 752 302 mc1sw1srcoraonuu
771 243 840 300 ιιι.
858 245 889 300 ιι.
908 244 979 302 ιιι.
999 248 1051 301 ιιι.

433 439 436 448 ’
496 417 556 485 Vl.
607 439 669 484 rus.
710 439 798 485 aens.
839 441 909 481 aex.

338 531 387 594 Ne
407 532 579 595 tricennale
603 544 722 614 tempus
741 531 895 616 impediat
914 534 1069 614 relegatis.

228 619 357 698 Quanto
377 615 533 698 pressuris
553 615 697 676 conditio
720 625 851 696 urgetur
872 615 1028 695 bumana,
1056 626 1147 678 tanto
1169 619 1255 680 mul-

142 701 184 764 tis
211 699 363 762 remediis
395 698 600 759 clementiam
628 698 839 781 principalem
868 699 1050 760 necessitati
1082 703 1254 764 consulere

143 775 238 848 decet
257 784 428 846 humanae.
470 783 673 864 Quapropter
694 803 767 842 cum
789 781 926 866 quisque
950 781 1067 844 nobilis
1089 792 1185 866 atque
1204 786 1255 844 in-

142 867 253 946 ferior,
276 867 435 950 ingenuus
456 862 521 926 sive
544 864 640 924 etiam
661 885 780 941 servus,
801 864 889 946 regio
910 866 997 926 iussu
1019 866 1052 924 in
1076 867 1254 934 custodiam

142 953 196 1015 vel
218 949 352 1012 exilium
374 946 515 1010 extiterit
536 948 719 1030 deputatus,
749 957 781 1008 et
812 947 976 1030 contingat
1007 969 1081 1010 eum
1104 951 1255 1032 quando-

144 1055 208 1118 que
231 1042 285 1093 aut
305 1031 529 1092 liberationem
551 1030 719 1108 invenire,
740 1031 854 1090 autad
876 1032 1036 1091 sunbona
1059 1033 1195 1095 reverti:
1228 1032 1254 1093 si

143 1135 372 1199 quamcunque
394 1133 462 1174 rem
484 1113 518 1171 in
540 1113 731 1196 repetitione
752 1113 899 1176 videatur
919 1113 1058 1192 habere,
1082 1136 1150 1176 non
1172 1115 1255 1177 illud

140 1209 270 1280 tempus
291 1219 349 1280 pro
370 1193 541 1256 tricennali
562 1197 615 1258 vel
637 1195 914 1280 quinquagenario
936 1218 1095 1257 annornm
1117 1219 1255 1260 numero

143 1273 180 1343 in
200 1281 271 1342 eins
291 1280 417 1342 actione
439 1278 610 1362 iungatur,
633 1280 723 1362 quod
744 1280 810 1362 ipse
833 1280 865 1339 in
889 1279 1031 1342 custodia
1052 1281 1105 1341 vel
1128 1282 1163 1341 in
1185 1282 1255 1343 exi-

143 1365 191 1428 lio
211 1363 310 1426 luisse
333 1361 532 1424 dinoscitur:
567 1364 624 1425 sed
644 1372 768 1423 remoto
790 1361 878 1422 omni
899 1361 957 1423 illo
979 1372 1147 1446 tempore,
1177 1385 1255 1446 quo

144 1447 312 1510 evidenter
332 1445 437 1506 eidem
457 1466 614 1527 personae
636 1446 669 1505 in
689 1446 845 1529 pressuris
867 1452 899 1504 et
920 1445 952 1504 in
975 1446 1110 1527 penuria
1133 1447 1257 1507 consti-

143 1540 230 1592 tutae
261 1528 321 1590 sibi
351 1527 495 1588 debitum
523 1529 686 1611 negotium
706 1527 857 1611 prosequi
880 1547 945 1586 non
968 1528 1067 1590 licuit.
1108 1532 1158 1592 De
1182 1551 1255 1590 cae-

144 1623 214 1674 tero
235 1634 309 1674 vero
331 1611 421 1671 iuxta
441 1612 550 1694 legum
573 1612 715 1689 decreta,
743 1613 795 1674 rel
815 1622 959 1693 tempus,
988 1611 1023 1673 in
1052 1612 1122 1674 eius
1153 1613 1256 1676 actio-

145 1697 240 1758 nibus
261 1693 373 1779 legalis
395 1693 474 1754 ordo
495 1704 623 1755 maneat
644 1694 846 1757 constitutus.

470 1808 547 1877 vll.
586 1828 719 1874 scurrus
739 1831 836 1872 screa
856 1832 928 1875 rex.

146 1929 196 1990 De
210 1924 368 2014 praefixo
388 1944 541 1988 annorum
557 1945 706 1997 numero,
737 1945 798 2009 quo
809 1924 946 2010 fiscales
964 1926 1051 1988 servi
1063 1928 1190 2013 possint
1214 1925 1259 1990 acl

567 2009 731 2068 servitium
753 2011 862 2093 repeti.
1189 2013 1195 2022 “

228 2091 386 2174 Abrogata
405 2090 486 2173 legis
508 2089 598 2151 illius
619 2090 798 2169 sententia,
827 2091 951 2173 quade
974 2092 1135 2154 fiscalibus
1157 2091 1256 2154 servis

135 2175 356 2260 praecipitur,
389 2183 426 2233 ut
453 2174 572 2256 absque
596 2173 793 2255 praeiudicio
823 2184 1003 2258 temporum
1030 2175 1063 2236 in
1093 2175 1257 2236 servitutis

144 2258 297 2341 pristinae
320 2256 479 2338 originem
499 2257 701 2340 redigantur;
724 2256 757 2318 id
779 2277 862 2319 novo
884 2258 1059 2320 sanctionis
1081 2258 1187 2330 edicto
1203 2258 1259 2318 de-

147 2340 324 2415 cernimus,
347 2349 384 2399 nt
396 2340 494 2401 iidem
512 2339 572 2422 ipsi
590 2340 715 2400 fiscales
731 2340 831 2418 servi,
853 2363 934 2424 quos
950 2364 1009 2424 per
1028 2340 1136 2402 XXX.
1152 2361 1257 2400 annos

146 2424 437 2503 interpraesentes
455 2430 509 2480 aut
530 2423 665 2506 quisque
684 2424 880 2504 possederit,
910 2433 964 2484 aut
982 2423 1041 2506 ipsi
1064 2435 1172 2483 coram
1194 2443 1257 2506 po-

138 2505 200 2584 siti
217 2503 418 2587 praedictum
440 2525 609 2564 numerum
627 2526 783 2566 annorum
802 2508 895 2567 nullo
909 2508 1093 2568 dominante
1116 2507 1257 2567 transie-

146 2587 231 2666 rint,
259 2586 312 2646 vel
343 2585 365 2643 ii
388 2587 483 2645 etiam
506 2586 562 2667 qni
583 2607 641 2669 per
661 2588 784 2649 diversa
804 2599 953 2672 vagantes
974 2590 1043 2651 sine
1065 2588 1174 2670 aliqua
1195 2588 1258 2647 tri-

145 2669 218 2732 lmti
237 2669 289 2730 vel
310 2668 430 2728 servitii
452 2670 653 2751 impensione
676 2670 983 2754 quinquagenariam
1004 2691 1164 2733 annorum
1186 2693 1258 2732 me-

146 2761 211 2816 tatu
231 2752 434 2834 pervagando
456 2751 667 2830 excesserint,
690 2753 782 2813 nullo
804 2757 900 2817 modo
921 2756 986 2817 sint
1007 2756 1048 2814 ad
1069 2754 1139 2814 fisci
1161 2751 1259 2814 servi-

145 2844 248 2896 tutem
278 2834 414 2894 ulterius
437 2835 615 2917 repetendi.
657 2837 721 2897 Sed
747 2838 835 2918 quod
863 2860 917 2900 eos
940 2839 1036 2900 fuisse
1054 2836 1258 2912 tricennalis,

146 2911 200 2980 rel
229 2918 527 2999 quinquagenarius
554 2918 667 3000 legalis
693 2919 935 3005 communisque
962 2921 1040 2982 ordo
1067 2918 1258 2996 convicerit,

136 3001 213 3085 ,hoe
228 3023 296 3062 esse
322 3021 377 3060 eos
398 3001 501 3061 modis
523 3000 671 3061 omnibus
697 3002 875 3085 oportebit,
905 3014 940 3064 ut
965 3005 998 3062 in
1023 3001 1257 3085 perquisitione

146 3083 379 3168 mancipiorum
405 3083 578 3160 fiscalium,
609 3105 673 3144 una
698 3086 874 3167 eademque
891 3087 945 3147 lex
964 3085 1119 3167 principis
1135 3091 1257 3160 teneat,
1309 3081 1316 3098 “

147 3177 291 3250 qnaeet
322 3167 357 3228 iu
386 3166 580 3250 populorum
605 3166 763 3233 similibus
791 3163 923 3232 vocibus
949 3163 1151 3253 dignoscitur
1177 3188 1259 3229 con-

147 3251 264 3315 scitata.

324 3435 416 3512 Tru.
441 3434 510 3505 ΙΙΙ.
560 3435 619 3506 De
644 3435 811 3506 terminis
840 3447 877 3505 et
901 3435 1088 3508 limitibus.

354 3597 379 3663 l.
426 3595 467 3659 Ut
486 3597 614 3660 termini
634 3609 663 3657 et
679 3597 793 3656 limites
815 3611 1050 3658 conserventur.

138 3722 141 3728 .
229 3678 389 3762 Antiquos
411 3680 565 3741 terminos
587 3689 619 3740 et
639 3678 756 3740 limites
778 3680 824 3740 sic
858 3688 939 3741 stare
975 3679 1139 3758 iubemus,
1174 3680 1260 3742 sicut

147 3763 326 3845 antiquitus
348 3763 499 3826 ridentur
519 3785 588 3826 esse
611 3763 802 3842 constructi,
831 3784 893 3824 nec
914 3762 1022 3844 aliqua
1043 3764 1182 3848 patimur
1202 3785 1259 3826 eos

149 3847 366 3910 commotione
389 3847 511 3908 divelli.

384 3988 431 4052 ll.
470 3989 520 4050 De
542 3988 661 4050 collisis
682 3999 712 4049 et
733 3989 851 4049 evulsis
870 3989 1031 4056 limitibus.

231 4095 297 4174 Qui
318 4097 425 4159 studio
446 4096 640 4179 pervadendi
662 4095 780 4158 limites
803 4087 1072 4180 complanaverit,
1110 4105 1166 4156 aut
1191 4104 1261 4157 ter-

148 4175 255 4240 minos
276 4181 357 4240 fixos
378 4181 477 4242 fuerit
498 4201 593 4242 ausus
615 4180 775 4242 evellere:
797 4181 823 4244 si
845 4182 1005 4264 ingenuus
1026 4188 1090 4258 est,
1111 4200 1171 4262 per
1190 4179 1260 4240 sin-
