2648 4874
126 254 202 336 486
360 277 467 334 neers
484 273 778 362 wtspnornonum
798 283 861 335 mn
883 283 934 335 111.
953 281 1024 335 r1r.
1043 283 1077 335 v.

128 419 205 482 lillis
224 418 490 504 a'nt'propinquis
510 419 571 480 hac
590 419 784 482 discretione
805 422 1005 506 pertineant:
1032 427 1068 480 ut
1097 418 1148 481 vir
1176 420 1242 481 ha-

129 505 208 565 bens
235 521 387 579 uxorem,
421 503 448 564 si
481 501 563 562 filios
593 504 689 562 etiam
711 500 752 564 ex
776 505 886 565 eadem
913 503 1062 564 habuerit
1082 511 1115 563 et
1139 503 1242 564 dona-

129 595 197 647 tum
224 583 349 664 aliquid
380 581 419 650 ab
445 583 512 669 ipsa
539 586 737 668 perceperit:
764 585 791 646 si
822 596 982 669 superstes
1005 605 1088 646 uxor
1108 594 1171 660 est,
1195 586 1242 646 ita

128 668 305 754 possideat,
328 675 365 726 ut
388 677 460 750 post
480 689 572 731 suum
593 668 715 727 obitum
734 669 956 731 communibus
978 668 1053 728 filiis
1067 668 1241 750 possiden-

130 753 207 812 dum
230 749 405 830 relinquat.
456 750 552 811 Certe
573 750 599 811 si
623 760 677 812 aut
694 750 761 833 ipsa
783 751 983 829 discesserit,
1013 759 1067 809 aut
1092 771 1241 811 commu-

129 855 187 896 nes
210 831 270 891 tilii
299 831 433 905 desunt,
466 833 694 914 proprietatem
721 834 983 916 praevaricatoris
1010 832 1076 893 viui
1100 833 1240 914 propin-

129 917 186 998 qui
217 915 285 974 eius
318 913 454 976 heredes
484 915 920 982 incunctanterobtineant.
970 917 1050 977 Nam
1079 917 1168 996 quod
1195 915 1240 974 ah

129 1019 229 1058 uxore
261 997 574 1077 quolibetrtempore
601 997 753 1060 donatum
779 999 912 1060 sortasse
930 1006 1137 1082 perceperat,
1165 1019 1239 1077 pro·
1275 1040 1281 1046 -

127 1079 259 1164 pinquis
275 1079 384 1140 uxoris
404 1078 577 1141 heredibus
600 1080 719 1162 absque
744 1081 944 1143 dubitatione
965 1080 1122 1164 proficiat.
1150 1081 1241 1140 Haeo

71 1171 76 1182 ‘
128 1163 224 1225 etiam
245 1161 284 1222 dc
311 1160 460 1222 foeminis
494 1161 627 1222 omnino
647 1162 827 1224 servabitur
850 1164 972 1225 forma:
1006 1170 1042 1224 ut
1064 1163 1239 1245 poenitens

128 1245 220 1326 virgo
246 1241 297 1303 vel
325 1241 441 1320 vidua,
470 1243 496 1306 si
520 1253 609 1307 veste
630 1245 780 1326 religiosa
808 1245 970 1327 deposita,
1003 1245 1159 1307 secularia
1179 1244 1238 1304 de-

128 1349 194 1388 nuo
217 1323 412 1407 sumpserint
432 1325 640 1406 indumenta,
669 1337 724 1388 aut
752 1327 886 1388 inierint
912 1328 1042 1388 fortasse
1064 1325 1237 1409 coniugia,
1273 1347 1281 1360 ·

129 1407 242 1472 similis
264 1429 315 1468 eas
331 1417 363 1468 et
383 1407 418 1467 in
441 1409 610 1470 amissione
632 1431 761 1488 rerum,
792 1410 881 1470 iuxta
909 1410 1106 1494 superiorem
1129 1409 1168 1470 de
1193 1407 1239 1468 vi-

127 1493 173 1555 ris
199 1499 339 1552 taxatum
368 1490 535 1569 ordinem,
577 1513 711 1553 censura
743 1493 931 1573 redarguat,
968 1502 999 1553 et
1027 1490 1241 1552 districtionis

128 1595 233 1659 poena
256 1571 429 1653 percellat:
474 1573 518 1634 ita
547 1574 716 1652 videlicet,
755 1583 791 1635 ut
820 1576 1047 1657 proprietatem
1075 1573 1237 1634 foeminae

131 1657 200 1717 eius
232 1655 291 1715 filii
322 1663 377 1715 aut
408 1655 542 1732 heredes
572 1656 720 1717 habeant.
748 1657 964 1718 Donationem
994 1659 1143 1717 autema
1166 1655 1237 1718 viro

130 1748 315 1824 perceptam
337 1738 513 1821 propinqui
540 1739 667 1815 mariti,
695 1761 713 1798 a
740 1761 805 1821 quo
829 1740 1009 1822 conscripta
1032 1738 1164 1799 donatio
1188 1737 1239 1797 di-

131 1819 293 1898 noscitur,
322 1821 433 1882 deberi
455 1820 515 1882 sibi
544 1828 749 1904 cognoscant.
790 1823 832 1882 Et
850 1822 1003 1904 quoniam
1030 1822 1239 1902 apostatizan·

132 1903 164 1964 di
195 1902 417 1986 praecipitatio
445 1903 558 1964 fraude
586 1903 691 1988 potius
724 1903 898 1964 mulierum
923 1903 1104 1986 saepissime
1125 1921 1240 1986 perpe-

130 1995 251 2064 tratur,
273 1985 307 2046 id
329 1985 423 2046 etiam
441 1986 584 2068 oportuit
606 1986 765 2068 praesenti
781 1987 852 2068 lege
866 1986 1076 2047 censendum:
1102 1993 1136 2044 nt
1149 1983 1240 2066 quic·

131 2068 212 2150 quid
234 2091 252 2128 a
272 2068 343 2130 uiro
368 2090 425 2128 seu
451 2077 523 2128 ante
550 2069 694 2152 nuptias,
715 2069 781 2130 sive
802 2075 874 2151 post
895 2068 1021 2151 nuptias
1042 2067 1075 2126 in
1107 2067 1239 2128 nomine

131 2172 267 2234 sponsae
287 2151 340 2211 vel
365 2151 474 2212 uxoris
500 2149 596 2211 titulo
635 2150 735 2213 fuerit
766 2149 866 2212 dotali
902 2149 1137 2232 conscriptum,
1173 2169 1238 2208 non

130 2232 276 2293 mulieris
297 2231 449 2312 heredes,
471 2231 527 2293 sed
547 2232 683 2294 heredes
710 2233 780 2294 eins
809 2231 865 2316 qui
896 2234 1002 2294 dotem
1033 2230 1238 2314 conscripsit,

132 2315 259 2375 sibimet
286 2335 345 2397 per
373 2315 481 2374 omnia
502 2314 651 2375 noverint
671 2315 918 2396 uindicandum.
979 2314 1132 2377 Personis
1161 2333 1240 2374 vero

132 2397 249 2456 talibus
271 2397 461 2474 accusandi,
483 2397 535 2457 vel
558 2397 767 2475 testificandi,
789 2407 884 2480 atque
904 2396 1010 2458 aliena
1025 2397 1238 2479 negotiapro-

132 2477 290 2559 sequendi
313 2477 474 2539 licentiam
490 2477 620 2558 penitus
640 2480 843 2562 abnegamus.
890 2479 974 2558 Quia
998 2501 1063 2540 non
1086 2483 1239 2560 poterunt

134 2560 166 2618 in
199 2559 334 2642 negotiis
364 2561 561 2622 secularibus
598 2560 709 2626 fideles
745 2561 899 2639 existere,
939 2561 996 2643 qui
1036 2561 1240 2626 devotionem

132 2651 272 2705 sanctam
296 2664 375 2705 ausu
393 2643 642 2728 comprobantur
667 2643 823 2726 sacrilego
845 2651 1023 2706 temerasse.
1079 2679 1081 2686 ,

298 2783 357 2850 IV.
390 2803 420 2843 tn
440 2804 559 2844 nonina
580 2803 699 2844 noratur
719 2805 782 2844 rus.
804 2805 867 2850 aas.
888 2803 985 2844 aaron
1005 2801 1077 2847 nex.

237 2897 286 2957 De
301 2896 439 2981 ,speciali
461 2895 632 2956 or‘duarum
654 2893 877 2976 fraudulentia
903 2893 1137 2979 compescenda.

217 2980 308 3041 Solet
328 2979 527 3060 quarundam
556 2979 738 3042 infelicium
770 2980 938 3040 riduaram
961 2980 1073 3039 astutia
1093 2974 1240 3036 fraudem
1253 3007 1265 3030 η

136 3060 515 3137 devotioniadmisoere,
538 3069 568 3122 et
590 3062 748 3141 permixta
769 3061 904 3122 restium
930 3061 1109 3138 simultate,
1138 3068 1240 3118 trans-

136 3144 308 3228 gressionis
337 3142 422 3218 sibi,
444 3166 518 3203 cum
541 3144 727 3224 ¹voluerint,
760 3144 881 3204 aditum
909 3163 1085 3204 reservare.
1130 3140 1245 3222 Agunt,

136 3226 223 3288 enirn
244 3236 387 3308 tempore
409 3226 513 3286 luctus
534 3226 602 3302 sni,
625 3237 660 3287 ut
681 3225 831 3308 religiosa
858 3235 945 3286 reste
977 3226 1060 3284 sorte
1087 3245 1121 3284 se
1142 3223 1241 3306 indu-

136 3318 208 3385 ant,
243 3320 276 3370 et
295 3319 404 3391 postea
437 3307 696 3390 transgressionis
722 3308 910 3368 meditantes
938 3305 1112 3382 insaniam,
1145 3305 1242 3386 repli-

135 3401 222 3454 catos
253 3392 382 3452 abintus
419 3392 522 3452 clavos
554 3392 618 3452 suis
651 3388 771 3450 tunicis
802 3390 950 3466 insuunt,
989 3410 1069 3471 quos
1097 3387 1242 3448 induisse

135 3475 195 3534 sula
220 3475 276 3535 tali
310 3473 459 3533 fraudum
480 3473 755 3554 argumentatione
784 3472 991 3536 contendant.
1040 3469 1160 3552 Sicque
1184 3489 1244 3550 per

133 3555 197 3616 lroc
223 3557 419 3620 intuentium
447 3556 567 3616 fallunt
595 3556 721 3616 oculosa
756 3555 832 3637 quia
864 3554 952 3614 aliud
977 3553 1009 3613 in
1039 3551 1085 3613 eis
1112 3551 1242 3634 publice

133 3638 246 3698 videre
269 3659 335 3697 non
365 3648 516 3720 possunt,
546 3660 642 3718 quam
663 3637 751 3721 quod
773 3637 851 3700 foris
870 3637 977 3717 patula
999 3633 1147 3696 omnibus
1170 3655 1245 3714 cog-

134 3720 259 3780 nitione
291 3728 493 3790 monstratur,
553 3722 755 3802 Quapropter
783 3729 820 3779 ut
846 3720 950 3780 omnis
975 3718 1014 3779 de
1043 3725 1169 3778 caetero
1198 3717 1243 3776 si-

133 3801 274 3862 multatis
295 3812 476 3883 amputetur
502 3803 643 3881 occasio,
666 3803 699 3864 id
721 3803 896 3863 tenendum
923 3799 1084 3883 praesenti
1105 3797 1243 3860 sanctio-

137 3904 178 3944 ne
207 3883 285 3965 legis
313 3884 533 3961 decernimus,
568 3895 603 3946 ut
637 3886 787 3965 abinceps
816 3895 1028 3965 quaecunque
1062 3881 1159 3941 vidua
1181 3879 1244 3940 isto

136 3987 169 4027 se
189 3965 339 4026 fraudum
361 3977 550 4048 argumento
581 3989 732 4029 excusare
754 3967 912 4044 voluerit,
936 3975 972 4026 ut
1007 3963 1134 4026 abintus
1155 3961 1245 4022 aliud

134 4049 271 4130 replicet
295 4049 446 4130 aliudque
470 4049 616 4111 ostendat
648 4049 681 4108 in
705 4049 874 4130 superficie
899 4047 1044 4126 tunicae,
1088 4045 1151 4106 hoo
1193 4043 1244 4102 illi

135 4131 302 4212 religionis
327 4133 499 4212 deputetur
521 4131 552 4188 in
581 4126 694 4214 signo,
730 4131 817 4212 qaod
839 4151 880 4191 ex
902 4128 1162 4212 transgressionis
1185 4127 1243 4186 de-

135 4215 221 4279 lictis
249 4214 382 4280 admissa
411 4214 461 4279 uel
494 4214 603 4279 adnisa
638 4223 686 4278 est
709 4213 915 4301 argumento:
950 4213 1027 4301 quia
1056 4231 1121 4275 uon
1155 4207 1245 4295 quod
