2632 4822
363 273 591 335 morrannm·
617 271 742 334 creon
777 277 845 335 us:
859 279 907 335 rr.
1104 261 1177 342 821

68 421 270 489 voluntatem
289 415 352 482 lmc
373 419 495 482 factum
516 438 582 481 uon
604 415 740 497 luisset,
770 425 802 481 et
829 417 898 503 ipse
926 417 1090 508 widrigild
1110 445 1200 490 nour
1290 471 1292 479 «

70 514 249 590 componat.
330 505 374 569 Il.
395 503 445 584 39.
470 524 494 568 1.
676 581 678 586 Ι
749 569 753 579 ,
1130 547 1132 551 ,
1253 569 1255 574 ,

150 587 294 652 CXLIV.
321 586 468 661 .(XCI.)
510 583 545 646 Si
571 583 644 666 quis
672 581 796 649 timoris
830 581 892 644 Dei
927 581 1094 648 immemor
1119 610 1180 672 pro

69 670 246 753 cupiditate
268 677 408 744 terrena,
423 666 474 728 vel
496 676 629 750 propter
641 666 909 749 qualemcumque
923 687 1002 747 rem,
1022 670 1127 733 sciens
1145 694 1180 736 se

68 750 306 838 periuraverit,
335 759 368 812 et
397 759 508 832 postea
536 751 582 812 sic
612 748 783 812 inventum
812 755 849 814 et,
871 749 1039 833 probatum
1067 753 1180 835 fuerit,

68 837 158 919 qnod
178 833 371 916 periurasset
380 856 391 900 r
408 840 487 893 tunc
508 832 631 892 amittat
651 831 751 915 ipsam
771 852 851 910 rem,
883 833 970 894 unde
991 833 1180 916 periuravit,

69 929 102 981 et
122 917 239 982 haheat
259 936 329 976 eam
350 915 438 998 ipse,
467 915 520 976 cui
542 925 655 978 contra
674 913 833 976 rationem
859 914 1046 997 periuravit,
1088 919 1181 996 lusu·

67 1021 128 1086 por
147 997 223 1081 quia
245 998 278 1058 in
302 1020 336 1060 se
358 997 427 1080 ipso
450 1006 481 1060 et
502 998 591 1081 quod
622 997 695 1079 plus
730 997 831 1061 estin
860 998 930 1058 Deo
958 1000 1126 1079 peccarit,
1148 1009 1183 1065 et

34 1092 38 1099 '
69 1081 199 1165 negarit
219 1081 317 1143 tidem
337 1102 446 1159 suam,
469 1090 502 1140 ct
521 1079 700 1163 periuravit
726 1079 761 1138 in
783 1078 924 1154 Domino
945 1082 1016 1142 Dec
1038 1103 1116 1171 suo,
1149 1093 1182 1146 et

68 1164 195 1228 sibimet
216 1165 276 1247 ipsi
299 1185 363 1225 non
386 1162 542 1247 pepercit,
558 1169 727 1244 componat
747 1161 889 1223 medium
910 1163 1074 1249 widrigild
1087 1185 1182 1229 suum

68 1248 112 1326 ei,
135 1247 188 1309 eui
209 1246 277 1332 ipse
297 1245 477 1330 periuravit
499 1254 542 1322 v).
607 1243 723 1312 11.58.
749 1266 775 1312 1.

67 1363 117 1422 De
150 1361 343 1422 successione
370 1373 499 1444 neptae,
514 1364 605 1442 ‚quoe
635 1360 669 1421 in
694 1359 812 1445 capillo
837 1359 991 1448 moritur,
1019 1363 1128 1446 quoles
1152 1366 1184 1428 οἱ

120 1475 123 1478 -
451 1440 618 1510 succedere
649 1441 793 1522 debeant.

151 1525 274 1590 CXLV.
319 1525 485 1603 (xcn.)·
507 1525 697 1598 Recolimus
723 1526 812 1586 enim
840 1524 982 1608 qualiter
998 1523 1065 1586 iam
1087 1535 1182 1590 antea

66 1608 251 1685 statuimus,
279 1617 316 1668 ut
338 1607 365 1680 si
391 1607 464 1689 quis
491 1608 651 1670 decedens
677 1607 848 1690 reliquerit
880 1607 978 1668 filiam
1003 1629 1101 1669 uuam
1119 1620 1183 1684 aut

65 1691 188 1776 plnres,
210 1697 242 1751 et
263 1710 406 1752 sororem
426 1711 524 1750 uuam
544 1699 599 1763 aut
616 1692 725 1772 plures
746 1692 780 1751 in
796 1690 926 1773 capillo,
946 1700 982 1751 ut
1001 1693 1122 1774 pariter
1138 1703 1201 1756 at·-

68 1794 131 1856 que
160 1773 339 1854 aequaliter
365 1784 488 1834 sorores
522 1780 554 1833 et
580 1773 665 1833 filiae
694 1773 801 1835 eidem
828 1772 1001 1836 succedere
1032 1774 1200 1844 debeant.v

68 1857 111 1919 Et
131 1855 158 1916 si
180 1855 323 1915 sororio
346 1855 466 1937 capillo
491 1855 686 1933 decesserit,
713 1878 821 1933 soror,
842 1875 935 1938 ,quae
969 1858 1181 1936 remanserit,

69 1937 219 2000 similiter
244 1937 345 1998 sorori
371 1937 531 1998 succedat.
573 1938 772 2012 Modorero
798 1938 876 2022 quia
901 1938 1040 1999 intentio
1070 1950 1181 2014 exorta

69 2029 117 2082 est
142 2019 228 2080 inter
251 2020 365 2080 fratres
390 2029 422 2102 et
446 2041 571 2081 sorores
595 2021 635 2081 de
669 2031 765 2105 nepta
792 2043 925 2099 earum,
957 2041 1040 2102 quae
1064 2021 1098 2080 iu
1126 2044 1182 2083 ca-

68 2103 150 2186 pillo
175 2112 300 2171 mortue
322 2102 433 2179 luerit,
456 2103 697 2166 altercationem
721 2113 895 2187 ponentes,
911 2103 942 2164 ei
975 2102 1047 2192 quis
1073 2112 1188 2168 succe?

69 2186 146 2246 dere
169 2184 302 2262 debeat,
324 2185 501 2263 statuimus,
526 2194 563 2245 ut
583 2185 742 2255 barbanus
765 2187 847 2264 cius,
867 2186 901 2246 in
927 2185 1019 2253 cuius
1046 2189 1182 2250 mundio

68 2266 182 2346 fuerit,
202 2267 268 2349 ipse
294 2265 328 2331 ei
341 2269 496 2334 ‘succedat
521 2267 560 2328 inr
582 2269 650 2328 eius
671 2268 867 2351 portionem,
903 2269 983 2328 Nam
1001 2269 1114 2331 amitae
1132 2278 1182 2346 w)

70 2350 138 2411 eius
167 2349 207 2410 de
229 2349 329 2431 ipsius
354 2350 501 2431 portione
522 2349 606 2410 nihil
625 2351 822 2434 percipient,¹
842 2349 905 2411 nisi
930 2359 1054 2411 tanturn
1081 2351 1183 2414 habe-

71 2441 139 2510 ant,
160 2441 318 2512 quantum
337 2433 363 2494 si
387 2433 460 2491 viva
483 2434 596 2494 fuisset
610 2433 678 2514 ipsa
697 2435 801 2517 neptis
822 2455 940 2494 earum.
996 2433 1039 2497 ΙΙ.
1066 2436 1110 2511 14.
1133 2435 1183 2502 26.

7 2515 10 2525 '
156 2515 294 2580 CXLVI.
337 2514 504 2590 (XClll.)
545 2515 580 2574 si
603 2514 676 2596 quis
696 2513 858 2582 invenerit
879 2514 1015 2576 liberam
1038 2519 1181 2598 puellam

54 2605 129 2666 *aut
148 2597 318 2662 mulierem
346 2618 405 2680 per
429 2612 575 2678 campum
604 2619 700 2672 suum
725 2598 915 2660 seminatum
947 2598 1182 2680 ambulantem,

72 2688 106 2742 et
133 2679 217 2743 viem
238 2677 460 2756 indicantem,
485 2679 636 2762 pignoret
661 2702 756 2758 eam,
779 2689 811 2746 et
830 2690 977 2764 parentes
1008 2690 1064 2741 aut
1088 2686 1183 2746 Mun-

71 2763 209 2826 dualdus
238 2771 409 2845 componat
430 2782 489 2844 pro
516 2762 584 2843 ipsa
610 2765 721 2844 puella
746 2764 840 2825 solid.
869 2763 926 2830 VI.
946 2771 988 2838 cc)
1014 2764 1100 2826 sicut
1126 2767 1182 2828 lex

71 2852 129 2909 est.
169 2845 248 2906 Nam
271 2845 297 2906 si
320 2846 419 2927 ipsam
442 2843 715 2925 comprehendere
737 2847 983 2928 praesumserit,
1017 2849 1112 2919 etad
1133 2870 1183 2910 ca·
1242 2887 1246 2894 ·

71 2949 138 2992 sam
158 2948 248 3000 suam
268 2927 397 3011 ligatam
418 2936 474 2987 aut
494 2927 743 2989 submanicatam
755 2934 792 3006 yl
809 2929 993 3007 adduxerit,
1013 2939 1186 3012 componat

71 3008 166 3070 solid.
188 3007 225 3073 C.
247 3019 288 3078 z)
311 3010 453 3081 medium
475 3009 566 3098 Regi,
588 3017 620 3075 et
640 3011 783 3072 medium
806 3012 898 3072 cuius
920 3032 1030 3072 caussa
1054 3021 1120 3073 cst:
1136 3013 1183 3074 sic

71 3099 179 3150 tamen
205 3099 241 3150 ut
262 3091 319 3150 illa
346 3087 596 3173 compositi'o'de
621 3094 678 3155 Vl.
699 3094 791 3158 solid.
815 3094 848 3153 in
870 3093 932 3154 illa,
949 3094 1182 3175 compositione

71 3179 286 3252 computetur,
327 3174 423 3251 Quod
445 3175 471 3233 si
492 3174 635 3258 pulsatus
655 3176 755 3237 fuerit
780 3177 849 3253 ille,
871 3174 906 3235 in
929 3175 1024 3236 cuius
1046 3177 1182 3237 mundio

72 3263 120 3323 est
139 3254 257 3315 mulier
277 3263 332 3315 aut
361 3257 491 3337 puella,
518 3256 577 3340 qui
603 3267 669 3319 asto
694 3259 801 3318 animo
829 3267 862 3317 et
891 3257 1006 3340 iniquo
1029 3259 1183 3325 feminam

72 3337 173 3420 ipsam
195 3336 359 3400 ambulare
382 3359 440 3421 per
466 3337 606 3398 laborem
637 3339 768 3420 alterius
792 3339 942 3416 fecisset,
971 3351 1008 3402 ut
1033 3340 1062 3402 ei
1095 3363 1185 3402 com·

72 3430 229 3502 poneret,
258 3428 338 3480 tunc
366 3418 516 3501 praebeat
540 3432 793 3499 sacramentum,
822 3421 910 3502 quud
936 3443 1002 3482 nun
1025 3424 1195 3504 cupidita*-

72 3513 138 3564 tem
164 3501 312 3570 habendo
335 3502 374 3563 de
401 3501 631 3584 compositione
650 3505 719 3582 ista,
741 3513 812 3566 asto,
829 3503 936 3563 animo
959 3527 1018 3588 per
1042 3499 1185 3574 laborem

73 3583 186 3665 ipsius,
206 3585 306 3668 ipsam
332 3583 485 3652 feminam
508 3583 670 3646 ambulare
697 3607 761 3647 non
787 3585 930 3664 fecisset,
948 3608 1011 3650 -nec
1033 3587 1184 3651 damnum

73 3677 139 3726 asto
165 3667 455 3740 animc'faciendo.
507 3667 549 3727 Et
574 3667 601 3726 si
632 3667 802 3747 iuraverit,
832 3678 911 3732 tunc
937 3669 1004 3750 ipse
1029 3673 1085 3752 qui
1114 3693 1185 3737 eam

74 3749 349 3832 comprehendere
374 3749 610 3832 praesumserit,
635 3761 806 3833 componat
821 3751 917 3824 solid,
942 3753 999 3818 (λι
1023 3765 1055 3814 et
1082 3754 1109 3816 si
1133 3755 1185 3816 iu·

8 3869 10 3873 -
73 3853 144 3898 rare
168 3852 234 3899 nou¹
256 3828 412 3914 potuerit,
431 3839 577 3913 parentes
597 3842 652 3893 aut
668 3833 887 3900 Mundualdus
914 3834 1015 3917 ipsius
1031 3837 1184 3916 feminae,

72 3924 109 3977 ut
131 3935 227 3999 supra
248 3913 371 3983 dictum
392 3923 459 3994 est,
487 3925 657 3998 componat
686 3917 785 3986 solid,
802 3915 861 3988 VI.
881 3937 940 4000 pro
960 3917 1012 3982 ria
1026 3919 1205 4004 iudicata,-

100 4169 105 4180 ι
142 4185 174 4253 v)
192 4187 244 4236 Un.
263 4185 330 4238 eod.
350 4185 444 4240 addit:
461 4199 488 4238 st
504 4203 613 4238 monum
629 4185 737 4255 perdat.
812 4189 854 4256 w)
874 4187 913 4240 ll.
934 4188 1020 4244 codd.
1041 4194 1185 4246 omitonss.

72 4256 108 4327 s)
127 4257 168 4310 dl.
188 4257 272 4310 Cocld.
292 4257 342 4343 sol.
361 4256 422 4312 XX.
454 4259 488 4326 y)
506 4257 820 4314 Heroidsoumatinom.
858 4260 890 4329 a)
908 4257 955 4314 Al.
975 4261 1066 4342 codd.
1085 4264 1199 4313 sumt.
1269 4272 1273 4284 ·
