2632 4822
99 203 174 284 750
346 265 350 272 .
459 225 626 280 euterun
660 225 838 282 torulus

183 361 419 430 cchxxtv.
461 367 510 427 De
539 365 611 427 aliis
641 387 720 428 vero
749 368 890 446 caussis,
922 369 1014 432 uude
1045 367 1173 446 liberi,
1202 383 1231 434 ct

99 447 188 515 servi
219 449 359 510 aliorum
386 447 555 510 hominum
582 449 735 515 DCCCC.
758 452 938 513 solidorum
959 451 1094 514 fuerint
1115 455 1231 536 culpa-

97 534 200 610 biles,
237 531 269 592 id
293 541 340 592 est
361 530 401 591 de
423 531 560 592 muliere
589 531 712 610 libera,
742 533 768 593 si
791 533 821 593 ei
845 535 877 594 iu
911 535 962 596 via
993 537 1229 613 antesteterit‚

98 625 153 680 aut
174 614 327 675 iniuriam
347 613 479 690 lecerit,
505 635 564 676 seu
585 615 625 676 de
654 616 803 700 gregibus
829 637 991 699 equorum
1021 626 1081 678 aut
1112 641 1229 701 porco·

99 696 485 842 '“t1tlt⁰tt³²³tatt‘
506 697 995 842 iiiiiiiiffi‘ii'ffi‘itiiu‘i‘
1019 701 1113 844 i¹¹d³
1138 723 1228 845 'iii'

98 784 342 940 ddtdstituimus',
365 801 590 946 servusdlegis
612 865 638 925 si
660 826 787 943 federit,
808 803 940 926 inimic
958 803 1226 928 tguaeocingupgaq

97 947 298 1044 periculum,
332 956 366 1010 et
393 943 545 1012 DCCCC.
566 946 662 1009 solidi
684 968 750 1008 nou
772 948 984 1039 requirantur
1004 971 1026 1009 a
1049 960 1146 1012 curte
1167 953 1225 1013 Re-

99 1051 158 1114 gm·
185 1028 407 1178 (ngiGJXQXV.
450 1110 484 1171 Si
508 1131 619 1174 semus
639 1111 735 1194 Regis
756 1111 880 1175 furtum
897 1114 1035 1192 fecerit,
1061 1124 1096 1178 et
1120 1115 1224 1200 deprc-

99 1193 221 1257 hensus
242 1195 360 1274 fuerit,
394 1193 511 1256 reddat
539 1194 574 1254 in
597 1195 761 1278 actogild,
792 1206 825 1258 et
853 1219 919 1260 uon
947 1198 991 1260 sit
1023 1199 1165 1283 fegangi
1185 1198 1223 1284 o).

29 1283 31 1290 ’
100 1277 127 1340 Ῑ.
150 1277 199 1340 36.
221 1277 252 1340 3.

187 1357 417 1425 cchxxvt.
460 1359 494 1421 Si
517 1381 629 1422 servus
649 1359 745 1444 Regis
765 1361 904 1424 hoberus
932 1369 982 1446 p)
1005 1373 1066 1425 aut
1088 1385 1226 1426 vecovo-

29 1447 31 1522 J
99 1444 152 1506 rin
175 1447 227 1524 q),
250 1464 308 1506 ssu
330 1443 559 1525 meravorphin
581 1452 613 1516 r)
633 1453 688 1504 aut
710 1445 805 1505 aliam
826 1446 1004 1527 quamlibet
1026 1447 1164 1530 culpam
1177 1445 1226 1506 mi-

101 1547 216 1588 norem
236 1525 370 1604 fecerit,
404 1525 448 1585 ita
471 1535 643 1610 componat
672 1527 758 1590 sicut
779 1529 818 1590 de
841 1529 940 1592 scrvis
966 1529 1114 1592 aliorum
1138 1552 1226 1594 exer·

102 1609 248 1672 uitalium
271 1610 438 1670 decretum
460 1617 516 1674 est.
560 1609 584 1669 1.
607 1609 655 1670 56.
678 1611 708 1687 4,
800 1671 805 1680 ,

187 1689 441 1758 CCCLXXVll.
484 1693 518 1754 si
553 1691 626 1772 quis
650 1692 855 1754 Sculdasium
882 1703 939 1755 aut
966 1702 1115 1756 actorem
1137 1696 1225 1778 Regis

102 1772 279 1851 occiderit,
303 1775 474 1836 utilitatem
497 1775 593 1855 Regis
617 1774 809 1855 facientem,
839 1778 1042 1860 appretiatur
1063 1800 1126 1859 pro
1150 1778 1227 1838 libe-

102 1880 141 1921 ro
162 1857 294 1918 homine
314 1858 398 1918 sicut
426 1859 458 1918 in
489 1855 595 1919 edicto
629 1857 767 1940 legitur,
805 1868 838 1919 et
865 1859 1053 1942 parentibus
1077 1861 1227 1944 legitimis

103 1951 336 2022 componatur:
367 1949 502 2023 excepto
526 1939 614 2022 quod
638 1941 671 2000 iu
701 1952 791 2004 curte
814 1943 927 2024 Regis,
959 1944 1017 2024 qui
1044 1965 1123 2004 eum
1146 1945 1231 2006 occi-

104 2025 210 2102 derit,
234 2031 406 2106 componat
426 2023 546 2085 solidos
567 2019 700 2084 LXXX.
728 2025 770 2084 Et
795 2024 822 2086 si
853 2047 926 2086 eom
956 2026 1149 2105 battiderit,
1179 2037 1231 2089 aut

102 2108 274 2192 ligaverit,
309 2106 408 2167 simili
437 2107 532 2167 modo
566 2116 778 2188 componatur
805 2128 865 2189 pro
893 2109 997 2170 libero
1018 2108 1157 2172 homine
1179 2132 1227 2172 se·

103 2192 249 2254 cundum
279 2188 443 2250 nationem
471 2211 578 2267 suam,
615 2190 699 2250 sicut
728 2189 760 2249 iu
784 2191 890 2254 edicto
920 2191 1137 2253 constitutum
1166 2202 1229 2254 est:

104 2283 241 2356 excepto
264 2271 297 2334 in
320 2283 410 2333 curte
432 2272 528 2357 Regis
549 2273 590 2334 sit
611 2271 781 2353 culpabilis
806 2275 898 2339 solid.
919 2273 1053 2339 LXXX.
1096 2279 1169 2355 Ι“.·9.
1187 2276 1229 2340 16.

187 2355 456 2418 cchxxvttt.
500 2355 533 2416 Si
555 2356 748 2434 castaldius,
770 2364 824 2416 aut
846 2357 1001 2438 quislibet
1022 2367 1116 2422 actor
1135 2359 1229 2441 Regis

103 2448 175 2522 post
195 2447 359 2520 susceptas
379 2447 412 2499 et
441 2438 621 2500 commissas
653 2438 714 2500 sibi
747 2438 787 2498 ad
820 2441 1071 2522 gubernandum
1102 2452 1227 2518 curtes,

104 2531 161 2582 aut
176 2544 261 2583 casas
272 2521 389 2604 Regis,
411 2520 535 2604 aliquid
550 2543 609 2605 per
621 2520 788 2604 garathinx
813 2534 865 2599 a),
897 2522 930 2581 id
953 2533 1000 2584 est
1018 2524 1230 2586 donationem

105 2604 145 2664 ab
172 2605 237 2665 alio
264 2624 470 2686 quocumque
492 2605 608 2664 factam
643 2601 874 2683 conquisierit,
901 2604 943 2666 sit
964 2604 1014 2665 illi
1037 2607 1175 2684 stabile,
1204 2607 1231 2669 si

104 2709 164 2770 per
186 2687 445 2770 praeceptionem
467 2685 691 2767 indulgentiae
712 2686 807 2767 Regis
830 2688 863 2748 in
887 2709 962 2747 eum
983 2689 1086 2750 fuerit
1109 2689 1232 2752 confir-

105 2782 236 2835 matum.
272 2768 430 2848 Alioquin
452 2765 635 2850 quidquid,
658 2778 693 2829 ut
719 2790 815 2848 supra
838 2771 1053 2843 dictumest,
1077 2782 1233 2854 postsus·

105 2861 232 2936 ceptam
254 2851 569 2912 administrationem
590 2871 649 2933 per
672 2851 844 2934 garathinx
866 2853 1073 2936 acquisierit,
1095 2854 1158 2914 hoc
1182 2865 1233 2915 to·

104 2945 175 2997 tum
195 2934 276 3018 Regi
299 2932 463 3016 acquirat,
488 2940 519 2993 et
542 2954 608 2993 nou
631 2933 672 2996 ad
691 2956 785 2996 suum
799 2937 964 3018 proprium
987 2935 1233 3000 nomeuriudi·

105 3030 159 3083 cet
179 3040 242 3080 uec
268 3018 356 3099 ipse,
379 3036 441 3078 nec
470 3015 564 3076 heres
587 3015 665 3081 eius.
708 3017 752 3082 ll.
779 3039 823 3099 ¹7·
852 3039 876 3077 r.
1116 3013 1119 3020 ’

191 3099 413 3164 CCCLXXIX.
456 3098 574 3160 Nullus
611 3110 792 3181 praesumat
820 3100 936 3164 aldium
971 3101 1131 3182 alienam,
1176 3113 1234 3165 aut

108 3187 261 3250 ancillam
281 3182 372 3266 quasi
402 3184 551 3265 strigam,
595 3204 692 3264 quam
725 3184 844 3266 vulgus
880 3183 975 3261 dicit,
1007 3195 1062 3246 aut
1092 3208 1232 3249 mascam

106 3270 275 3332 occidere:
307 3265 396 3349 quod
417 3264 601 3328 christianis
632 3266 793 3328 mentibus
817 3267 1001 3328 nullatenus
1024 3278 1072 3330 est
1094 3270 1232 3330 creden-

109 3356 205 3431 dum,
241 3372 302 3411 nec
328 3348 480 3432 possibile
504 3357 571 3424 est,
600 3356 637 3408 ut
654 3348 773 3409 mulier
793 3347 958 3409 homiuem
980 3351 1092 3411 vivum
1116 3354 1235 3414 intrin-

109 3457 201 3512 secus
221 3432 320 3518 possit
341 3433 521 3496 comedere.
564 3429 597 3490 si
617 3431 689 3513 quis
713 3432 868 3513 deinceps
896 3433 992 3493 talem
1014 3434 1165 3496 illicitam
1197 3438 1255 3497 ac'

110 3521 285 3581 nefandam
305 3538 375 3579 rem
394 3524 580 3600 perpetrare
601 3514 872 3598 praesumpserit,
903 3515 930 3576 si
951 3515 1069 3577 aldiam
1099 3519 1236 3582 occide-

127 3700 340 3716 m

179 3787 214 3851 o)
232 3784 273 3839 Al.
293 3777 520 3854 Coddfirgandi.
557 3777 821 3850 Herold.,fegangit.
859 3779 947 3832 Gloss.
964 3779 1014 3831 int.
1031 3781 1051 3834 ἰ.
1077 3797 1099 3832 e.
1118 3783 1233 3835 nonsit

109 3856 258 3927 culpabilis
276 3867 308 3905 ut
323 3856 452 3923 privatus
467 3853 511 3900 sit.
547 3854 588 3916 p)
607 3849 652 3900 sic
669 3848 778 3901 Herold.
815 3849 857 3902 dl.
877 3850 962 3902 Codd.
984 3850 1082 3902 cheros
1089 3871 1100 3916 ,·
1120 3853 1231 3905 obem,

111 3927 199 3980 Gloss.
227 3941 309 3989 marg.
335 3925 352 3973 ἰ.
378 3939 401 3975 e.
427 3922 513 3972 curtis
535 3929 663 3985 ruptura.
735 3920 764 3990 q)
788 3919 832 3971 At.
853 3921 937 3972 Codd.
957 3921 1111 3988 wccorinr,·
1141 3940 1235 3976 waco-

110 3999 179 4062 rin,·
204 3995 382 4051 weruvorint.
419 3989 529 4041 Herold.
558 4003 710 4054 vuegorem.
746 3990 833 4042 Gloss.
860 4007 940 4056 marg.
960 3992 977 4042 i.
999 4009 1021 4042 e.
1046 3992 1237 4060 insensatu.

110 4085 169 4120 ΜΒ·
223 4065 258 4135 Υ)
276 4065 319 4118 Al·
346 4056 651 4182 Codddlmaravogfln,
673 4057 913 4183 marthWfiJf
931 4060 1127 4182 mprltporplzin.
1176 4063 1238 4146 lle.

110 4131 399 4275 :lautam
418 4143 734 4269 hastarum
