2648 4874
108 291 187 370 tot
301 309 406 366 naurs
422 301 804 366 nasammonas-aru
823 303 862 362 rs
888 257 960 364 rm
980 304 1033 370 nr.

108 455 169 519 bus
183 449 425 516 necessitatibus
444 457 507 511 aut'
519 447 656 532 negotiis
674 464 829 532 expensas
854 447 990 525 lecerit,
1019 448 1104 509 facta
1124 466 1217 546 prae·

108 547 200 602 sente
225 535 332 596 iudice
350 533 486 609 ratione,
501 531 541 592 de
561 550 599 592 ea
618 548 702 613 quae
723 530 799 611 ipsis
820 551 839 590 a
858 541 948 613 patre
972 552 1150 592 communis
1166 553 1217 593 re·

110 622 187 681 licta
211 627 258 678 est
283 613 480 691 substantia,
501 613 591 695 quod
617 613 830 696 expenderit,
853 623 1077 694 consequatur.
1119 613 1219 692 Quod

108 703 137 766 si
157 703 272 766 fratres
292 698 361 760 eius
380 696 491 759 aetatis
508 694 562 758 rel
584 695 691 758 meriti
712 715 777 756 nou
802 695 948 772 luerint,
971 697 1029 779 qui
1053 695 1219 758 defensio-

109 805 185 846 uem
206 781 384 862 suscipiant
409 779 618 857 orfanorum,
644 787 723 838 tunc
750 786 882 860 patruus
906 778 958 839 uel
986 777 1091 860 patrui
1119 779 1219 854 iilius,

108 866 242 942 tutelae,
264 863 394 946 qualem
409 861 449 923 de
466 859 618 924 fratribus
629 859 868 934 constituimus,
880 861 1100 922 conditionem
1120 861 1219 924 susci·

108 949 187 1036 piat.
229 946 327 1027 Quod
356 944 383 1007 si
409 963 469 1006 nec
498 953 649 1026 patruus,
678 964 739 1003 nec
768 942 874 1026 patrui
899 942 1005 1021 iilius,
1029 943 1088 1026 qui
1121 943 1152 1005 di
1178 962 1220 1004 ns

93 1031 243 1093 'tutelam
269 1025 445 1110 suscipiant
465 1028 671 1104 orfanorum,
697 1025 841 1103 suerint,
867 1032 944 1086 tuuc
969 1034 1058 1088 tutor
1085 1025 1127 1085 ab
1147 965 1219 1086 ediis

108 1112 297 1200 parentibus
322 1109 356 1169 iu
376 1109 558 1191 praesentia
578 1107 694 1170 iudicis
721 1107 874 1190 eligatur:
896 1115 928 1168 ct
956 1109 1024 1172 sive
1048 1118 1150 1170 mater
1164 1117 1221 1168 tu-

109 1197 227 1272 telam,
244 1193 323 1255 sive
346 1193 536 1275 quicunque
556 1189 745 1273 susceperit,
768 1189 990 1274 praesentibus
1013 1191 1147 1253 testibus
1166 1187 1220 1251 vel

133 1275 303 1361 ropinquis
332 1274 373 1335 de
403 1273 551 1336 omnibus
578 1274 674 1336 rebus
700 1292 779 1355 quas
811 1283 903 1355 pater
926 1272 1079 1354 reliquit,
1110 1271 1219 1333 brevis

109 1301 214 1422 lactus
246 1356 343 1420 trium
371 1354 424 1418 vel
453 1356 600 1438 quinque
629 1356 760 1417 testium
789 1355 1025 1436 subscriptione
1058 1356 1221 1420 firmeturz

112 1450 145 1504 et
164 1439 387 1522 praesentibus
411 1437 488 1522 ipsis
519 1439 578 1520 qui
605 1437 646 1500 ad
668 1438 802 1500 brevem
830 1437 1016 1500 faciendum
1048 1447 1146 1501 testes
1171 1437 1221 1496 iu·

111 1521 304 1594 tersuerint‚
324 1520 486 1604 Episcopo
514 1529 570 1581 aut
589 1519 796 1604 presbytero,
825 1541 921 1602 quem
941 1530 1090 1602 parentes
1112 1519 1223 1602 elege-

111 1607 189 1683 rint,
217 1603 323 1666 breris
345 1603 605 1680 commendetur,
628 1603 807 1666 minoribus
835 1603 912 1664 dum
940 1603 1142 1666 adoleverint
1168 1622 1225 1662 re-

112 1687 311 1754 formandus.
330 1757 333 1763 ¹
354 1688 538 1750 statuentes
565 1686 676 1765 etiam,
698 1693 735 1746 ut
762 1685 898 1766 siquae
925 1695 1037 1748 contra
1061 1687 1224 1746 minorum

112 1789 274 1854 personas,
298 1768 447 1830 adversae
475 1768 671 1830 accesserint
700 1767 867 1847 actiones,
897 1765 949 1829 his
984 1768 1223 1830 intentionibus

111 1863 200 1914 tuter
221 1851 247 1914 si
267 1851 412 1935 elegerit,
434 1851 548 1913 debeat
565 1871 676 1936 parare
690 1869 891 1933 responsum.
911 1853 1005 1934 Certe
1025 1852 1052 1914 si
1067 1850 1230 1932 neglexe-.

113 1937 178 2012 rit,
206 1934 366 2016 repetenti
389 1953 471 2015 quae
491 1934 669 2016 postulata
694 1933 802 1996 iudice
823 1933 1047 2010 restituantur:
1070 1933 1157 1995 salve
1174 1942 1226 1992 ta-

115 2037 190 2082 men
215 2017 376 2078 minorum
403 2017 543 2100 negotio,
568 2017 645 2079 dum
673 2017 897 2095 adoleverint,
927 2017 968 2076 ad
990 2017 1151 2100 integrum
1170 2035 1230 2077 rev·

114 2101 294 2166 formando.
329 2099 390 2162 Ille
413 2121 490 2162 vero
505 2099 562 2181 qui
583 2101 624 2162 ad
643 2121 793 2182 praeseus
811 2121 880 2161 rem
901 2099 1004 2182 ipsam
1019 2111 1127 2184 petere
1145 2119 1224 2159 coe-

113 2191 219 2267 perat;
241 2182 323 2242 siin
349 2182 490 2263 iudicio,
518 2184 594 2243 dum
623 2182 690 2264 ipse
711 2183 818 2243 minor
835 2180 1022 2260 adoleverit,
1046 2183 1222 2244 abeodem

112 2265 213 2330 fuerit
240 2265 365 2338 victus,
395 2265 430 2326 id
453 2265 543 2346 quod
565 2273 748 2348 acceperat,
781 2287 855 2327 cum
881 2275 1112 2328 retroactorum
1138 2276 1223 2327 tem-

113 2369 228 2430 porum
255 2347 413 2409 fructibus
439 2348 504 2410 sire
531 2347 691 2424 servitiis,
719 2347 781 2432 ipsi
815 2346 933 2409 minori
962 2357 1016 2409 aut
1035 2348 1226 2431 parentibus

115 2429 203 2503 eius,
236 2449 294 2490 seu
326 2430 367 2490 ad
388 2451 485 2511 quem
508 2430 576 2513 ipsa
602 2433 738 2492 facultas
761 2430 845 2493 iuste
869 2431 1053 2509 transierit,
1085 2431 1139 2494 rel
1170 2428 1224 2490 cui

116 2512 234 2574 collata
253 2512 363 2589 luerit,
381 2511 602 2573 indubitanter
620 2514 780 2575 restituat:
802 2533 861 2596 pro
879 2513 1140 2596 praesumptione
1159 2533 1227 2587 suu,

114 2594 191 2675 quia
212 2594 302 2672 quod
323 2594 357 2654 in
379 2594 500 2656 iudicio
521 2595 658 2678 petierat
677 2595 840 2658 vindicare
863 2617 930 2656 non
952 2592 1070 2675 valuit,
1093 2597 1226 2675 insuper

112 2677 157 2740 X.
177 2675 298 2738 solidos
319 2687 448 2739 coactus
471 2679 624 2740 exsolvat.
676 2681 757 2740 Nam
785 2689 819 2744 et
838 2678 864 2740 si
892 2687 981 2740 tutor
1000 2700 1058 2762 pro
1080 2678 1229 2762 pupillo-

114 2781 188 2820 rum
210 2757 309 2819 lucris
330 2760 383 2820 vel
405 2781 517 2821 eorum
537 2762 634 2822 rebus
657 2760 858 2824 intercedere
886 2763 938 2824 rel
953 2769 1089 2824 'causare
1112 2759 1228 2824 roluc-

113 2841 166 2918 rit,
187 2841 319 2902 licentia
341 2842 391 2903 illi
413 2843 589 2905 indubitata
611 2845 761 2906 manebit.
804 2844 901 2923 Quod
921 2843 948 2904 si
971 2845 1098 2928 negotia
1117 2842 1228 2927 pupil-

114 2919 241 3002 lorum,
264 2924 460 3008 negligentia
479 2926 595 2988 tutoris
614 2927 737 2989 fuerint
756 2926 864 2988 vitiata
884 2926 937 2988 vel
961 2927 1144 3009 deperdita,
1165 2941 1236 3008 pu«

8 3080 9 3086 ἵ
115 3003 272 3095 pillarum
293 3028 333 3071 ea
351 3029 430 3084 voce
451 3010 492 3070 ad
513 3012 658 3092 futurum
677 3010 895 3092 permittimus.
913 3011 1104 3094 reparanda.

427 3140 485 3206 IV.
547 3161 608 3204 ras.
648 3162 714 3204 cas.
753 3161 839 3206 scus.
879 3151 949 3203 aar.

136 3255 185 3320 Ne
213 3267 332 3320 tutores
352 3255 391 3317 ab
420 3255 487 3333 lais,
525 3275 603 3340 quos
623 3255 658 3315 in
686 3257 818 3316 tuitione
840 3255 973 3328 habent,
1008 3273 1210 3338 quascunque

366 3339 537 3420 scripturus
559 3349 748 3418 extorquere
765 3349 979 3422 praesumant.

199 3422 285 3481 Dum
305 3421 467 3480 minorum
497 3429 582 3481 aetas
604 3420 638 3478 in
669 3419 762 3481 anuis
790 3419 1004 3503 pupillaribus
1035 3417 1231 3496 constituta,

118 3525 180 3566 nec
202 3523 257 3580 se,
286 3525 348 3564 nec
373 3504 458 3564 bona
480 3526 537 3564 sua
558 3523 669 3582 regere
689 3502 811 3586 possit,
830 3503 915 3564 bene
947 3501 1071 3586 legibus
1101 3511 1149 3562 est
1171 3499 1233 3561 ‹le-²

120 3595 264 3662 cretum,
287 3609 341 3648 eos
363 3595 396 3648 et
422 3583 481 3647 sub
502 3585 664 3647 tutoribus
697 3607 787 3664 esse,
820 3593 854 3646 et
878 3584 911 3645 in
941 3606 1055 3644 eorum
1093 3581 1231 3664 negotiis

119 3669 207 3750 quod
240 3669 348 3730 statuti
375 3667 453 3728 anni
486 3669 622 3732 debeant
650 3667 837 3750 computari.
882 3667 965 3745 Quia
993 3689 1068 3727 uero
1097 3665 1230 3748 quidam

117 3760 252 3827 tutores,
272 3759 326 3811 aut
340 3749 558 3832 persuasione,
580 3757 635 3812 aut
649 3750 871 3835 indignatione
894 3748 1153 3813 circumveniunt
1173 3767 1231 3809 eos

120 3855 202 3914 quos
222 3835 305 3894 tueri
329 3832 501 3914 gratissime
525 3835 720 3912 debuerant,
744 3844 776 3896 et
796 3833 954 3896 derebus
975 3831 1159 3894 reddendae
1176 3853 1229 3890 ra-

118 3915 218 3976 tionis
241 3917 427 3978 securitates
446 3915 628 3997 accipiunt,
656 3917 709 3979 vel
731 3923 817 3978 certe
841 3914 1036 3978 diversarum
1062 3913 1231 3996 obligatio-

121 4020 200 4058 num
227 4000 398 4081 scripturas
419 4000 458 4059 ab
481 3998 546 4061 illis
569 3998 741 4084 exigendas
769 3997 942 4076 insistunt,
981 4020 1046 4082 quo
1075 3994 1231 4058 extinctis

120 4083 254 4144 vocibus
277 4104 406 4158 eorum,
439 4079 520 4163 quae
552 4082 618 4144 illis
654 4090 842 4167 competunt
864 4104 1032 4166 nunquam
1064 4079 1231 4160 inquirere

121 4167 173 4226 rel
195 4166 339 4246 recipere
365 4163 608 4244 permittantura
623 4171 625 4176 '
639 4165 723 4242 ideo,
751 4175 788 4227 ut
814 4165 958 4226 melioris
983 4161 1141 4226 mercedis
1153 4183 1233 4246 par-

120 4259 187 4316 tem
214 4257 322 4313 nostra
343 4244 517 4313 clementia
538 4259 774 4336 consequatur,
805 4249 882 4314 dum
905 4256 1144 4338 competentem
1170 4263 1232 4307 ou-
