2632 4822
57 245 132 330 ⁷74
344 273 561 330 ereremum
590 274 714 328 aeona
758 277 823 328 nis.
842 277 873 330 v.

58 412 99 475 de
121 408 179 472 illa
199 409 350 490 civitate,
372 412 460 476 unde
483 413 550 496 ipse
572 423 637 494 est,
667 415 723 496 qni
746 413 880 477 wadiam
901 411 1012 490 dedit,
1043 419 1105 472 aut
1125 428 1181 472 un*

57 495 99 558 de
120 493 188 577 ipse
210 503 275 571 est,
298 494 355 575 qui
377 499 528 579 suscepit.
568 499 611 559 Et
627 495 661 570 si
675 496 719 558 ibi
733 497 868 558 minime
884 493 1015 556 inventi
1039 493 1179 574 fuerint,⁴

56 587 137 638 tune
162 576 324 658 suscipere
347 577 463 639 debeat
485 580 573 662 ipse,
606 579 663 660 qui
687 581 823 642 warliam
844 577 986 658 accepit,
1011 577 1179 638 fideiusso·

55 681 125 722 rem
148 659 289 720 liberum
320 658 507 737 hominem,
549 683 647 743 quem
673 663 872 723 conlibertus
904 661 975 720 eius
1005 660 1179 741 cognitum

55 741 188 819 habeat,
223 747 256 801 et
277 741 365 804 dicat
384 742 433 803 ei:
455 743 523 824 Ego
554 748 642 817 reio,
678 747 752 826 quin
779 746 810 805 ei
839 741 972 804 credere
991 755 1110 824 potes;
1143 750 1177 800 ut

13 845 15 851 ·
54 823 257 969 h0m06ille‚
278 824 337 908 qui
357 824 493 887 wadiam
514 826 624 906 dedit,
658 826 811 888 damnum
838 845 905 887 nou
925 824 1082 910 patiatur.
1133 823 1178 891 11.

56 927 107 974 21.
132 929 143 967 1
171 957 180 974 .

338 1022 388 1083 De
409 1021 618 1086 annexestata
638 1036 669 1086 et
679 1021 887 1108 fideiussore.
1107 1086 1111 1096 .

126 1125 291 1194 ¹XXXIX.
333 1123 409 1212 (X.)
451 1127 486 1188 Si
518 1128 591 1209 quis
631 1128 688 1188 ulii
722 1127 848 1189 homiui
874 1127 1013 1190 wadiam
1046 1125 1173 1191 dederit

55 1231 115 1294 pro
137 1229 341 1292 quacumque
362 1231 489 1287 caussa,
517 1219 550 1271 et
575 1210 794 1274 fideiussorem
806 1211 975 1354 posuerit,
993 1219 1041 1288 ¹et
1064 1220 1173 1294 postea

54 1292 117 1375 ipsi
139 1293 318 1356 fideiussori
340 1291 556 1367 antesteterit,
599 1303 655 1354 aut
692 1295 784 1376 ignes
829 1315 966 1358 emuuu
985 1294 1123 1373 tulerit,
1143 1300 1173 1356 et
1247 1302 1248 1305 ’

53 1377 225 1460 probatum
245 1376 362 1454 fuerit,
385 1383 556 1458 componat
575 1376 634 1440 sol.
686 1379 724 1442 X.
766 1377 948 1458 ll.ur.17.
1175 1412 1179 1426 ι

137 1457 206 1520 XL.
248 1458 341 1534 (xl.)
383 1458 418 1518 si
450 1458 524 1543 quis
552 1458 608 1518 alii
632 1458 758 1519 homini
791 1459 929 1519 wadiam
958 1459 1111 1537 dederit,
1141 1467 1172 1522 el

55 1539 275 1602 fideiussorem
307 1540 473 1622 posuerit,
502 1548 534 1599 et
555 1541 622 1622 ipse
644 1541 813 1604 fideiussor
834 1563 909 1602 eum
935 1541 1171 1625 pigneraverit,

55 1634 88 1683 et
107 1624 242 1706 pignora
265 1623 333 1704 ipsa
358 1623 399 1683 ad
426 1621 619 1684 creditorem
640 1624 710 1685 eius
733 1625 880 1686 dederit:
901 1633 934 1685 et
962 1634 1075 1705 postea
1105 1625 1171 1706 ipse

53 1706 146 1766 cuius
168 1706 301 1787 pignora
322 1705 463 1784 fuerint,
495 1726 552 1785 per
572 1705 638 1764 vim
671 1728 709 1768 ea
737 1707 870 1786 tulerit,
907 1715 1083 1790 componat
1105 1706 1172 1789 ipsa

52 1789 190 1872 pignera
215 1790 262 1846 iu*
284 1788 438 1870 aetogild.
480 1788 520 1852 ll.
543 1809 592 1853 21.
616 1787 663 1854 18.

123 1887 204 1922 rosa.
239 1873 317 1922 Petro
335 1877 364 1922 te
390 1869 512 1939 appellat
529 1870 684 1935 Martinus,
703 1870 778 1940 quod
796 1877 828 1922 tu
848 1868 947 1924 dedisti
962 1869 1066 1934 vadia,
1098 1871 1172 1942 quod

53 1939 131 1991 dares
150 1939 202 1990 sihi
222 1941 251 1992 C.
272 1941 319 1992 sol.
339 1941 367 1990 iu
389 1941 451 1992 Kal.
471 1939 554 2004 Maii,
581 1950 609 1993 et
627 1942 740 2011 posuisti
766 1941 904 1992 Donatum
923 1940 1125 2007 fideiussorem
1145 1951 1172 1994 et

52 2011 110 2080 ipsc
128 2017 156 2060 te
184 2009 335 2080 pigneravit
358 2011 387 2060 iu
412 2018 491 2062 tanto
515 2009 629 2074 mobili,
657 2012 731 2081 quod
758 2009 868 2064 valebat
892 2011 940 2061 sol.
967 2012 1016 2073 C.‚
1044 2021 1074 2064 et
1095 2012 1173 2063 dedit

51 2079 105 2131 sibi
123 2080 181 2150 ipsa
198 2081 330 2152 pignora,
356 2089 384 2132 et
405 2089 436 2132 tu
454 2087 549 2150 postca
574 2080 625 2132 sibi
643 2098 693 2151 per
718 2080 847 2135 virtutem
864 2080 953 2132 tulisti
971 2081 1031 2150 ipsa
1047 2082 1169 2151 pignora.

56 2259 59 2266 Ι
134 2184 217 2242 XLI.
259 2183 355 2262 (XII.)
398 2183 433 2246 Si
457 2184 531 2265 quis
554 2185 654 2245 alium
679 2193 754 2245 ante
781 2183 995 2265 constitutum
1016 2184 1170 2266 pignora-

50 2264 156 2342 rerit,
186 2275 218 2326 et
236 2265 405 2348 probatum
425 2267 539 2346 fuerit,
562 2268 651 2349 qnod
670 2277 745 2328 ante
768 2266 979 2328 constitutum
1001 2268 1171 2349 pigneras·
1271 2351 1272 2354 Ἰ

53 2356 124 2424 set,
161 2359 331 2430 componat
354 2351 457 2430 ipsum
478 2351 596 2430 pignus
626 2350 660 2408 in
689 2348 839 2430 actogild.
884 2350 927 2410 Il.
949 2369 998 2408 21.
1025 2371 1073 2431 19.

121 2445 199 2480 anau.
236 2433 315 2482 Petre
329 2441 356 2485 tc
373 2433 494 2501 appellat
511 2433 660 2496 Martinus,
689 2432 764 2500 qued
781 2431 858 2484 dedit
879 2431 930 2483 tibi
953 2431 1034 2483 vadia
1049 2432 1092 2489 ,de
1110 2432 1169 2488 XX.

52 2497 101 2547 sol.
121 2497 184 2548 dare
208 2499 237 2550 in
257 2501 317 2552 Kal.
337 2502 422 2564 Maii,
452 2512 479 2555 et
501 2512 531 2554 tu
551 2502 695 2574 pignorusti
715 2519 795 2564 eum,
815 2509 964 2572 antequam
988 2503 1170 2557 constitutum

54 2573 131 2616 esset.
173 2571 228 2620 Aut
256 2571 376 2639 probet,
410 2573 432 2623 si
457 2581 556 2643 potest.
610 2573 639 2626 si
655 2585 727 2639 nou3
752 2569 803 2623 ille
827 2573 896 2625 alter
914 2588 942 2623 se
964 2570 1090 2636 idonee,
1125 2573 1170 2628 vel

54 2647 201 2703 componat
218 2639 247 2689 in
270 2642 378 2706 astagil.
674 2656 676 2666 ’

138 2707 239 2767 XLII.
283 2711 404 2787 (XIII.)
446 2709 481 2770 si
504 2709 622 2789 iudex,
644 2719 811 2771 subactor
831 2709 981 2792 publicus
1003 2709 1036 2768 iu
1060 2710 1173 2791 quali-

53 2785 193 2868 cumque
224 2791 353 2853 clvitate
376 2801 431 2852 aut
450 2791 523 2852 loeo
550 2790 636 2853 inter
664 2791 828 2868 homines,
850 2793 907 2872 qui
933 2793 1069 2871 aliquam
1100 2793 1173 2853 dis-

55 2871 200 2931 cordiam
222 2871 359 2949 habeut,
392 2883 517 2955 treugas
540 2875 671 2954 tulerit,
699 2886 732 2937 et
763 2897 847 2935 uuus
866 2896 906 2935 ex
930 2873 1002 2954 ipsis
1024 2873 1172 2949 homiui7

52 2954 130 3032 bus,
162 2954 248 3014 inter
265 2976 346 3036 quos
369 2954 457 3036 ipsae
482 2965 611 3037 treugae
636 2959 718 3020 latae
742 2967 833 3034 suut,
857 2979 909 3018 eas
930 2956 1075 3036 ruperit,
1097 2979 1172 3016 me-

55 3037 147 3097 dium
170 3036 210 3098 de
234 3037 309 3118 ipsis
331 3034 451 3117 treugis
473 3049 643 3120 componat
662 3040 694 3099 iu
721 3038 870 3123 publico,
893 3049 926 3099 et
952 3038 1097 3099 medium
1121 3039 1172 3100 illi

55 3121 147 3180 cuius
171 3142 282 3181 caussa
310 3121 383 3182 est(
418 3120 461 3180 Et
488 3121 556 3202 ipse
587 3131 718 3202 treugae
748 3143 813 3182 nou
846 3121 911 3182 sint
945 3122 1050 3182 minus
1073 3144 1174 3203 quam

55 3202 149 3263 solid.
172 3204 263 3267 CCC.
304 3202 369 3280 Qui
384 3211 490 3262 autem
504 3202 635 3264 forsitan
653 3204 789 3285 amplius
812 3225 870 3286 pro
891 3205 1066 3266 maioribus
1083 3226 1173 3266 caus·

56 3287 98 3348 sis
118 3305 242 3369 ponere
266 3284 424 3362 voluerit,
456 3287 497 3346 sit
522 3285 552 3346 ei
584 3286 724 3350 licentia.
778 3287 819 3345 11.
846 3287 895 3362 ad.
929 3309 954 3349 1.

139 3391 261 3456 XLIII.
303 3389 424 3466 (XIV.)
468 3390 502 3452 si
541 3391 614 3472 quis
648 3388 703 3451 alii
745 3389 870 3452 homini
905 3391 1173 3474 qualemcunque

56 3496 127 3538 rem
161 3473 346 3550 donaverit,
380 3481 413 3536 et
442 3473 629 3534 launecliild
655 3473 850 3554 susceperit,
897 3469 1070 3557 et‘postea
1098 3497 1174 3536 eam

59 3558 237 3619 defendere
261 3556 393 3617 minime
424 3557 587 3637 potnerit,
618 3563 697 3616 tunc
723 3555 816 3615 aliam
840 3555 940 3618 talem
963 3575 1058 3636 rem,
1089 3579 1174 3638 qna·

58 3640 124 3700 lem
157 3640 307 3717 donavit,
338 3637 443 3720 qualis
476 3639 508 3697 in
545 3637 602 3698 illa
636 3638 688 3698 die
720 3638 887 3699 invenitur
920 3661 987 3700 esse
999 3684 1011 3711 ,
1055 3639 1175 3701 reddat

58 3724 112 3782 'cui
143 3722 293 3798 donavit,
331 3731 362 3782 et
390 3721 526 3802 amplius
553 3720 866 3781 non-calumnietur.
916 3723 959 3783 Et
987 3720 1013 3782 si
1042 3721 1084 3782 de
1106 3722 1173 3783 col·

58 3805 152 3865 ludio
178 3807 321 3886 pulsatus
348 3805 464 3881 fuerit,
498 3801 669 3863 satisfaciat
699 3803 739 3863 ad
767 3804 951 3886 evangelia,
980 3805 1071 3884 qu'od
1102 3805 1177 3865 uul-

58 3887 127 3949 lum
161 3885 339 3948 colludium
366 3909 439 3947 curn
468 3883 531 3944 alio
558 3885 689 3946 homine
718 3886 758 3948 de
786 3909 821 3946 ea
845 3887 1015 3946 refectum
1035 3884 1176 3964 habeat,

62 3979 94 4030 et
118 3970 158 4030 sit
184 3969 349 4029 absolutus
374 3993 390 4028 a
411 3970 515 4051 eulpa.
557 3968 609 4028 Sic
632 3978 758 4048 tamen,
779 3979 815 4030 ut
835 3968 1083 4052 suprascriptam
1103 3992 1177 4031 rem

62 4051 262 4114 consimilem
284 4051 414 4124 reddat,
438 4051 492 4111 eui
519 4050 659 4116 donavit.
701 4051 743 4114 ΙΙ.
766 4053 813 4115 50.
837 4071 863 4114 2.

129 4151 213 4186 roan.
248 4135 327 4188 Petre
355 4135 399 4186 hic
416 4143 445 4185 te
471 4131 592 4202 appellat
615 4133 747 4188 Martinus
768 4133 842 4202 quod
865 4139 895 4182 tu
919 4139 997 4183 tenes
1023 4132 1077 4184 sibi
1099 4136 1178 4186 malo

62 4205 156 4260 ordine
181 4213 363 4257 tinumvsuum
382 4203 535 4267 caballum.
559 4202 606 4276 qui
622 4205 696 4258 valet
713 4203 792 4278 solid.
811 4204 839 4258 C·
875 4201 936 4273 Ipse
955 4201 1080 4256 caballus
1096 4221 1178 4260 meus
