<?xml version="1.0" encoding="UTF-8"?>
<!DOCTYPE html PUBLIC "-//W3C//DTD XHTML 1.0 Transitional//EN"
    "http://www.w3.org/TR/xhtml1/DTD/xhtml1-transitional.dtd">
<html xmlns="http://www.w3.org/1999/xhtml" xml:lang="en" lang="en">
 <head>
  <title>
</title>
<meta http-equiv="Content-Type" content="text/html;charset=utf-8" />
  <meta name='ocr-system' content='tesseract 3.04.00' />
  <meta name='ocr-capabilities' content='ocr_page ocr_carea ocr_par ocr_line ocrx_word'/>
</head>
<body>
  <div class='ocr_page' id='page_1' title='image "./corpusiurisgerm00visigoog_0245.png"; bbox 0 0 2640 4838; ppageno 0'>
   <div class='ocr_carea' id='block_1_1' title="bbox 126 250 1089 346">
    <p class='ocr_par' dir='ltr' id='par_1_1' title="bbox 63 250 1089 360">
     <span class='ocr_line' id='line_1_1' title="bbox 126 250 1089 346; baseline -0.012 -2.737"><span class='ocrx_word' id='word_1_1' title='bbox 126 250 211 346; x_wconf 60' lang='lat'>,⁶⁶2</span> <span class='ocrx_word' id='word_1_2' title='bbox 304 308 309 320; x_wconf 87' lang='lat'>·</span> <span class='ocrx_word' id='word_1_3' title='bbox 333 273 440 334; x_wconf 67' lang='lat' dir='ltr'>arcis</span> <span class='ocrx_word' id='word_1_4' title='bbox 457 269 750 333; x_wconf 69' lang='lat' dir='ltr'>wislaomonrrs</span> <span class='ocrx_word' id='word_1_5' title='bbox 778 277 842 338; x_wconf 83' lang='lat' dir='ltr'>um.</span> <span class='ocrx_word' id='word_1_6' title='bbox 860 279 924 335; x_wconf 84' lang='lat' dir='ltr'>xrs.</span> <span class='ocrx_word' id='word_1_7' title='bbox 943 281 1015 336; x_wconf 85' lang='lat' dir='ltr'>rrr.</span> <span class='ocrx_word' id='word_1_8' title='bbox 1035 281 1089 335; x_wconf 85' lang='lat' dir='ltr'>nr.</span> 
     </span>
    </p>
   </div>
   <div class='ocr_carea' id='block_1_2' title="bbox 27 413 1312 4224">
    <p class='ocr_par' dir='ltr' id='par_1_2' title="bbox 101 413 1254 665">
     <span class='ocr_line' id='line_1_2' title="bbox 131 413 1254 505; baseline 0.004 -27"><span class='ocrx_word' id='word_1_9' title='bbox 131 429 231 496; x_wconf 65' lang='lat' dir='ltr'>repul</span> <span class='ocrx_word' id='word_1_10' title='bbox 255 413 365 476; x_wconf 72' lang='lat' dir='ltr'>nostri</span> <span class='ocrx_word' id='word_1_11' title='bbox 397 413 584 498; x_wconf 81' lang='lat' dir='ltr'>provincias</span> <span class='ocrx_word' id='word_1_12' title='bbox 611 414 805 493; x_wconf 85' lang='lat' dir='ltr'>constituti,</span> <span class='ocrx_word' id='word_1_13' title='bbox 833 417 873 500; x_wconf 83' lang='lat' dir='ltr'>ah</span> <span class='ocrx_word' id='word_1_14' title='bbox 906 439 994 482; x_wconf 87' lang='lat' dir='ltr'>anno</span> <span class='ocrx_word' id='word_1_15' title='bbox 1026 419 1135 504; x_wconf 84' lang='lat' dir='ltr'>primo</span> <span class='ocrx_word' id='word_1_16' title='bbox 1162 423 1254 505; x_wconf 78' lang='lat' dir='ltr'>regni</span> 
     </span>
     <span class='ocr_line' id='line_1_3' title="bbox 101 495 1254 584; baseline 0.006 -25"><span class='ocrx_word' id='word_1_17' title='bbox 101 517 105 522; x_wconf 87' lang='lat'>·</span> <span class='ocrx_word' id='word_1_18' title='bbox 132 495 261 575; x_wconf 75' lang='lat' dir='ltr'>nostri,</span> <span class='ocrx_word' id='word_1_19' title='bbox 291 497 431 560; x_wconf 83' lang='lat' dir='ltr'>Kalend.</span> <span class='ocrx_word' id='word_1_20' title='bbox 459 498 587 560; x_wconf 84' lang='lat' dir='ltr'>scilieet</span> <span class='ocrx_word' id='word_1_21' title='bbox 615 501 713 565; x_wconf 74' lang='lat' dir='ltr'>Febr.</span> <span class='ocrx_word' id='word_1_22' title='bbox 743 519 847 584; x_wconf 86' lang='lat' dir='ltr'>usqne</span> <span class='ocrx_word' id='word_1_23' title='bbox 877 501 910 560; x_wconf 91' lang='lat' dir='ltr'>in</span> <span class='ocrx_word' id='word_1_24' title='bbox 949 503 1254 584; x_wconf 76' lang='lat' dir='ltr'>superuenientibus</span> 
     </span>
     <span class='ocr_line' id='line_1_4' title="bbox 130 575 1253 665; baseline 0.006 -26"><span class='ocrx_word' id='word_1_25' title='bbox 130 575 312 664; x_wconf 60' lang='lat' dir='ltr'>paesentis</span> <span class='ocrx_word' id='word_1_26' title='bbox 334 580 413 639; x_wconf 82' lang='lat' dir='ltr'>suni</span> <span class='ocrx_word' id='word_1_27' title='bbox 443 582 517 643; x_wconf 84' lang='lat' dir='ltr'>ltnl.</span> <span class='ocrx_word' id='word_1_28' title='bbox 546 581 651 665; x_wconf 82' lang='lat' dir='ltr'>April.</span> <span class='ocrx_word' id='word_1_29' title='bbox 677 592 734 642; x_wconf 79' lang='lat' dir='ltr'>aut</span> <span class='ocrx_word' id='word_1_30' title='bbox 754 584 919 646; x_wconf 75' lang='lat' dir='ltr'>vendendi</span> <span class='ocrx_word' id='word_1_31' title='bbox 946 584 1131 647; x_wconf 85' lang='lat' dir='ltr'>Christiana</span> <span class='ocrx_word' id='word_1_32' title='bbox 1163 608 1253 646; x_wconf 86' lang='lat' dir='ltr'>mnn-</span> 
     </span>
    </p>

    <p class='ocr_par' dir='ltr' id='par_1_3' title="bbox 27 657 1312 4224">
     <span class='ocr_line' id='line_1_5' title="bbox 101 657 1252 748; baseline 0.004 -24"><span class='ocrx_word' id='word_1_33' title='bbox 101 726 103 734; x_wconf 60' lang='grc'>,</span> <span class='ocrx_word' id='word_1_34' title='bbox 132 657 253 745; x_wconf 67' lang='grc' dir='ltr'>οὴιίι,Ι</span> <span class='ocrx_word' id='word_1_35' title='bbox 269 662 360 724; x_wconf 75' lang='lat' dir='ltr'>iusta</span> <span class='ocrx_word' id='word_1_36' title='bbox 383 663 576 744; x_wconf 73' lang='lat' dir='ltr'>praemissae</span> <span class='ocrx_word' id='word_1_37' title='bbox 606 664 689 748; x_wconf 79' lang='lat' dir='ltr'>legis</span> <span class='ocrx_word' id='word_1_38' title='bbox 713 665 882 744; x_wconf 81' lang='lat' dir='ltr'>ordinem,</span> <span class='ocrx_word' id='word_1_39' title='bbox 903 665 1069 728; x_wconf 81' lang='lat' dir='ltr'>licentiam</span> <span class='ocrx_word' id='word_1_40' title='bbox 1092 667 1252 746; x_wconf 83' lang='lat' dir='ltr'>habeant,</span> 
     </span>
     <span class='ocr_line' id='line_1_6' title="bbox 67 743 1252 828; baseline 0.011 -25"><span class='ocrx_word' id='word_1_41' title='bbox 67 768 70 774; x_wconf 93' lang='lat'>·</span> <span class='ocrx_word' id='word_1_42' title='bbox 131 753 191 808; x_wconf 84' lang='lat' dir='ltr'>snt</span> <span class='ocrx_word' id='word_1_43' title='bbox 218 743 247 807; x_wconf 80' lang='lat' dir='ltr'>si</span> <span class='ocrx_word' id='word_1_44' title='bbox 280 761 318 806; x_wconf 79' lang='lat' dir='ltr'>on</span> <span class='ocrx_word' id='word_1_45' title='bbox 350 745 437 828; x_wconf 82' lang='lat' dir='ltr'>apud</span> <span class='ocrx_word' id='word_1_46' title='bbox 478 765 513 808; x_wconf 89' lang='lat' dir='ltr'>se</span> <span class='ocrx_word' id='word_1_47' title='bbox 543 747 687 810; x_wconf 80' lang='lat' dir='ltr'>retinere</span> <span class='ocrx_word' id='word_1_48' title='bbox 724 749 911 826; x_wconf 65' lang='lat' dir='ltr'>sanarint,</span> <span class='ocrx_word' id='word_1_49' title='bbox 945 749 997 810; x_wconf 87' lang='lat' dir='ltr'>his</span> <span class='ocrx_word' id='word_1_50' title='bbox 1028 750 1200 812; x_wconf 81' lang='lat' dir='ltr'>ordinibus</span> <span class='ocrx_word' id='word_1_51' title='bbox 1221 775 1252 816; x_wconf 86' lang='lat' dir='ltr'>sa</span> 
     </span>
     <span class='ocr_line' id='line_1_7' title="bbox 132 823 1252 911; baseline 0.007 -23"><span class='ocrx_word' id='word_1_52' title='bbox 132 823 538 900; x_wconf 74' lang='lat' dir='ltr'>Christianosnstendsnt.</span> <span class='ocrx_word' id='word_1_53' title='bbox 584 829 820 892; x_wconf 82' lang='lat' dir='ltr'>Consedimus</span> <span class='ocrx_word' id='word_1_54' title='bbox 851 833 939 893; x_wconf 86' lang='lat' dir='ltr'>enirn</span> <span class='ocrx_word' id='word_1_55' title='bbox 960 831 1034 911; x_wconf 79' lang='lat' dir='ltr'>eis,</span> <span class='ocrx_word' id='word_1_56' title='bbox 1055 830 1091 894; x_wconf 89' lang='lat' dir='ltr'>id</span> <span class='ocrx_word' id='word_1_57' title='bbox 1122 844 1172 896; x_wconf 85' lang='lat' dir='ltr'>est</span> <span class='ocrx_word' id='word_1_58' title='bbox 1204 834 1252 896; x_wconf 86' lang='lat' dir='ltr'>bis</span> 
     </span>
     <span class='ocr_line' id='line_1_8' title="bbox 131 909 1250 998; baseline 0.004 -26"><span class='ocrx_word' id='word_1_59' title='bbox 131 918 279 989; x_wconf 72' lang='lat' dir='ltr'>nusum,</span> <span class='ocrx_word' id='word_1_60' title='bbox 310 909 350 971; x_wconf 87' lang='lat' dir='ltr'>da</span> <span class='ocrx_word' id='word_1_61' title='bbox 375 911 495 992; x_wconf 87' lang='lat' dir='ltr'>quihus</span> <span class='ocrx_word' id='word_1_62' title='bbox 522 909 658 976; x_wconf 77' lang='lat' dir='ltr'>evidens</span> <span class='ocrx_word' id='word_1_63' title='bbox 680 913 987 998; x_wconf 75' lang='lat' dir='ltr'>periuriisuspicio-</span> <span class='ocrx_word' id='word_1_64' title='bbox 1011 937 1079 976; x_wconf 90' lang='lat' dir='ltr'>non</span> <span class='ocrx_word' id='word_1_65' title='bbox 1102 914 1250 996; x_wconf 74' lang='lat' dir='ltr'>habeam,</span> 
     </span>
     <span class='ocr_line' id='line_1_9' title="bbox 129 993 1251 1082; baseline 0.005 -28"><span class='ocrx_word' id='word_1_66' title='bbox 129 1002 169 1054; x_wconf 82' lang='lat' dir='ltr'>nt</span> <span class='ocrx_word' id='word_1_67' title='bbox 194 993 337 1068; x_wconf 69' lang='lat' dir='ltr'>habeant</span> <span class='ocrx_word' id='word_1_68' title='bbox 359 993 593 1075; x_wconf 67' lang='lat' dir='ltr'>altuinum,</span> <span class='ocrx_word' id='word_1_69' title='bbox 626 1013 729 1077; x_wconf 81' lang='lat' dir='ltr'>usqua</span> <span class='ocrx_word' id='word_1_70' title='bbox 759 997 794 1055; x_wconf 89' lang='lat' dir='ltr'>in</span> <span class='ocrx_word' id='word_1_71' title='bbox 821 998 957 1065; x_wconf 84' lang='lat' dir='ltr'>Kalend.</span> <span class='ocrx_word' id='word_1_72' title='bbox 988 999 1170 1082; x_wconf 84' lang='lat' dir='ltr'>praesentis</span> <span class='ocrx_word' id='word_1_73' title='bbox 1199 1022 1251 1060; x_wconf 90' lang='lat' dir='ltr'>su·</span> 
     </span>
     <span class='ocr_line' id='line_1_10' title="bbox 129 1076 1251 1164; baseline 0.007 -26"><span class='ocrx_word' id='word_1_74' title='bbox 129 1076 166 1138; x_wconf 90' lang='lat' dir='ltr'>ni</span> <span class='ocrx_word' id='word_1_75' title='bbox 200 1076 369 1159; x_wconf 71' lang='lat' dir='ltr'>Aprilibus</span> <span class='ocrx_word' id='word_1_76' title='bbox 406 1078 546 1139; x_wconf 88' lang='lat' dir='ltr'>salutare</span> <span class='ocrx_word' id='word_1_77' title='bbox 584 1077 747 1160; x_wconf 86' lang='lat' dir='ltr'>spatium,</span> <span class='ocrx_word' id='word_1_78' title='bbox 779 1079 813 1139; x_wconf 90' lang='lat' dir='ltr'>in</span> <span class='ocrx_word' id='word_1_79' title='bbox 846 1101 912 1162; x_wconf 86' lang='lat' dir='ltr'>quo</span> <span class='ocrx_word' id='word_1_80' title='bbox 969 1081 1088 1160; x_wconf 85' lang='lat' dir='ltr'>assint,</span> <span class='ocrx_word' id='word_1_81' title='bbox 1121 1083 1181 1164; x_wconf 89' lang='lat' dir='ltr'>qui</span> <span class='ocrx_word' id='word_1_82' title='bbox 1213 1105 1251 1146; x_wconf 81' lang='lat' dir='ltr'>ax</span> 
     </span>
     <span class='ocr_line' id='line_1_11' title="bbox 130 1105 1251 1248; baseline 0.006 -28"><span class='ocrx_word' id='word_1_83' title='bbox 130 1157 199 1221; x_wconf 90' lang='lat' dir='ltr'>illis</span> <span class='ocrx_word' id='word_1_84' title='bbox 219 1157 365 1221; x_wconf 76' lang='lat' dir='ltr'>salvandi</span> <span class='ocrx_word' id='word_1_85' title='bbox 386 1160 441 1223; x_wconf 78' lang='lat' dir='ltr'>rel</span> <span class='ocrx_word' id='word_1_86' title='bbox 463 1159 666 1224; x_wconf 86' lang='lat' dir='ltr'>Christianae</span> <span class='ocrx_word' id='word_1_87' title='bbox 681 1161 757 1222; x_wconf 82' lang='lat' dir='ltr'>fidei</span> <span class='ocrx_word' id='word_1_88' title='bbox 779 1105 973 1246; x_wconf 77' lang='lat' dir='ltr'>aggregandi</span> <span class='ocrx_word' id='word_1_89' title='bbox 993 1173 1082 1243; x_wconf 87' lang='lat' dir='ltr'>sunl,</span> <span class='ocrx_word' id='word_1_90' title='bbox 1097 1167 1139 1226; x_wconf 85' lang='lat' dir='ltr'>ad</span> <span class='ocrx_word' id='word_1_91' title='bbox 1160 1165 1251 1248; x_wconf 88' lang='lat' dir='ltr'>Epis·</span> 
     </span>
     <span class='ocr_line' id='line_1_12' title="bbox 129 1241 1248 1329; baseline 0.004 -25"><span class='ocrx_word' id='word_1_92' title='bbox 129 1251 228 1324; x_wconf 67' lang='lat' dir='ltr'>(topos</span> <span class='ocrx_word' id='word_1_93' title='bbox 250 1241 399 1304; x_wconf 86' lang='lat' dir='ltr'>loenruns</span> <span class='ocrx_word' id='word_1_94' title='bbox 420 1263 630 1323; x_wconf 81' lang='lat' dir='ltr'>concurrere,</span> <span class='ocrx_word' id='word_1_95' title='bbox 659 1253 693 1305; x_wconf 88' lang='lat' dir='ltr'>et</span> <span class='ocrx_word' id='word_1_96' title='bbox 713 1264 827 1304; x_wconf 87' lang='lat' dir='ltr'>manns</span> <span class='ocrx_word' id='word_1_97' title='bbox 847 1267 923 1308; x_wconf 84' lang='lat' dir='ltr'>sune</span> <span class='ocrx_word' id='word_1_98' title='bbox 944 1247 1064 1329; x_wconf 75' lang='lat' dir='ltr'>signis,</span> <span class='ocrx_word' id='word_1_99' title='bbox 1096 1249 1150 1311; x_wconf 80' lang='lat' dir='ltr'>rel</span> <span class='ocrx_word' id='word_1_100' title='bbox 1173 1247 1248 1310; x_wconf 85' lang='lat' dir='ltr'>suh·</span> 
     </span>
     <span class='ocr_line' id='line_1_13' title="bbox 129 1322 1247 1428; baseline 0.004 -41"><span class='ocrx_word' id='word_1_101' title='bbox 129 1322 361 1408; x_wconf 78' lang='lat' dir='ltr'>scriptionibus</span> <span class='ocrx_word' id='word_1_102' title='bbox 383 1325 533 1388; x_wconf 77' lang='lat' dir='ltr'>roborata</span> <span class='ocrx_word' id='word_1_103' title='bbox 554 1325 619 1388; x_wconf 90' lang='lat' dir='ltr'>illis</span> <span class='ocrx_word' id='word_1_104' title='bbox 641 1346 717 1389; x_wconf 87' lang='lat' dir='ltr'>suae</span> <span class='ocrx_word' id='word_1_105' title='bbox 746 1328 954 1409; x_wconf 74' lang='lat' dir='ltr'><strong>professionis</strong></span> <span class='ocrx_word' id='word_1_106' title='bbox 982 1331 1115 1392; x_wconf 82' lang='lat' dir='ltr'>foedera</span> <span class='ocrx_word' id='word_1_107' title='bbox 1135 1331 1247 1428; x_wconf 87' lang='lat' dir='ltr'>puhli-</span> 
     </span>
     <span class='ocr_line' id='line_1_14' title="bbox 129 1407 1250 1509; baseline 0.006 -41"><span class='ocrx_word' id='word_1_108' title='bbox 129 1428 222 1470; x_wconf 82' lang='lat' dir='ltr'>cares</span> <span class='ocrx_word' id='word_1_109' title='bbox 243 1407 288 1466; x_wconf 44' lang='lat' dir='ltr'>vin</span> <span class='ocrx_word' id='word_1_110' title='bbox 312 1427 393 1491; x_wconf 81' lang='lat' dir='ltr'>quas</span> <span class='ocrx_word' id='word_1_111' title='bbox 418 1408 637 1491; x_wconf 69' lang='lat' dir='ltr'>professiones</span> <span class='ocrx_word' id='word_1_112' title='bbox 658 1409 692 1470; x_wconf 88' lang='lat' dir='ltr'>id</span> <span class='ocrx_word' id='word_1_113' title='bbox 719 1409 847 1471; x_wconf 78' lang='lat' dir='ltr'>curabit</span> <span class='ocrx_word' id='word_1_114' title='bbox 874 1411 1023 1509; x_wconf 79' lang='lat' dir='ltr'>quisquis</span> <span class='ocrx_word' id='word_1_115' title='bbox 1044 1413 1102 1474; x_wconf 91' lang='lat' dir='ltr'>ille</span> <span class='ocrx_word' id='word_1_116' title='bbox 1133 1435 1250 1477; x_wconf 82' lang='lat' dir='ltr'>innec-</span> 
     </span>
     <span class='ocr_line' id='line_1_15' title="bbox 126 1488 1249 1579; baseline 0.004 -27"><span class='ocrx_word' id='word_1_117' title='bbox 126 1496 210 1564; x_wconf 79' lang='lat' dir='ltr'>tere,</span> <span class='ocrx_word' id='word_1_118' title='bbox 232 1488 312 1572; x_wconf 87' lang='lat' dir='ltr'>quia</span> <span class='ocrx_word' id='word_1_119' title='bbox 332 1491 414 1554; x_wconf 88' lang='lat' dir='ltr'>ritus</span> <span class='ocrx_word' id='word_1_120' title='bbox 435 1513 546 1556; x_wconf 87' lang='lat' dir='ltr'>ornnes</span> <span class='ocrx_word' id='word_1_121' title='bbox 569 1491 717 1554; x_wconf 82' lang='lat' dir='ltr'>ludaicos</span> <span class='ocrx_word' id='word_1_122' title='bbox 738 1492 886 1577; x_wconf 77' lang='lat' dir='ltr'>abneget,</span> <span class='ocrx_word' id='word_1_123' title='bbox 908 1505 941 1558; x_wconf 84' lang='lat' dir='ltr'>et</span> <span class='ocrx_word' id='word_1_124' title='bbox 961 1517 995 1556; x_wconf 87' lang='lat' dir='ltr'>rn</span> <span class='ocrx_word' id='word_1_125' title='bbox 1021 1497 1116 1558; x_wconf 89' lang='lat' dir='ltr'>nullo</span> <span class='ocrx_word' id='word_1_126' title='bbox 1136 1517 1249 1579; x_wconf 81' lang='lat' dir='ltr'>sequa·</span> 
     </span>
     <span class='ocr_line' id='line_1_16' title="bbox 127 1573 1250 1660; baseline 0.002 -24"><span class='ocrx_word' id='word_1_127' title='bbox 127 1582 185 1636; x_wconf 85' lang='lat' dir='ltr'>tur</span> <span class='ocrx_word' id='word_1_128' title='bbox 204 1583 323 1652; x_wconf 80' lang='lat' dir='ltr'>sectam</span> <span class='ocrx_word' id='word_1_129' title='bbox 343 1573 630 1658; x_wconf 76' lang='lat' dir='ltr'>praevaricationis</span> <span class='ocrx_word' id='word_1_130' title='bbox 657 1573 831 1658; x_wconf 83' lang='lat' dir='ltr'>antiqnaa;</span> <span class='ocrx_word' id='word_1_131' title='bbox 868 1584 901 1638; x_wconf 86' lang='lat' dir='ltr'>et</span> <span class='ocrx_word' id='word_1_132' title='bbox 923 1577 1000 1660; x_wconf 83' lang='lat' dir='ltr'>quia</span> <span class='ocrx_word' id='word_1_133' title='bbox 1025 1600 1065 1641; x_wconf 84' lang='lat' dir='ltr'>ex</span> <span class='ocrx_word' id='word_1_134' title='bbox 1090 1588 1161 1638; x_wconf 89' lang='lat' dir='ltr'>toto</span> <span class='ocrx_word' id='word_1_135' title='bbox 1182 1599 1250 1640; x_wconf 89' lang='lat' dir='ltr'>eor-</span> 
     </span>
     <span class='ocr_line' id='line_1_17' title="bbox 128 1648 1246 1744; baseline 0.004 -27"><span class='ocrx_word' id='word_1_136' title='bbox 128 1648 171 1734; x_wconf 75' lang='lat' dir='ltr'>de</span> <span class='ocrx_word' id='word_1_137' title='bbox 199 1653 354 1738; x_wconf 84' lang='lat' dir='ltr'>pristinos</span> <span class='ocrx_word' id='word_1_138' title='bbox 378 1677 505 1720; x_wconf 84' lang='lat' dir='ltr'>errores</span> <span class='ocrx_word' id='word_1_139' title='bbox 525 1657 717 1740; x_wconf 88' lang='lat' dir='ltr'>relinquens</span> <span class='ocrx_word' id='word_1_140' title='bbox 739 1659 777 1718; x_wconf 85' lang='lat' dir='ltr'>nd</span> <span class='ocrx_word' id='word_1_141' title='bbox 798 1659 894 1720; x_wconf 86' lang='lat' dir='ltr'>tidem</span> <span class='ocrx_word' id='word_1_142' title='bbox 918 1659 1087 1744; x_wconf 76' lang='lat' dir='ltr'>religionis</span> <span class='ocrx_word' id='word_1_143' title='bbox 1115 1683 1246 1724; x_wconf 76' lang='lat' dir='ltr'>eonver-</span> 
     </span>
     <span class='ocr_line' id='line_1_18' title="bbox 126 1737 1247 1835; baseline 0.004 -35"><span class='ocrx_word' id='word_1_144' title='bbox 126 1759 182 1800; x_wconf 88' lang='lat' dir='ltr'>sus</span> <span class='ocrx_word' id='word_1_145' title='bbox 203 1738 304 1802; x_wconf 81' lang='lat' dir='ltr'>fucrit</span> <span class='ocrx_word' id='word_1_146' title='bbox 327 1737 549 1818; x_wconf 77' lang='lat' dir='ltr'>Christianae,</span> <span class='ocrx_word' id='word_1_147' title='bbox 571 1761 647 1802; x_wconf 89' lang='lat' dir='ltr'>oum</span> <span class='ocrx_word' id='word_1_148' title='bbox 667 1737 804 1835; x_wconf 66' lang='lat' dir='ltr'>symboli</span> <span class='ocrx_word' id='word_1_149' title='bbox 825 1761 962 1824; x_wconf 81' lang='lat' dir='ltr'>-quoqne</span> <span class='ocrx_word' id='word_1_150' title='bbox 983 1743 1247 1827; x_wconf 79' lang='lat' dir='ltr'>interpositione,</span> 
     </span>
     <span class='ocr_line' id='line_1_19' title="bbox 126 1817 1248 1904; baseline 0.002 -20"><span class='ocrx_word' id='word_1_151' title='bbox 126 1817 271 1904; x_wconf 75' lang='lat' dir='ltr'>siquod</span> <span class='ocrx_word' id='word_1_152' title='bbox 301 1821 388 1884; x_wconf 84' lang='lat' dir='ltr'>ultra</span> <span class='ocrx_word' id='word_1_153' title='bbox 412 1823 454 1886; x_wconf 87' lang='lat' dir='ltr'>ad</span> <span class='ocrx_word' id='word_1_154' title='bbox 475 1822 614 1886; x_wconf 78' lang='lat' dir='ltr'>vomitus</span> <span class='ocrx_word' id='word_1_155' title='bbox 636 1844 688 1885; x_wconf 90' lang='lat' dir='ltr'>sus</span> <span class='ocrx_word' id='word_1_156' title='bbox 717 1823 810 1886; x_wconf 86' lang='lat' dir='ltr'>nullo</span> <span class='ocrx_word' id='word_1_157' title='bbox 840 1825 935 1886; x_wconf 87' lang='lat' dir='ltr'>modo</span> <span class='ocrx_word' id='word_1_158' title='bbox 958 1835 1139 1889; x_wconf 80' lang='lat' dir='ltr'>revertatur</span> <span class='ocrx_word' id='word_1_159' title='bbox 1164 1848 1248 1887; x_wconf 91' lang='lat' dir='ltr'>erro·</span> 
     </span>
     <span class='ocr_line' id='line_1_20' title="bbox 125 1903 1250 1993; baseline 0.006 -30"><span class='ocrx_word' id='word_1_160' title='bbox 125 1923 214 1982; x_wconf 81' lang='lat' dir='ltr'>ram,</span> <span class='ocrx_word' id='word_1_161' title='bbox 245 1903 298 1967; x_wconf 79' lang='lat' dir='ltr'>rel</span> <span class='ocrx_word' id='word_1_162' title='bbox 321 1905 638 1970; x_wconf 80' lang='lat' dir='ltr'>ceterusecundum</span> <span class='ocrx_word' id='word_1_163' title='bbox 660 1903 879 1987; x_wconf 84' lang='lat' dir='ltr'>conscriptum</span> <span class='ocrx_word' id='word_1_164' title='bbox 908 1909 1116 1990; x_wconf 84' lang='lat' dir='ltr'>professionis</span> <span class='ocrx_word' id='word_1_165' title='bbox 1147 1909 1250 1993; x_wconf 81' lang='lat' dir='ltr'>ipsius</span> 
     </span>
     <span class='ocr_line' id='line_1_21' title="bbox 125 1985 1246 2072; baseline 0.004 -24"><span class='ocrx_word' id='word_1_166' title='bbox 125 1985 287 2064; x_wconf 80' lang='lat' dir='ltr'>ordinem,</span> <span class='ocrx_word' id='word_1_167' title='bbox 310 2009 410 2070; x_wconf 86' lang='lat' dir='ltr'>quem</span> <span class='ocrx_word' id='word_1_168' title='bbox 438 1995 511 2072; x_wconf 85' lang='lat' dir='ltr'>post</span> <span class='ocrx_word' id='word_1_169' title='bbox 534 1986 619 2052; x_wconf 89' lang='lat' dir='ltr'>hanc</span> <span class='ocrx_word' id='word_1_170' title='bbox 641 1988 746 2071; x_wconf 86' lang='lat' dir='ltr'>legem</span> <span class='ocrx_word' id='word_1_171' title='bbox 774 1990 959 2052; x_wconf 81' lang='lat' dir='ltr'>curarimus</span> <span class='ocrx_word' id='word_1_172' title='bbox 984 1991 1151 2054; x_wconf 84' lang='lat' dir='ltr'>adnotare.</span> <span class='ocrx_word' id='word_1_173' title='bbox 1185 1993 1246 2052; x_wconf 86' lang='lat' dir='ltr'>Has</span> 
     </span>
     <span class='ocr_line' id='line_1_22' title="bbox 124 2064 1246 2158; baseline 0.003 -26"><span class='ocrx_word' id='word_1_174' title='bbox 124 2091 201 2132; x_wconf 87' lang='lat' dir='ltr'>sune</span> <span class='ocrx_word' id='word_1_175' title='bbox 223 2064 442 2156; x_wconf 80' lang='lat' dir='ltr'>professiones</span> <span class='ocrx_word' id='word_1_176' title='bbox 464 2093 505 2134; x_wconf 86' lang='lat' dir='ltr'>ne</span> <span class='ocrx_word' id='word_1_177' title='bbox 535 2070 631 2134; x_wconf 87' lang='lat' dir='ltr'>uadis</span> <span class='ocrx_word' id='word_1_178' title='bbox 657 2071 878 2132; x_wconf 87' lang='lat' dir='ltr'>tantummodo</span> <span class='ocrx_word' id='word_1_179' title='bbox 903 2073 1079 2134; x_wconf 81' lang='lat' dir='ltr'>verborum</span> <span class='ocrx_word' id='word_1_180' title='bbox 1108 2073 1246 2158; x_wconf 90' lang='lat' dir='ltr'>promis·</span> 
     </span>
     <span class='ocr_line' id='line_1_23' title="bbox 124 2149 1245 2237; baseline 0.002 -21"><span class='ocrx_word' id='word_1_181' title='bbox 124 2149 269 2216; x_wconf 85' lang='lat' dir='ltr'>sionibus</span> <span class='ocrx_word' id='word_1_182' title='bbox 290 2155 469 2237; x_wconf 84' lang='lat' dir='ltr'>proferant,</span> <span class='ocrx_word' id='word_1_183' title='bbox 490 2163 524 2218; x_wconf 87' lang='lat' dir='ltr'>et</span> <span class='ocrx_word' id='word_1_184' title='bbox 544 2153 635 2216; x_wconf 86' lang='lat' dir='ltr'>aliud</span> <span class='ocrx_word' id='word_1_185' title='bbox 656 2156 756 2217; x_wconf 76' lang='lat' dir='ltr'>verbo</span> <span class='ocrx_word' id='word_1_186' title='bbox 779 2164 939 2236; x_wconf 88' lang='lat' dir='ltr'>promant,</span> <span class='ocrx_word' id='word_1_187' title='bbox 962 2157 1053 2218; x_wconf 91' lang='lat' dir='ltr'>alind</span> <span class='ocrx_word' id='word_1_188' title='bbox 1074 2157 1173 2218; x_wconf 87' lang='lat' dir='ltr'>corde</span> <span class='ocrx_word' id='word_1_189' title='bbox 1192 2177 1245 2218; x_wconf 88' lang='lat' dir='ltr'>re-</span> 
     </span>
     <span class='ocr_line' id='line_1_24' title="bbox 124 2236 1246 2336; baseline 0.004 -39"><span class='ocrx_word' id='word_1_190' title='bbox 124 2236 263 2314; x_wconf 87' lang='lat' dir='ltr'>tineant,</span> <span class='ocrx_word' id='word_1_191' title='bbox 286 2237 397 2322; x_wconf 87' lang='lat' dir='ltr'>sieque</span> <span class='ocrx_word' id='word_1_192' title='bbox 412 2238 446 2300; x_wconf 90' lang='lat' dir='ltr'>in</span> <span class='ocrx_word' id='word_1_193' title='bbox 461 2259 574 2300; x_wconf 86' lang='lat' dir='ltr'>eorum</span> <span class='ocrx_word' id='word_1_194' title='bbox 586 2238 748 2320; x_wconf 85' lang='lat' dir='ltr'>promissis</span> <span class='ocrx_word' id='word_1_195' title='bbox 763 2237 927 2300; x_wconf 79' lang='lat' dir='ltr'>simulatio</span> <span class='ocrx_word' id='word_1_196' title='bbox 941 2239 1058 2321; x_wconf 81' lang='lat' dir='ltr'>potins,</span> <span class='ocrx_word' id='word_1_197' title='bbox 1074 2261 1174 2336; x_wconf 81' lang='lat' dir='ltr'>quam</span> <span class='ocrx_word' id='word_1_198' title='bbox 1195 2261 1246 2302; x_wconf 84' lang='lat' dir='ltr'>sa-</span> 
     </span>
     <span class='ocr_line' id='line_1_25' title="bbox 27 2319 1245 2403; baseline -0.001 -21"><span class='ocrx_word' id='word_1_199' title='bbox 27 2353 31 2358; x_wconf 96' lang='lat'>·</span> <span class='ocrx_word' id='word_1_200' title='bbox 122 2319 202 2382; x_wconf 78' lang='lat' dir='ltr'>ritas</span> <span class='ocrx_word' id='word_1_201' title='bbox 223 2319 333 2381; x_wconf 72' lang='lat' dir='ltr'>loom</span> <span class='ocrx_word' id='word_1_202' title='bbox 356 2343 451 2384; x_wconf 88' lang='lat' dir='ltr'>suum</span> <span class='ocrx_word' id='word_1_203' title='bbox 471 2319 637 2384; x_wconf 81' lang='lat' dir='ltr'>inveniat:</span> <span class='ocrx_word' id='word_1_204' title='bbox 658 2321 799 2383; x_wconf 82' lang='lat' dir='ltr'>sollicita</span> <span class='ocrx_word' id='word_1_205' title='bbox 818 2321 1065 2403; x_wconf 88' lang='lat' dir='ltr'>Episcoporum,</span> <span class='ocrx_word' id='word_1_206' title='bbox 1086 2322 1245 2386; x_wconf 87' lang='lat' dir='ltr'>sudieum·</span> 
     </span>
     <span class='ocr_line' id='line_1_26' title="bbox 122 2401 1244 2486; baseline 0.002 -24"><span class='ocrx_word' id='word_1_207' title='bbox 122 2401 375 2483; x_wconf 63' lang='lat' dir='ltr'>qns³instsntim</span> <span class='ocrx_word' id='word_1_208' title='bbox 396 2403 447 2464; x_wconf 86' lang='lat' dir='ltr'>illi</span> <span class='ocrx_word' id='word_1_209' title='bbox 469 2403 544 2486; x_wconf 85' lang='lat' dir='ltr'>ipsi,</span> <span class='ocrx_word' id='word_1_210' title='bbox 567 2402 627 2484; x_wconf 87' lang='lat' dir='ltr'>qui</span> <span class='ocrx_word' id='word_1_211' title='bbox 646 2402 824 2486; x_wconf 87' lang='lat' dir='ltr'>superioris</span> <span class='ocrx_word' id='word_1_212' title='bbox 849 2403 1060 2486; x_wconf 87' lang='lat' dir='ltr'>professionis</span> <span class='ocrx_word' id='word_1_213' title='bbox 1086 2425 1166 2466; x_wconf 83' lang='lat' dir='ltr'>sune</span> <span class='ocrx_word' id='word_1_214' title='bbox 1186 2427 1244 2486; x_wconf 90' lang='lat' dir='ltr'>pn·</span> 
     </span>
     <span class='ocr_line' id='line_1_27' title="bbox 122 2484 1243 2564; baseline 0.004 -21"><span class='ocrx_word' id='word_1_215' title='bbox 122 2484 301 2545; x_wconf 83' lang='lat' dir='ltr'>tefeeerint</span> <span class='ocrx_word' id='word_1_216' title='bbox 329 2495 467 2564; x_wconf 80' lang='lat' dir='ltr'>sotum,</span> <span class='ocrx_word' id='word_1_217' title='bbox 504 2486 610 2547; x_wconf 88' lang='lat' dir='ltr'>allatis</span> <span class='ocrx_word' id='word_1_218' title='bbox 640 2485 882 2548; x_wconf 80' lang='lat' dir='ltr'>conditionibus</span> <span class='ocrx_word' id='word_1_219' title='bbox 917 2486 1027 2562; x_wconf 84' lang='lat' dir='ltr'>iurare</span> <span class='ocrx_word' id='word_1_220' title='bbox 1055 2485 1243 2563; x_wconf 79' lang='lat' dir='ltr'>debebunt,</span> 
     </span>
     <span class='ocr_line' id='line_1_28' title="bbox 123 2565 1244 2650; baseline 0.006 -27"><span class='ocrx_word' id='word_1_221' title='bbox 123 2565 202 2648; x_wconf 79' lang='lat' dir='ltr'>quis</span> <span class='ocrx_word' id='word_1_222' title='bbox 228 2567 313 2648; x_wconf 83' lang='lat' dir='ltr'>quise</span> <span class='ocrx_word' id='word_1_223' title='bbox 339 2587 453 2630; x_wconf 80' lang='lat' dir='ltr'>eorum</span> <span class='ocrx_word' id='word_1_224' title='bbox 475 2568 632 2650; x_wconf 89' lang='lat' dir='ltr'>professio</span> <span class='ocrx_word' id='word_1_225' title='bbox 656 2569 813 2647; x_wconf 84' lang='lat' dir='ltr'>eontinet,</span> <span class='ocrx_word' id='word_1_226' title='bbox 837 2569 966 2631; x_wconf 83' lang='lat' dir='ltr'>sincero</span> <span class='ocrx_word' id='word_1_227' title='bbox 987 2578 1020 2630; x_wconf 86' lang='lat' dir='ltr'>at</span> <span class='ocrx_word' id='word_1_228' title='bbox 1043 2589 1108 2630; x_wconf 83' lang='lat' dir='ltr'>non</span> <span class='ocrx_word' id='word_1_229' title='bbox 1132 2591 1244 2630; x_wconf 88' lang='lat' dir='ltr'>macu-</span> 
     </span>
     <span class='ocr_line' id='line_1_29' title="bbox 122 2647 1245 2732; baseline 0.009 -24"><span class='ocrx_word' id='word_1_230' title='bbox 122 2647 189 2708; x_wconf 74' lang='lat' dir='ltr'>lslo</span> <span class='ocrx_word' id='word_1_231' title='bbox 209 2650 323 2710; x_wconf 78' lang='lat' dir='ltr'>¹corde</span> <span class='ocrx_word' id='word_1_232' title='bbox 353 2651 567 2732; x_wconf 75' lang='lat' dir='ltr'>profiteantur</span> <span class='ocrx_word' id='word_1_233' title='bbox 580 2695 594 2725; x_wconf 89' lang='lat'>,</span> <span class='ocrx_word' id='word_1_234' title='bbox 632 2671 666 2713; x_wconf 90' lang='lat' dir='ltr'>se</span> <span class='ocrx_word' id='word_1_235' title='bbox 692 2651 799 2714; x_wconf 91' lang='lat' dir='ltr'>doneo</span> <span class='ocrx_word' id='word_1_236' title='bbox 827 2651 1013 2714; x_wconf 76' lang='lat' dir='ltr'>advixerint</span> <span class='ocrx_word' id='word_1_237' title='bbox 1038 2673 1245 2718; x_wconf 71' lang='lat' dir='ltr'>conservare.</span> 
     </span>
     <span class='ocr_line' id='line_1_30' title="bbox 121 2730 1243 2816; baseline 0.004 -24"><span class='ocrx_word' id='word_1_238' title='bbox 121 2730 318 2812; x_wconf 64' lang='lat' dir='ltr'>stanneam</span> <span class='ocrx_word' id='word_1_239' title='bbox 338 2744 374 2795; x_wconf 87' lang='lat' dir='ltr'>nt</span> <span class='ocrx_word' id='word_1_240' title='bbox 398 2733 433 2792; x_wconf 89' lang='lat' dir='ltr'>hi</span> <span class='ocrx_word' id='word_1_241' title='bbox 456 2734 548 2811; x_wconf 89' lang='lat' dir='ltr'>tales,</span> <span class='ocrx_word' id='word_1_242' title='bbox 566 2755 647 2816; x_wconf 88' lang='lat' dir='ltr'>quos</span> <span class='ocrx_word' id='word_1_243' title='bbox 669 2742 703 2796; x_wconf 82' lang='lat' dir='ltr'>ot</span> <span class='ocrx_word' id='word_1_244' title='bbox 722 2734 878 2815; x_wconf 86' lang='lat' dir='ltr'>professio</span> <span class='ocrx_word' id='word_1_245' title='bbox 901 2755 975 2794; x_wconf 86' lang='lat' dir='ltr'>oum</span> <span class='ocrx_word' id='word_1_246' title='bbox 998 2733 1105 2816; x_wconf 87' lang='lat' dir='ltr'>operis</span> <span class='ocrx_word' id='word_1_247' title='bbox 1125 2735 1243 2796; x_wconf 84' lang='lat' dir='ltr'>effectu</span> 
     </span>
     <span class='ocr_line' id='line_1_31' title="bbox 121 2798 1293 2898; baseline 0.003 -24"><span class='ocrx_word' id='word_1_248' title='bbox 121 2798 244 2897; x_wconf 55' lang='lat' dir='ltr'>dlpn‘os&#39;</span> <span class='ocrx_word' id='word_1_249' title='bbox 262 2828 331 2876; x_wconf 82' lang='lat' dir='ltr'>essse</span> <span class='ocrx_word' id='word_1_250' title='bbox 355 2815 556 2898; x_wconf 75' lang='lat' dir='ltr'>probaverit,</span> <span class='ocrx_word' id='word_1_251' title='bbox 586 2826 620 2878; x_wconf 88' lang='lat' dir='ltr'>et</span> <span class='ocrx_word' id='word_1_252' title='bbox 646 2815 856 2877; x_wconf 87' lang='lat' dir='ltr'>iurisiurandi</span> <span class='ocrx_word' id='word_1_253' title='bbox 882 2815 1076 2898; x_wconf 80' lang='lat' dir='ltr'>pollicitatio</span> <span class='ocrx_word' id='word_1_254' title='bbox 1106 2817 1242 2879; x_wconf 74' lang='lat' dir='ltr'>devotos</span> <span class='ocrx_word' id='word_1_255' title='bbox 1290 2881 1293 2888; x_wconf 71' lang='grc'><em>,</em></span> 
     </span>
     <span class='ocr_line' id='line_1_32' title="bbox 119 2892 1312 2981; baseline 0.003 -24"><span class='ocrx_word' id='word_1_256' title='bbox 119 2892 191 2959; x_wconf 65' lang='lat' dir='ltr'>fosse</span> <span class='ocrx_word' id='word_1_257' title='bbox 213 2900 450 2977; x_wconf 75' lang='lat' dir='ltr'>monstraverit,</span> <span class='ocrx_word' id='word_1_258' title='bbox 467 2897 609 2980; x_wconf 86' lang='lat' dir='ltr'>possint,</span> <span class='ocrx_word' id='word_1_259' title='bbox 632 2908 743 2981; x_wconf 84' lang='lat' dir='ltr'>utpote</span> <span class='ocrx_word' id='word_1_260' title='bbox 765 2899 960 2977; x_wconf 82' lang='lat' dir='ltr'>Christiani,</span> <span class='ocrx_word' id='word_1_261' title='bbox 982 2899 1242 2962; x_wconf 80' lang='lat' dir='ltr'>Christianorum</span> <span class='ocrx_word' id='word_1_262' title='bbox 1310 2945 1312 2950; x_wconf 84' lang='lat'>-</span> 
     </span>
     <span class='ocr_line' id='line_1_33' title="bbox 119 2977 1241 3070; baseline 0.005 -31"><span class='ocrx_word' id='word_1_263' title='bbox 119 2977 358 3064; x_wconf 74' lang='lat' dir='ltr'>mancipiorum</span> <span class='ocrx_word' id='word_1_264' title='bbox 378 2981 519 3044; x_wconf 76' lang='lat' dir='ltr'>servitiis</span> <span class='ocrx_word' id='word_1_265' title='bbox 541 2981 599 3048; x_wconf 86' lang='lat' dir='ltr'>uti.</span> <span class='ocrx_word' id='word_1_266' title='bbox 640 2983 720 3065; x_wconf 72' lang='lat' dir='ltr'>Napi</span> <span class='ocrx_word' id='word_1_267' title='bbox 747 3002 812 3042; x_wconf 91' lang='lat' dir='ltr'>uon</span> <span class='ocrx_word' id='word_1_268' title='bbox 838 2983 933 3070; x_wconf 82' lang='lat' dir='ltr'>pliter</span> <span class='ocrx_word' id='word_1_269' title='bbox 951 2990 1106 3064; x_wconf 83' lang='lat' dir='ltr'>poterunt</span> <span class='ocrx_word' id='word_1_270' title='bbox 1126 2983 1241 3045; x_wconf 84' lang='lat' dir='ltr'>Chris·-</span> 
     </span>
     <span class='ocr_line' id='line_1_34' title="bbox 120 3063 1241 3152; baseline 0.002 -28"><span class='ocrx_word' id='word_1_271' title='bbox 120 3063 202 3124; x_wconf 84' lang='lat' dir='ltr'>tia&#39;nl</span> <span class='ocrx_word' id='word_1_272' title='bbox 223 3063 385 3152; x_wconf 77' lang='lat' dir='ltr'>mancipia</span> <span class='ocrx_word' id='word_1_273' title='bbox 406 3063 539 3126; x_wconf 87' lang='lat' dir='ltr'>illorum</span> <span class='ocrx_word' id='word_1_274' title='bbox 561 3063 706 3125; x_wconf 88' lang='lat' dir='ltr'>dominio</span> <span class='ocrx_word' id='word_1_275' title='bbox 728 3065 912 3148; x_wconf 80' lang='lat' dir='ltr'>subiugari,</span> <span class='ocrx_word' id='word_1_276' title='bbox 945 3064 1008 3126; x_wconf 89' lang='lat' dir='ltr'>nisi</span> <span class='ocrx_word' id='word_1_277' title='bbox 1030 3064 1145 3148; x_wconf 78' lang='lat' dir='ltr'>stipsi</span> <span class='ocrx_word' id='word_1_278' title='bbox 1169 3066 1241 3128; x_wconf 81' lang='lat' dir='ltr'>evi-</span> 
     </span>
     <span class='ocr_line' id='line_1_35' title="bbox 119 3145 1240 3230; baseline 0.001 -22"><span class='ocrx_word' id='word_1_279' title='bbox 119 3145 666 3230; x_wconf 66' lang='lat' dir='ltr'>denter&#39;cotnprohenturserissimi</span> <span class='ocrx_word' id='word_1_280' title='bbox 680 3147 857 3210; x_wconf 79' lang='lat' dir='ltr'>Christiani</span> <span class='ocrx_word' id='word_1_281' title='bbox 875 3157 907 3209; x_wconf 88' lang='lat' dir='ltr'>et</span> <span class='ocrx_word' id='word_1_282' title='bbox 922 3147 1115 3230; x_wconf 83' lang='lat' dir='ltr'>frequenter</span> <span class='ocrx_word' id='word_1_283' title='bbox 1130 3147 1240 3226; x_wconf 81' lang='lat' dir='ltr'>Chris·</span> 
     </span>
     <span class='ocr_line' id='line_1_36' title="bbox 122 3229 1241 3314; baseline 0.005 -27"><span class='ocrx_word' id='word_1_284' title='bbox 122 3229 461 3292; x_wconf 78' lang='lat' dir='ltr'>tianorn&#39;m‘societule</span> <span class='ocrx_word' id='word_1_285' title='bbox 482 3231 649 3314; x_wconf 77' lang='lat' dir='ltr'>coniungi.</span> <span class='ocrx_word' id='word_1_286' title='bbox 694 3231 761 3292; x_wconf 88' lang='lat' dir='ltr'>lam</span> <span class='ocrx_word' id='word_1_287' title='bbox 777 3251 858 3292; x_wconf 89' lang='lat' dir='ltr'>rero</span> <span class='ocrx_word' id='word_1_288' title='bbox 876 3230 933 3312; x_wconf 90' lang='lat' dir='ltr'>qui</span> <span class='ocrx_word' id='word_1_289' title='bbox 946 3240 1019 3311; x_wconf 89' lang='lat' dir='ltr'>post</span> <span class='ocrx_word' id='word_1_290' title='bbox 1039 3230 1144 3292; x_wconf 82' lang='lat' dir='ltr'>datam</span> <span class='ocrx_word' id='word_1_291' title='bbox 1161 3253 1241 3313; x_wconf 83' lang='lat' dir='ltr'>pro·</span> 
     </span>
     <span class='ocr_line' id='line_1_37' title="bbox 118 3313 1240 3394; baseline 0 -20"><span class='ocrx_word' id='word_1_292' title='bbox 118 3313 313 3387; x_wconf 79' lang='lat' dir='ltr'>sessionem,</span> <span class='ocrx_word' id='word_1_293' title='bbox 338 3313 468 3374; x_wconf 82' lang='lat' dir='ltr'>reddito</span> <span class='ocrx_word' id='word_1_294' title='bbox 495 3321 695 3376; x_wconf 88' lang='lat' dir='ltr'>sacramento</span> <span class='ocrx_word' id='word_1_295' title='bbox 723 3313 813 3374; x_wconf 82' lang='lat' dir='ltr'>iuxta</span> <span class='ocrx_word' id='word_1_296' title='bbox 841 3313 1043 3394; x_wconf 89' lang='lat' dir='ltr'>superiorem</span> <span class='ocrx_word' id='word_1_297' title='bbox 1066 3313 1240 3392; x_wconf 87' lang='lat' dir='ltr'>ordinem,</span> 
     </span>
     <span class='ocr_line' id='line_1_38' title="bbox 121 3393 1240 3477; baseline 0.003 -22"><span class='ocrx_word' id='word_1_298' title='bbox 121 3393 344 3455; x_wconf 70' lang='lat' dir='ltr'>Christianum</span> <span class='ocrx_word' id='word_1_299' title='bbox 364 3415 398 3458; x_wconf 87' lang='lat' dir='ltr'>se</span> <span class='ocrx_word' id='word_1_300' title='bbox 422 3409 492 3459; x_wconf 85' lang='lat' dir='ltr'>esse</span> <span class='ocrx_word' id='word_1_301' title='bbox 513 3395 694 3474; x_wconf 76' lang='lat' dir='ltr'>devoverit,</span> <span class='ocrx_word' id='word_1_302' title='bbox 717 3406 751 3458; x_wconf 87' lang='lat' dir='ltr'>et</span> <span class='ocrx_word' id='word_1_303' title='bbox 774 3397 806 3456; x_wconf 90' lang='lat' dir='ltr'>in</span> <span class='ocrx_word' id='word_1_304' title='bbox 830 3395 978 3477; x_wconf 84' lang='lat' dir='ltr'>quolibet</span> <span class='ocrx_word' id='word_1_305' title='bbox 998 3396 1065 3456; x_wconf 90' lang='lat' dir='ltr'>ritu</span> <span class='ocrx_word' id='word_1_306' title='bbox 1087 3394 1240 3458; x_wconf 82' lang='lat' dir='ltr'>Iudaicae</span> 
     </span>
     <span class='ocr_line' id='line_1_39' title="bbox 118 3478 1241 3564; baseline 0.002 -26"><span class='ocrx_word' id='word_1_307' title='bbox 118 3487 225 3538; x_wconf 82' lang='lat' dir='ltr'>saetae</span> <span class='ocrx_word' id='word_1_308' title='bbox 248 3479 373 3556; x_wconf 83' lang='lat' dir='ltr'>cultor,</span> <span class='ocrx_word' id='word_1_309' title='bbox 405 3497 441 3542; x_wconf 84' lang='lat' dir='ltr'>sc</span> <span class='ocrx_word' id='word_1_310' title='bbox 472 3478 692 3564; x_wconf 86' lang='lat' dir='ltr'>promissionis</span> <span class='ocrx_word' id='word_1_311' title='bbox 713 3498 789 3540; x_wconf 88' lang='lat' dir='ltr'>suae</span> <span class='ocrx_word' id='word_1_312' title='bbox 810 3487 1025 3561; x_wconf 82' lang='lat' dir='ltr'>transgressor</span> <span class='ocrx_word' id='word_1_313' title='bbox 1046 3497 1116 3540; x_wconf 88' lang='lat' dir='ltr'>essa</span> <span class='ocrx_word' id='word_1_314' title='bbox 1140 3499 1241 3561; x_wconf 79' lang='lat' dir='ltr'>repe-</span> 
     </span>
     <span class='ocr_line' id='line_1_40' title="bbox 116 3559 1240 3644; baseline 0 -22"><span class='ocrx_word' id='word_1_315' title='bbox 116 3559 232 3636; x_wconf 69' lang='lat' dir='ltr'>rlnt&#39;rlr,</span> <span class='ocrx_word' id='word_1_316' title='bbox 255 3561 333 3644; x_wconf 85' lang='lat' dir='ltr'>quia</span> <span class='ocrx_word' id='word_1_317' title='bbox 355 3570 387 3622; x_wconf 84' lang='lat' dir='ltr'>et</span> <span class='ocrx_word' id='word_1_318' title='bbox 409 3583 527 3624; x_wconf 91' lang='lat' dir='ltr'>nomen</span> <span class='ocrx_word' id='word_1_319' title='bbox 548 3562 680 3624; x_wconf 85' lang='lat' dir='ltr'>Domini</span> <span class='ocrx_word' id='word_1_320' title='bbox 699 3560 760 3623; x_wconf 91' lang='lat' dir='ltr'>Dei</span> <span class='ocrx_word' id='word_1_321' title='bbox 779 3559 828 3623; x_wconf 90' lang='lat' dir='ltr'>sni</span> <span class='ocrx_word' id='word_1_322' title='bbox 853 3581 949 3623; x_wconf 87' lang='lat' dir='ltr'>ansus</span> <span class='ocrx_word' id='word_1_323' title='bbox 978 3569 1027 3622; x_wconf 88' lang='lat' dir='ltr'>est</span> <span class='ocrx_word' id='word_1_324' title='bbox 1052 3560 1240 3644; x_wconf 83' lang='lat' dir='ltr'>profanare,</span> 
     </span>
     <span class='ocr_line' id='line_1_41' title="bbox 118 3641 1240 3729; baseline 0 -25"><span class='ocrx_word' id='word_1_325' title='bbox 118 3651 152 3704; x_wconf 90' lang='lat' dir='ltr'>et</span> <span class='ocrx_word' id='word_1_326' title='bbox 173 3641 298 3706; x_wconf 70' lang='lat' dir='ltr'>‘ludaici</span> <span class='ocrx_word' id='word_1_327' title='bbox 321 3645 439 3708; x_wconf 77' lang='lat' dir='ltr'>erinnis</span> <span class='ocrx_word' id='word_1_328' title='bbox 469 3667 573 3708; x_wconf 85' lang='lat' dir='ltr'>coeno</span> <span class='ocrx_word' id='word_1_329' title='bbox 601 3645 768 3729; x_wconf 87' lang='lat' dir='ltr'>polluere,</span> <span class='ocrx_word' id='word_1_330' title='bbox 797 3642 920 3706; x_wconf 86' lang='lat' dir='ltr'>amissis</span> <span class='ocrx_word' id='word_1_331' title='bbox 946 3643 1240 3721; x_wconf 34' lang='lat' dir='ltr'>rehnssomnihns,</span> 
     </span>
     <span class='ocr_line' id='line_1_42' title="bbox 115 3724 1241 3809; baseline -0.001 -21"><span class='ocrx_word' id='word_1_332' title='bbox 115 3725 203 3788; x_wconf 72' lang='lat' dir='ltr'>etih</span> <span class='ocrx_word' id='word_1_333' title='bbox 227 3724 390 3809; x_wconf 75' lang='lat' dir='ltr'>Principis</span> <span class='ocrx_word' id='word_1_334' title='bbox 411 3737 603 3809; x_wconf 83' lang='lat' dir='ltr'>potestatem</span> <span class='ocrx_word' id='word_1_335' title='bbox 624 3727 780 3805; x_wconf 86' lang='lat' dir='ltr'>redactis,</span> <span class='ocrx_word' id='word_1_336' title='bbox 810 3735 842 3787; x_wconf 91' lang='lat' dir='ltr'>et</span> <span class='ocrx_word' id='word_1_337' title='bbox 873 3735 1006 3787; x_wconf 88' lang='lat' dir='ltr'>centnm</span> <span class='ocrx_word' id='word_1_338' title='bbox 1028 3724 1157 3807; x_wconf 74' lang='lat' dir='ltr'>flagella</span> <span class='ocrx_word' id='word_1_339' title='bbox 1179 3727 1241 3788; x_wconf 87' lang='lat' dir='ltr'>de·</span> 
     </span>
     <span class='ocr_line' id='line_1_43' title="bbox 116 3806 1240 3891; baseline 0.001 -21"><span class='ocrx_word' id='word_1_340' title='bbox 116 3806 261 3874; x_wconf 56' lang='lat' dir='ltr'>culinas</span> <span class='ocrx_word' id='word_1_341' title='bbox 283 3811 455 3889; x_wconf 83' lang='lat' dir='ltr'>suscipiat,</span> <span class='ocrx_word' id='word_1_342' title='bbox 485 3822 519 3874; x_wconf 90' lang='lat' dir='ltr'>et</span> <span class='ocrx_word' id='word_1_343' title='bbox 545 3810 636 3872; x_wconf 84' lang='lat' dir='ltr'>exilii</span> <span class='ocrx_word' id='word_1_344' title='bbox 660 3809 768 3871; x_wconf 86' lang='lat' dir='ltr'>debita</span> <span class='ocrx_word' id='word_1_345' title='bbox 788 3831 893 3891; x_wconf 83' lang='lat' dir='ltr'>poena</span> <span class='ocrx_word' id='word_1_346' title='bbox 915 3817 1112 3870; x_wconf 86' lang='lat' dir='ltr'>conteratur.</span> <span class='ocrx_word' id='word_1_347' title='bbox 1157 3807 1240 3871; x_wconf 87' lang='lat' dir='ltr'>llius</span> 
     </span>
     <span class='ocr_line' id='line_1_44' title="bbox 114 3891 1268 3972; baseline 0 -20"><span class='ocrx_word' id='word_1_348' title='bbox 114 3899 223 3952; x_wconf 85' lang='lat' dir='ltr'>tamen</span> <span class='ocrx_word' id='word_1_349' title='bbox 247 3892 304 3972; x_wconf 68' lang='lat' dir='ltr'>qni</span> <span class='ocrx_word' id='word_1_350' title='bbox 328 3893 487 3956; x_wconf 86' lang='lat' dir='ltr'>obdurato</span> <span class='ocrx_word' id='word_1_351' title='bbox 518 3893 615 3955; x_wconf 86' lang='lat' dir='ltr'>corde</span> <span class='ocrx_word' id='word_1_352' title='bbox 639 3893 856 3954; x_wconf 84' lang='lat' dir='ltr'>obstinatione</span> <span class='ocrx_word' id='word_1_353' title='bbox 879 3892 1020 3953; x_wconf 83' lang='lat' dir='ltr'>malitiae</span> <span class='ocrx_word' id='word_1_354' title='bbox 1043 3891 1240 3970; x_wconf 80' lang='lat' dir='ltr'>interclusi,</span> <span class='ocrx_word' id='word_1_355' title='bbox 1266 3963 1268 3968; x_wconf 28' lang='grc' dir='ltr'>Ι</span> 
     </span>
     <span class='ocr_line' id='line_1_45' title="bbox 114 3965 1241 4058; baseline 0.001 -24"><span class='ocrx_word' id='word_1_356' title='bbox 114 3965 210 4047; x_wconf 69' lang='lat' dir='ltr'>idria</span> <span class='ocrx_word' id='word_1_357' title='bbox 224 3977 350 4036; x_wconf 78' lang='lat' dir='ltr'>illerum</span> <span class='ocrx_word' id='word_1_358' title='bbox 372 3990 544 4039; x_wconf 87' lang='lat' dir='ltr'>numerum</span> <span class='ocrx_word' id='word_1_359' title='bbox 565 3975 713 4058; x_wconf 90' lang='lat' dir='ltr'>superius</span> <span class='ocrx_word' id='word_1_360' title='bbox 735 3975 958 4055; x_wconf 84' lang='lat' dir='ltr'>constitutum,</span> <span class='ocrx_word' id='word_1_361' title='bbox 984 3977 1040 4033; x_wconf 87' lang='lat' dir='ltr'>ant</span> <span class='ocrx_word' id='word_1_362' title='bbox 1061 3973 1241 4054; x_wconf 87' lang='lat' dir='ltr'>professio-</span> 
     </span>
     <span class='ocr_line' id='line_1_46' title="bbox 114 4053 1240 4142; baseline 0.002 -26"><span class='ocrx_word' id='word_1_363' title='bbox 114 4053 458 4138; x_wconf 59' lang='lat' dir='ltr'>nefastus-publicans</span> <span class='ocrx_word' id='word_1_364' title='bbox 479 4058 679 4136; x_wconf 80' lang='lat' dir='ltr'>destiterint,</span> <span class='ocrx_word' id='word_1_365' title='bbox 701 4069 757 4118; x_wconf 87' lang='lat' dir='ltr'>aut</span> <span class='ocrx_word' id='word_1_366' title='bbox 777 4067 867 4119; x_wconf 82' lang='lat' dir='ltr'>extra</span> <span class='ocrx_word' id='word_1_367' title='bbox 888 4055 1088 4142; x_wconf 78' lang='lat' dir='ltr'>preadictum</span> <span class='ocrx_word' id='word_1_368' title='bbox 1109 4067 1240 4138; x_wconf 86' lang='lat' dir='ltr'>tempus</span> 
     </span>
     <span class='ocr_line' id='line_1_47' title="bbox 115 4134 1242 4224; baseline 0 -24"><span class='ocrx_word' id='word_1_369' title='bbox 115 4134 558 4224; x_wconf 63' lang='lat' dir='ltr'>Chiisiidhttfd‘inaneiplnm</span> <span class='ocrx_word' id='word_1_370' title='bbox 579 4141 699 4203; x_wconf 82' lang='lat' dir='ltr'>habero</span> <span class='ocrx_word' id='word_1_371' title='bbox 720 4141 1011 4224; x_wconf 72' lang='lat' dir='ltr'>praesumpserint,</span> <span class='ocrx_word' id='word_1_372' title='bbox 1041 4139 1082 4200; x_wconf 89' lang='lat' dir='ltr'>ad</span> <span class='ocrx_word' id='word_1_373' title='bbox 1103 4140 1242 4203; x_wconf 82' lang='lat' dir='ltr'>daman-</span> 
     </span>
    </p>
   </div>
   <div class='ocr_carea' id='block_1_3' title="bbox 34 4209 1253 4320">
    <p class='ocr_par' dir='ltr' id='par_1_4' title="bbox 34 4209 1253 4320">
     <span class='ocr_line' id='line_1_48' title="bbox 34 4209 1253 4320; baseline -0.009 -25"><span class='ocrx_word' id='word_1_374' title='bbox 34 4236 38 4242; x_wconf 82' lang='grc'><em>’</em></span> <span class='ocrx_word' id='word_1_375' title='bbox 114 4209 241 4288; x_wconf 54' lang='lat' dir='ltr'>siuns&amp;</span> <span class='ocrx_word' id='word_1_376' title='bbox 260 4224 453 4320; x_wconf 64' lang='lat' dir='ltr'>premissas</span> <span class='ocrx_word' id='word_1_377' title='bbox 471 4220 576 4310; x_wconf 62' lang='lat' dir='ltr'>fagis,</span> <span class='ocrx_word' id='word_1_378' title='bbox 587 4237 680 4310; x_wconf 60' lang='lat' dir='ltr'>quate</span> <span class='ocrx_word' id='word_1_379' title='bbox 695 4225 747 4306; x_wconf 68' lang='lat' dir='ltr'>de&lt;</span> <span class='ocrx_word' id='word_1_380' title='bbox 768 4218 1151 4320; x_wconf 69' lang='lat' dir='ltr'>Clnistianisrnsauoiplie</span> <span class='ocrx_word' id='word_1_381' title='bbox 1246 4256 1253 4266; x_wconf 23' lang='grc' dir='ltr'>κ-</span> 
     </span>
    </p>
   </div>
   <div class='ocr_carea' id='block_1_4' title="bbox 0 0 1324 4838">
    <p class='ocr_par' dir='ltr' id='par_1_5' title="bbox 0 0 1324 4838">
     <span class='ocr_line' id='line_1_49' title="bbox 0 0 1324 4838; baseline 0 5"><span class='ocrx_word' id='word_1_382' title='bbox 0 0 1324 4838; x_wconf 95' lang='lat' dir='ltr'> </span> 
     </span>
    </p>
   </div>
  </div>
 </body>
</html>
