2684 4868
249 301 353 362 neeis
371 297 665 363 memoremur
681 299 746 356 ua.
765 301 813 359 v1.
831 299 905 362 rtr.
923 305 970 364 ιν.
1125 285 1199 364 549

84 452 186 508 tenus
209 440 277 527 ipse
299 465 427 506 suarum
447 465 555 522 rerum
577 443 762 528 compulsus
790 443 905 506 damna
933 444 1107 526 sustineat,
1140 450 1196 537 qui

84 526 291 590 voluntarius
312 527 487 594 defendere
507 527 667 590 recusavit
687 525 923 610 interpellantis
943 526 1104 592 iniuriam.

525 667 581 733 IV.
632 687 783 744 serious.

128 779 170 841 St
196 779 398 842 itinerantem
425 783 495 866 quis
522 781 685 844 retinuerit
709 783 859 844 iniuriose
887 794 978 868 atque
1005 783 1157 854 nolenter.

173 862 209 926 Si
223 863 258 923 in
275 864 388 926 itinere
401 865 539 948 positum
555 863 673 945 aliquis
691 863 846 935 iniuriose
867 865 936 928 sine
955 889 1011 928 sua
1032 869 1197 930 voluntate

1 969 2 972 ’
85 946 285 1022 retinuerit,
314 955 347 1007 et
371 945 402 1007 ei
418 947 452 1008 in
471 946 563 1008 nullo
585 947 710 1008 debitor
731 948 869 1025 existat,
909 947 1052 1034 quinque
1077 950 1197 1014 solidos

1 1069 2 1078 i
110 1051 148 1089 ro
170 1050 226 1090 sua
247 1027 364 1089 iniuria
385 1038 602 1112 consequatur
620 1029 687 1107 ille,
706 1029 763 1112 qui
783 1039 927 1092 retentus
948 1041 1012 1094 este
1033 1041 1066 1096 et
1086 1033 1196 1094 sinon
1225 1081 1229 1088 .

85 1053 238 1179 {abuerit
259 1112 346 1172 unde
369 1120 550 1195 componat,
561 1112 617 1173 ille
640 1113 695 1194 qui
718 1134 793 1174 eum
813 1113 993 1194 retinuerit,
1013 1117 1049 1180 L.
1070 1115 1198 1199 flagella

87 1193 249 1277 suscipiat.
292 1195 435 1273 Quodsi
459 1194 586 1257 debitor
613 1194 663 1254 illi
685 1195 799 1274 luerit,
829 1203 863 1257 et
887 1195 1029 1260 debitum
1058 1199 1195 1262 reddere

88 1277 253 1354 noluerit,
281 1277 350 1337 sine
372 1277 488 1338 iniuria
508 1277 596 1338 huno
624 1276 777 1338 territorii
815 1277 915 1340 iudici
935 1289 1134 1362 praesentet,
1165 1291 1198 1344 et

87 1361 158 1442 ipse
180 1359 264 1420 illud
286 1361 373 1441 quod
393 1361 515 1421 iustum
535 1368 584 1422 est
603 1361 741 1422 ordinet.
781 1361 878 1441 Quod
900 1360 927 1423 si
949 1384 1054 1424 servus
1076 1363 1139 1426 hoe
1153 1362 1198 1424 si-

88 1465 131 1504 ne
159 1442 301 1503 iussione
332 1443 454 1523 domini
475 1443 693 1520 commiserit,
724 1453 853 1507 centnm
879 1443 962 1506 ictus
983 1445 1118 1527 accipiat
1139 1443 1198 1504 fla·
1281 1456 1283 1461 '

88 1525 262 1609 gellorum.
312 1525 346 1602 Si
366 1535 473 1587 antem
494 1526 624 1591 domino
652 1525 781 1596 iubente
811 1527 874 1606 hoe
893 1528 1018 1604 fecerit,
1039 1528 1080 1592 ad
1100 1547 1198 1610 supe-

89 1607 210 1672 riorem
232 1608 497 1692 compositionem
520 1608 667 1673 domiuus
687 1617 835 1692 teneatpp
854 1607 1024 1676 obnoxius,

446 1723 487 1790 V.
542 1745 605 1789 rna
644 1744 729 1789 cuns.
769 1743 838 1792 anx.

116 1837 159 1902 Ut
178 1839 236 1920 qui
255 1837 348 1900 alteri
367 1859 404 1906 ea
425 1837 566 1900 intulerit
587 1859 665 1922 quae
685 1839 803 1918 legibus
824 1860 887 1901 non
908 1841 1119 1914 eontinentur,
1140 1862 1178 1903 ea

357 1923 490 2006 recipiat
509 1941 588 2005 quae
603 1920 721 2002 fecisse
743 1921 950 1983 conuincitur.

172 2002 246 2064 Non
275 2002 408 2064 minoris
436 2012 484 2065 est
512 2025 612 2066 noxae
645 2004 753 2086 legum
781 2011 895 2065 statuta
927 2003 1069 2082 nescire,
1101 2025 1198 2085 quam

90 2084 226 2149 sciendo
247 2107 341 2169 prava
368 2086 576 2148 committere.
627 2087 830 2166 Quapropter
868 2085 1055 2168 quicunqne
1084 2087 1198 2148 hacte-

91 2191 154 2230 nus
182 2168 236 2229 vel
269 2178 341 2251 post
368 2168 449 2231 haec
471 2169 586 2229 illicita
604 2177 801 2251 perpetrans,
825 2177 879 2233 aut
903 2170 992 2248 leges
1015 2169 1137 2242 nescire
1162 2189 1197 2231 so

90 2251 220 2327 dixerit,
242 2261 296 2310 aut
314 2253 346 2310 in
369 2252 546 2334 cuiuspiam
567 2252 683 2312 damno
700 2251 752 2310 vel
770 2249 916 2332 periculo
934 2252 990 2312 illa
1010 2273 1198 2334 praesump-

87 2334 166 2396 serit
188 2334 369 2416 excogitare
390 2334 442 2396 rel
463 2355 576 2416 agere,
613 2354 693 2416 quae
717 2331 802 2393 dicat
822 2331 855 2392 in
879 2333 1001 2415 legibus
1024 2355 1089 2394 non
1116 2353 1197 2395 eon-

86 2416 209 2494 tineri,
238 2426 333 2498 atque
354 2417 429 2484 ideo
451 2437 516 2476 non
547 2437 639 2499 posse
674 2424 777 2476 reatm
807 2414 992 2477 subiacere:
1021 2415 1118 2476 huius
1147 2416 1197 2478 rei

87 2521 200 2560 caussa
222 2499 387 2560 convictus
407 2507 625 2584 praesumptor
637 2499 791 2559 continuo
804 2497 957 2579 pericula,
970 2498 1196 2582 ignominiam,

87 2591 250 2644 tormenta
271 2592 364 2664 atque
386 2583 580 2658 cruciatum,
612 2583 665 2644 vel
694 2581 808 2641 damna
836 2580 1007 2660 sustineat,
1037 2602 1117 2662 quae
1140 2581 1197 2642 alii

87 2665 214 2742 intulit,
234 2665 286 2726 vel
309 2665 477 2727 inferenda
498 2663 627 2728 molitus
648 2670 712 2725 est:
743 2671 837 2744 atque
858 2663 990 2746 insuper
1006 2664 1138 2761 publice
1159 2665 1198 2728 C.

87 2747 290 2829 flagellorum
309 2748 492 2812 verberibus
512 2767 631 2825 caesus,
645 2746 686 2811 ad
705 2767 881 2832 perennem
903 2748 1067 2811 infamiam
1088 2747 1197 2815 detor·

87 2831 186 2897 miter
207 2831 401 2898 decalvetur.
617 2839 619 2846 '

439 2941 498 3012 VI.
539 2965 602 3013 rte.
629 2967 732 3024 ‚cane
773 2963 844 3012 anx.

140 3061 190 3123 Ne
212 3063 255 3123 sit
276 3081 370 3138 reus,
401 3065 458 3143 qui
480 3073 643 3144 pereutere
662 3059 821 3121 uolentem
841 3071 914 3119 onte
931 3060 1132 3144 percusserit.
1188 3113 1190 3120 ,

169 3145 322 3205 Non-est
348 3143 488 3226 putanda
517 3141 693 3203 resistentis
713 3142 919 3224 improbitas,
948 3139 1004 3202 ubi
1037 3141 1200 3204 violenter

89 3227 290 3310 conspicitur
310 3225 539 3308 praesumentis
560 3225 702 3288 audacia.
749 3224 944 3304 Quicunque
965 3244 1042 3304 ergo
1064 3224 1194 3286 incaute

86 3318 380 3393 praesumptuosus,
393 3311 477 3370 fuste
499 3307 550 3369 vel
573 3309 681 3388 gladio
699 3327 755 3368 seu
770 3327 964 3388 quocunque
986 3305 1063 3383 ictu,
1084 3327 1197 3389 percu·

85 3403 155 3455 tere
177 3393 318 3474 aliquem
340 3392 436 3452 iratus
457 3391 613 3467 voluerit,
640 3390 693 3452 vel
714 3390 925 3471 percusserit,
956 3396 989 3448 et
1009 3399 1088 3450 tunc
1110 3389 1197 3451 idem

85 3486 310 3560 praesumptor
329 3475 369 3534 ab
390 3496 430 3535 eo
452 3495 548 3555 quem
568 3482 736 3554 percutere
756 3471 867 3547 voluit,
881 3471 925 3532 ita
945 3472 1043 3534 luerit
1062 3493 1196 3554 pereus-

89 3581 155 3636 sus,
177 3565 213 3616 ut
235 3557 396 3636 moriatur,
416 3557 489 3618 talis
518 3576 603 3616 mors
631 3578 688 3639 pro
715 3553 890 3614 homicidio
924 3555 1100 3636 computari
1131 3574 1198 3614 non

89 3640 229 3724 poterit,
253 3662 293 3701 ne
315 3639 511 3701 calumniam
536 3639 677 3721 patiatur
706 3637 761 3719 qui
788 3646 1043 3718 praesumentem
1063 3659 1198 3720 pereus-

90 3725 176 3786 aerit.
220 3723 303 3799 Quia
324 3722 523 3796 commodius
545 3722 607 3782 erit
627 3722 707 3782 irato
729 3720 891 3780 viventem
911 3719 1078 3798 resistere,
1102 3741 1196 3802 quam

90 3827 122 3868 se
143 3813 217 3889 post
238 3804 604 3866 obitum'uleisoeudum
625 3804 819 3884 relinquere.
842 3801 903 3861 llle
925 3817 1022 3881 sane,
1035 3803 1090 3884 qui
1110 3803 1199 3885 prior

88 3899 201 3951 eontra
229 3889 406 3970 quemlibet
433 3887 530 3950 iratus
559 3887 707 3948 eduxerit
737 3884 896 3966 gladium,
924 3886 1100 3966 quamlibet
1129 3907 1195 3946 non

88 3972 296 4055 percusserit,
324 3974 364 4031 X.
393 3978 500 4032 temen
528 3970 649 4032 solidos
675 3969 722 4047 ei,
752 3987 847 4050 quem
875 3979 1041 4048 pereutere
1071 3969 1194 4045 voluit,

88 4077 145 4142 pro
166 4054 427 4141 praesumptione
449 4054 517 4118 sola
538 4053 612 4117 dare
634 4050 799 4136 cogendus
821 4058 877 4113 est.
