2640 4838
262 275 366 350 neers
382 279 673 351 wtstoornonon
691 296 755 350 ua.
775 283 968 353 urrinni.
1103 279 1179 378 '625
1233 294 1234 297 ‘

62 434 143 522 'gule
165 433 254 518 signa
275 436 328 496 vel
351 438 441 496 notas
460 435 523 496 XX.
545 436 664 499 solidos
684 432 816 516 g),sscui
836 437 983 499 fraudem
1003 435 1180 521 fecit,'co-

64 528 159 603 gatar
180 518 320 578 inferre:
343 528 374 578 et
393 517 418 577 si
441 538 548 580 servus
571 529 636 598 est,
658 540 717 600 per
737 519 863 602 singula
884 521 973 604 signa
996 525 1031 583 L.
1053 525 1182 610 flagella

65 601 231 684 suscipiat,
250 600 426 661 etlimitem
440 610 470 660 et
478 602 651 662 terminum
661 601 815 662 restituat.
852 603 885 663 Si
900 603 972 700 quis
986 613 1094 668 autem
1105 612 1181 672 dum

65 693 153 758 arat,
187 693 241 744 aut
260 682 404 765 pomaria
431 682 489 744 vel·
505 685 633 746 vineam
653 683 795 766 plantat,
821 695 995 746 terminum
1018 710 1092 750 casu
1114 713 1180 752 non

65 768 231 828 voluntate
244 765 444 843 convellerit,
462 765 579 828 vicinis
594 767 816 851 praesentibus
827 769 975 830 restituat
987 771 1161 834 terminum
1173 798 1183 836 ε

66 859 101 910 et
120 849 325 931 postmodum
347 870 387 909 ex
408 845 475 908 hoc'
494 851 623 912 nullum
651 849 825 934 dampnum
845 861 899 914 aut
919 851 1103 936 periculum
1123 879 1181 919 ve·
1224 891 1226 896 ·

65 941 186 994 rentur.
1242 951 1245 961 “

109 1045 174 1110 111.
220 1047 309 1130 Quid
327 1048 523 1127 observetur,
547 1049 576 1107 si
596 1046 636 1108 de
658 1049 799 1110 terminis
813 1045 978 1114 ‘contentio
997 1052 1131 1122 orietur.

152 1129 442 1211 Quotienscunque
466 1131 505 1191 de
526 1131 672 1191 terminis
693 1131 793 1192 fuerit
809 1140 877 1191 orta
892 1135 1076 1214 contentio,
1092 1139 1183 1221 signa

66 1236 151 1299 qnae
173 1213 349 1295 antiquitus
373 1213 544 1274 constituta
566 1222 659 1289 sunt,
694 1223 819 1296 oportet
840 1213 979 1296 inquiri:
1003 1218 1105 1280 idest
1126 1243 1183 1304 ag-

66 1319 160 1382 geres
180 1305 284 1356 terrae
308 1296 373 1358 sive
396 1317 503 1373 arcas,
533 1317 611 1378 ques
635 1307 768 1379 propter
797 1298 878 1356 fines
899 1300 1076 1361 fundorum
1098 1305 1182 1365 anti-

67 1379 179 1462 quitus
200 1379 381 1460 apparuerit
400 1379 497 1440 fuisse
521 1382 721 1441 constructas
738 1389 834 1462 atque
854 1393 1035 1462 congestas:
1058 1384 1184 1466 lapides

70 1463 190 1539 etiam,
225 1482 306 1542 quos
335 1470 467 1544 propter
487 1460 607 1521 indicia
628 1461 840 1522 terminorum
868 1464 951 1524 notis
981 1465 1182 1530 evidentibus

66 1545 211 1627 sculptos
233 1543 413 1604 constiterit
443 1563 513 1604 esse
548 1545 682 1605 defixos.
737 1545 771 1604 si
792 1545 873 1604 baec
895 1544 985 1628 signa
1008 1548 1182 1627 defuerint,

64 1637 147 1692 tunc
169 1627 204 1686 in
226 1625 391 1688 arboribus
422 1634 535 1703 notas,
577 1646 656 1709 quas
685 1626 832 1688 decurias
859 1639 990 1707 vocant,
1030 1632 1184 1695 convenit

66 1709 249 1773 observari:
278 1708 336 1771 sed
357 1707 446 1788 illas,
468 1730 551 1791 quae
573 1708 751 1792 antiquitus
771 1710 948 1794 probantur
967 1711 1097 1775 incisae.

356 1823 414 1887 lv.
478 1839 539 1884 ets.
582 1845 646 1886 ons.
688 1843 774 1886 nens.
815 1845 886 1916 aex.

74 1933 77 1941 ¹
168 1939 206 2000 Si
232 1939 314 2002 alter
332 1941 418 2002 iutra
438 1941 588 2001 terminos
615 1940 735 2001 alienos
752 1937 917 2024 possidere
943 1939 1078 2010 dicetur,

149 2022 183 2083 si
205 2022 277 2119 quis
299 2023 384 2083 intra
404 2023 558 2084 terminos
593 2021 735 2100 alienos,
771 2045 831 2108 per
850 2026 1027 2088 absentiam
1048 2039 1103 2089 aut
1122 2046 1182 2112 per

65 2109 281 2192 ignorantum
303 2105 445 2181 domini,
474 2113 597 2187 partem
629 2104 769 2187 aliquam
799 2109 881 2168 forte
904 2110 1101 2190 possederit:
1139 2111 1182 2172 ita

66 2201 103 2252 ut
140 2189 291 2251 diuturna
325 2188 467 2265 mansio,
519 2188 613 2248 etiam
654 2188 688 2248 in
731 2190 833 2250 multo
868 2201 1012 2274 tempore
1049 2192 1182 2270 inolita,

65 2273 120 2336 vel
142 2272 276 2354 amplius
306 2293 403 2353 qnam
423 2271 458 2329 L.
480 2271 571 2331 annis
592 2270 777 2349 hominum,
807 2273 904 2355 partis
926 2273 994 2334 eius
1015 2275 1184 2352 habitatio,

67 2355 200 2440 publice
223 2364 255 2414 et
276 2351 482 2414 immobiliter
504 2352 677 2415 consistere
706 2362 762 2413 aut
780 2375 968 2438 permanere
993 2358 1181 2420 nullatenus
1218 2413 1220 2416 .

70 2437 314 2519 comprobetur:
337 2435 443 2497 statim
465 2456 538 2495 cum
558 2457 618 2518 per
638 2435 769 2520 antiqua
788 2436 877 2520 signa
899 2439 1100 2516 evidentibus
1128 2440 1181 2500 in-

69 2519 267 2604 spectoribus
289 2521 370 2580 fines
391 2517 455 2578 loci
477 2518 606 2578 alterius
628 2530 882 2601 cognoscuntur,
906 2521 1027 2584 amittat
1048 2523 1180 2584 domino

67 2602 314 2664 reformandum.
343 2603 410 2661 Nec
428 2611 538 2661 contra
555 2601 643 2682 signa
659 2601 817 2662 evidentia
835 2604 978 2665 debitum
1001 2605 1182 2676 dominium

69 2684 175 2745 ullum
196 2685 310 2766 longae
340 2682 548 2765 possessionis
575 2693 701 2766 tempus
722 2685 890 2747 excludat:
928 2688 985 2748 sed
1006 2685 1069 2749 hoe
1092 2689 1119 2750 si
1140 2707 1181 2750 ex

68 2768 122 2828 bis
137 2767 405 2827 contendentibus
421 2765 516 2826 unius
529 2766 716 2847 possessoris
733 2767 798 2829 sive
813 2779 980 2830 anctorum
993 2771 1062 2833 eius
1076 2770 1183 2832 domi·-

30 2879 32 2882 ·
71 2849 163 2910 nium
181 2849 361 2931 reperiatur
382 2848 546 2909 advenisse
568 2858 775 2930 postremum.
830 2853 910 2912 Nam
939 2851 1072 2915 sitente
1096 2865 1182 2916 tem·

68 2954 147 3016 pora
171 2931 385 3007 excesserint,
427 2941 462 2991 ut
483 2952 544 2991 nec
567 2931 627 3014 ipsi
649 2953 710 2993 nec
730 2943 875 3006 auctores
897 2956 1009 2995 eorum
1031 2936 1182 2998 noverint

67 3015 309 3098 cuiusprimum
327 3021 382 3073 aut
403 3013 581 3074 dominium
602 3022 656 3075 aut
675 3015 834 3096 possessio
854 3017 934 3078 fuit:
960 3016 1017 3077 sed
1040 3039 1101 3078 nec
1121 3039 1184 3101 per

67 3109 189 3161 testem,
204 3107 260 3157 aut
277 3117 336 3179 per
357 3095 543 3178 scripturam
564 3097 704 3178 potuerit
724 3108 902 3180 postremus
931 3116 1096 3181 possessor
1127 3121 1181 3160 os·-

67 3180 177 3241 tendi:
221 3179 297 3261 quia
330 3177 462 3239 dubium
490 3177 611 3258 primae
640 3180 849 3261 possessionis
882 3190 970 3264 patet
1002 3179 1179 3260 indicium„

66 3263 290 3346 unnsquisque
313 3261 401 3344 quod
422 3261 580 3342 possidet,
603 3261 856 3323 irrevocabiliter
884 3262 1069 3347 possidebit.
1112 3265 1181 3326 Ve-

66 3367 139 3408 rum
170 3344 225 3405 nbi
255 3365 339 3405 unus
367 3365 530 3425 possessor
561 3344 628 3406 sine
658 3345 789 3405 alterius
821 3345 944 3406 domini
979 3346 1180 3408 mansoribus

5 3481 6 3484 ,
65 3427 196 3514 publice
218 3428 385 3523 possidens
401 3427 465 3508 ¹per
485 3426 644 3488 evidentia
661 3426 750 3508 signa
765 3427 875 3488 locum
896 3450 937 3489 ex
959 3428 1085 3511 integro
1106 3429 1180 3490 vin·-

67 3511 174 3573 dicare
197 3511 337 3572 utetur:
359 3509 450 3570 nulla
471 3509 551 3569 ratio
574 3508 664 3587 sinit,
687 3518 723 3570 ut
744 3510 966 3593 quamvisper
987 3511 1084 3594 longa
1100 3523 1181 3572 tem-

66 3615 143 3678 pora
166 3593 237 3655 eius
255 3592 442 3676 possessinis
474 3591 638 3674 integritas
667 3593 866 3673 decerpatur.
918 3595 1010 3654 Unde
1039 3594 1066 3654 si
1098 3594 1181 3654 alter

66 3677 151 3738 illic·
169 3698 201 3738 se
233 3697 292 3759 per
323 3675 589 3760 praesumptivam
621 3671 836 3742 introduxerit
866 3674 1055 3752 novitatem,
1095 3673 1179 3736 nihil

5 3815 6 3818 ,
66 3773 186 3824 nocere
213 3759 331 3842 poterit
356 3758 541 3842 possessori.
595 3757 629 3818 Si
658 3776 732 3818 vero
763 3756 849 3819 idem
877 3756 983 3819 aliena
1011 3765 1179 3840 appetens,

66 3839 192 3922 aliquid
213 3863 254 3902 ex
274 3841 338 3902 hoc
358 3841 491 3925 repetit,
514 3861 580 3901 non
601 3839 833 3922 praesumptive
856 3837 913 3902 sed
932 3859 992 3924 per
1008 3836 1180 3917 iudicium,

66 3924 94 3984 si
116 3934 266 4002 meretur,
290 3925 441 3986 obtineat.
483 3925 562 3984 Nam
584 3925 611 3984 si
632 3923 797 3985 incondite
820 3933 851 3985 et
872 3921 1040 4008 improvise
1063 3925 1180 3986 adten-

53 4015 112 4084 [tet
134 4007 336 4090 aliquatenus
357 4007 511 4069 accedere
533 4007 634 4070 velle:
665 4007 760 4070 liceat
779 4005 869 4070 hunc
893 4006 1025 4071 domino
1046 4026 1120 4092 vere
1143 4015 1179 4069 ut

63 4157 494 4177 ·m'

135 4234 171 4305 g)
187 4235 252 4289 Duo
270 4235 356 4292 codd.
374 4235 465 4289 XXX.
484 4239 533 4291 sot.
