2640 4838
133 275 208 352 712
489 281 653 342 mittun
675 283 867 344 'uernans

133 425 240 499 eideni
258 422 459 497 voluntatem
480 435 579 491 taum.
621 427 701 490 ldeo
718 427 1019 492 'redeat'mundiam
1045 425 1179 492 eiusad
1196 427 1250 516 pa·

134 526 244 581 rentes
262 513 447 600 proximor,
475 511 533 594 qni
562 511 652 595 priua
672 531 741 572 eam
764 511 803 571 ad
830 511 980 572 maritum
1004 511 1167 574 dederint.
1209 516 1253 577 Et

133 599 161 662 oi
184 608 333 684 parentes
353 615 418 655 non
441 593 564 656 fuerint
587 592 740 675 legitimi,
761 601 841 654 tunc
864 593 1035 656 mundium
1054 594 1157 676 ipeins
1179 617 1251 657 mn·

131 681 222 744 lieria
238 681 277 742 ad
299 680 431 740 Curtem
451 675 547 760 Regia
562 676 731 758 pertineat
772 675 815 736 Et
838 675 864 737 ei
889 677 960 737 talia
984 677 1096 738 ‘luerit
1115 679 1250 757 mulier,

133 785 217 848 qnae
239 762 389 823 maritum
417 779 482 820 non
509 761 595 837 vult,
617 765 760 818 autnon
809 757 887 820 osuit
906 758 1041 838 habere,
1067 758 1109 821 ait
1130 759 1169 856 in
1188 781 1251 858 po-

133 855 246 908 testate
269 844 380 988 ipsine,
402 841 442 902 ad
457 861 554 923 quem
579 839 748 900 mundium
770 779 811 902 de
832 860 869 901 ea
892 842 1044 924 pertinet.
1085 843 1127 902 Et
1143 863 1170 904 ar
1190 843 1249 905 alle

133 947 204 990 eam
229 949 277 988 ma
295 949 311 988 e
329 923 491 1001 habuerit,
512 931 569 983 aut
590 925 786 999 tractaverit,
808 931 841 984 et
854 923 1024 1007 probatum
1043 921 1155 1004 faerit,
1168 935 1250 988 tunc

132 1007 232 1071 liceat
255 1009 347 1072 eiad
372 1014 519 1090 parentes
540 1025 613 1067 euos
640 1006 781 1088 reverti3
810 1015 842 1066 et
868 1006 894 1068 ei
915 1016 1067 1089 parentet
1091 1027 1158 1068 non
1186 1008 1250 1069 ha-

93 1121 98 1128 ·
130 1091 250 1172 buerit,
273 1092 313 1153 ud
333 1083 414 1172 qnos
436 1088 502 1170 ipsa
518 1097 711 1165 revertatur,
734 1089 773 1150 ad
791 1088 921 1150 Curtem
938 1089 1035 1171 Regia
1057 1089 1175 1151 habent
1193 1111 1250 1152 re-

130 1175 277 1259 fugium,
299 1183 331 1235 et
351 1171 521 1233 mundium
542 1170 621 1239 eiua·
634 1170 667 1230 in
688 1177 844 1254 potestate
869 1172 965 1254 Regia
983 1173 1033 1233 eit.
1104 1173 1148 1233 Π.
1175 1193 1199 1239 ι.
1219 1175 1250 1252 4.

141 1265 146 1272 ’
201 1275 284 1314 roau.
301 1259 407 1310 Domne
418 1253 524 1316 Comes,
535 1253 599 1305 date
615 1252 682 1305 huic
694 1251 811 1316 mulieri,
823 1262 949 1307 tutorem
969 1254 1050 1319 Dato,
1069 1253 1122 1307 dic.
1141 1255 1250 1308 Domne

132 1323 244 1391 Comes,
273 1329 325 1380 hoc
346 1326 415 1378 dicit
436 1324 538 1375 Mulier
555 1339 618 1377 cum
642 1325 719 1375 Petro
746 1341 796 1376 cuo
823 1331 928 1387 tutore,
956 1325 1031 1394 qnod
1052 1325 1149 1395 plur-ea
1173 1325 1249 1380 vices

132 1397 293 1450 reclamavit
311 1411 340 1448 ee
359 1395 392 1445 ad
407 1409 455 1446 voa
472 1392 507 1446 de
529 1393 560 1448 A.
579 1409 628 1445 auo
647 1401 771 1460 cognato,
790 1403 824 1466 et·
839 1412 890 1446 tuo
905 1394 1085 1459 mundoaldo,
1104 1397 1182 1465 quod
1198 1412 1251 1448 ue-

132 1475 179 1532 gat
200 1485 278 1520 auam
295 1465 485 1526 voluntatem,
516 1472 545 1516 et
566 1464 711 1526 maritum,
739 1481 822 1534 quem
841 1462 1087 1526 habet'electnm,
1107 1483 1166 1519 non
1186 1466 1249 1519 vult

132 1536 185 1589 cibi
204 1538 284 1601 dare3
311 1535 449 1587 undenos
469 1533 561 1604 plnres
580 1533 654 1586 vicet
684 1533 727 1585 illi
750 1534 897 1586 mandentia
921 1535 1025 1598 ιιιίιιοι,
1047 1542 1076 1589 et
1101 1535 1247 1606 epistolar,

132 1611 166 1659 rit
185 1607 219 1658 ad
238 1615 356 1660 vestrum
374 1603 507 1674 placitum
521 1603 637 1665 veniret,
656 1612 685 1656 et
703 1601 755 1655 eibi
773 1603 907 1656 iustitiam
924 1605 1045 1669 faceret,
1073 1612 1101 1657 ct
1123 1607 1176 1659 ille
1201 1623 1249 1658 ve-

131 1675 192 1729 nire
210 1675 308 1729 noluit.
345 1673 420 1727 Dicit
437 1683 468 1725 tu
490 1672 530 1725 ita
554 1673 679 1725 Mulier?
705 1673 846 1730 ‚Sicdicu
882 1673 916 1726 Et
936 1685 968 1727 tu
994 1692 1058 1726 suus
1082 1681 1160 1730 tutor
1179 1677 1248 1729 dicia

133 1745 199 1798 itai
225 1746 271 1798 Sic
290 1744 362 1797 dico.
397 1743 432 1794 Et
450 1760 518 1804 voa,
538 1744 642 1794 Domne
668 1742 783 1806 Cornea,
801 1744 980 1797 recordamini
1005 1743 1065 1797 eie?
1086 1747 1132 1800 Sic
1158 1763 1249 1799 recor·

134 1816 193 1870 dor.
230 1817 265 1868 Et
284 1831 331 1867 voa
348 1811 478 1866 iudicer?
494 1811 540 1864 Sic
558 1813 737 1866 recordamur.
773 1813 872 1878 Dicite,
891 1831 937 1867 voa
955 1814 1080 1878 iudicer,
1107 1817 1177 1886 quid
1202 1834 1248 1870 co·

132 1885 247 1940 mandat
263 1883 333 1936 lex?
369 1883 448 1934 Tunc
469 1881 573 1936 debent
590 1881 696 1936 dicere:
723 1882 751 1935 Si
771 1884 830 1954 quie
850 1883 936 1936 filiam
962 1901 1038 1938 tuam
1060 1893 1109 1941 aut
1128 1886 1249 1956 quamli-

132 1955 182 2008 bet
198 1963 337 2026 parentem
351 1952 381 2003 in
397 1952 522 2018 coningio
541 1952 588 2004 alii
606 1953 713 2006 dederit
729 1971 816 2074 aspie
835 1954 868 2005 ad
884 1963 1008 2024 parentes
1025 1956 1182 2024 proximos,
1198 1955 1247 2030 qui

132 2024 208 2096 prius
228 2042 287 2076 eam
305 2021 340 2074 ud
359 2021 485 2073 maritum
505 2021 637 2075 dederint.
672 2023 740 2075 Cum
785 2023 840 2075 icta
858 2023 941 2076 fuerit
958 2025 1014 2086 lex,
1032 2023 1168 2092 interroga
1183 2043 1247 2079 eum

156 2091 183 2145 ui
204 2095 264 2146 vult
286 2091 371 2164 ipsam
389 2091 524 2144 feminam.
560 2093 608 2146 vie
628 2093 751 2162 accipere
770 2095 804 2145 ad
822 2094 977 2160 coniugium
996 2093 1145 2160 legitimam
1165 2094 1246 2149 eam?

131 2113 204 2218 iola
226 2167 285 2216 Deo
302 2163 421 2216 volente.
459 2163 494 2214 lit
519 2171 571 2224 tu,
599 2163 714 2225 Mulier,
739 2163 779 2214 vie
799 2180 861 2215 cum
886 2163 1009 2234 accipere
1037 2165 1071 2216 ad
1094 2166 1246 2232 legitimum

134 2232 313 2300 coniugium?
347 2233 418 2284 Volo
432 2232 552 2284 volente.
587 2231 622 2284 Et
642 2239 710 2285 tnnc
725 2233 790 2286 dic:
814 2235 848 2285 Ee
868 2243 900 2286 tu
925 2244 1036 2304 paratur
1055 2237 1094 2288 ad
1123 2237 1246 2289 dandum

133 2304 309 2360 medietatem
335 2302 369 2354 de
390 2311 464 2354 meta
483 2302 606 2356 haeredit
623 2303 718 2383 prioris
743 2302 851 2356 mariti?
875 2305 949 2358 Sum.
1002 2304 1122 2358 Centum
1145 2305 1247 2359 eolidoa

134 2373 220 2426 dedit.
265 2373 338 2426 Ecce
364 2373 391 2424 1..
421 2373 483 2424 Post
511 2371 572 2424 dic:
607 2373 636 2425 Si
663 2373 731 2424 adeo
753 2382 794 2425 eat
823 2373 926 2427 facturn
951 2391 999 2446 pro
1018 2375 1072 2428 hoc
1104 2377 1182 2430 venit
1206 2377 1244 2427 M.

135 2443 288 2513 quodvult
310 2457 435 2511 sponsare
454 2443 485 2493 D.
506 2442 589 2493 filiam
617 2444 644 2493 P.
668 2443 773 2496 Venisti
794 2450 827 2495 tu
852 2451 961 2514 propter
982 2443 1061 2496 hoc?
1086 2446 1166 2500 Veni.
1201 2447 1246 2498 Da

135 2513 330 2581 vadium,quod
347 2511 437 2563 -faciea
459 2510 497 2562 eie
521 2520 643 2584 quartam
663 2513 815 2582 portionem
835 2523 938 2584 quanto
961 2522 993 2566 tu
1015 2513 1117 2578 habes,
1146 2525 1194 2570 aut
1215 2516 1247 2567 in

102 2585 104 2592 '
134 2592 217 2635 antea
237 2583 379 2651 adquirere
397 2579 529 2650 potueris,
553 2589 610 2632 tam
629 2582 664 2632 de
685 2598 713 2633 re
729 2583 842 2646 mobili,
861 2601 999 2654 quamque
1020 2585 1174 2650 immobili,
1196 2601 1247 2638 acu

109 2687 111 2694 .
134 2652 264 2712 familiia,
286 2660 314 2703 et
334 2651 356 2702 ei
377 2659 405 2702 te
423 2650 586 2704 subtraxeris
609 2667 754 2721 componat
777 2653 858 2706 librat
884 2654 915 2705 (l.
959 2653 994 2706 Et
1015 2671 1063 2724 per
1083 2655 1165 2708 iatam
1186 2672 1249 2726 spa-

131 2733 189 2776 tam
208 2730 236 2774 et
251 2720 334 2774 iatum
349 2729 515 2772 vuantonem
531 2739 629 2790 sponso
643 2721 695 2774 tibi
713 2723 749 2774 M.
766 2740 855 2776 meam
872 2723 966 2786 fabam,
989 2733 1062 2778 etta
1076 2727 1173 2796 accipe
1188 2743 1249 2780 cem

134 2789 273 2862 rponaaiio
291 2789 428 2841 nomine?
460 2799 488 2842 et
517 2792 648 2845 comenda
674 2809 734 2844 cam
756 2811 890 2864 nmquam
916 2793 951 2845 ad
982 2795 1125 2846 terminum
1150 2798 1248 2849 talem.

134 2863 179 2916 'l'u
198 2863 276 2913 Pater
293 2859 427 2912 foeminae
444 2860 480 2910 da
499 2859 632 2924 madiaci,
652 2861 727 2934 quod
745 2872 776 2915 tn
795 2865 841 2914 dcc
860 2881 919 2915 eam
944 2864 978 2916 ad
991 2881 1109 2928 uxorem,
1136 2874 1165 2916 et
1182 2865 1251 2918 mit·

135 2940 177 2985 tas
195 2949 253 2984 eam
278 2929 328 2982 sub
353 2927 474 2980 mundio.
509 2929 543 2982 Et
566 2939 598 2983 tu
621 2932 655 2982 da
675 2971 681 2996 ‚
717 2933 792 3002 quod
815 2951 873 2984 eam
893 2933 1024 3004 accipias;
1051 2941 1078 2984 et
1102 2933 1192 3003 qualia
1215 2952 1249 2986 ae

136 2999 300 3053 subtraxerit
324 3007 469 3068 componat
490 3001 590 3052 solidos
614 3002 697 3053 prilla.
742 3003 810 3054 Cum
825 3003 950 3056 venerint
967 3003 1001 3056 ad
1020 3002 1162 3055 terminum
1173 3005 1248 3056 fiant

137 3073 260 3124 cartulae
278 3071 379 3131 lectae,
404 3078 433 3121 ct
450 3069 498 3120 fiat
521 3071 578 3121 socr
594 3071 638 3122 ina
662 3071 763 3124 tradita
780 3090 828 3142 per
840 3089 957 3124 manum.
993 3075 1101 3144 Propter
1116 3072 1171 3124 hoc
1194 3073 1249 3125 dat

135 3145 230 3196 Petrus
248 3139 320 3192 buno
340 3156 479 3205 grumam,
506 3149 539 3192 ut
556 3141 647 3194 mittas
671 3157 728 3194 eam
751 3143 802 3194 aab
827 3144 940 3195 mundio
961 3159 1027 3196 cum
1053 3142 1177 3208 omnibus
1204 3161 1252 3196 re-

136 3211 188 3264 bus
212 3209 370 3271 mobilibus,
388 3219 415 3262 et
429 3209 623 3276 immobilibus,
643 3227 690 3264 seu
711 3211 842 3276 familiis,
871 3230 942 3294 qnae
959 3213 995 3264 ad
1018 3231 1076 3266 eam
1094 3231 1142 3284 per
1158 3214 1250 3279 legem

158 3281 289 3343 ertinont,
316 3289 344 3332 et
365 3278 507 3331 mundium
530 3288 557 3332 et
582 3297 704 3347 grosnam
724 3281 814 3334 tradas
834 3282 885 3334 aibr
909 3284 943 3335 ad
963 3285 1110 3355 proprium.
1154 3283 1197 3335 Da
1224 3282 1250 3335 ei

135 3300 289 3404 ionecmld.
323 3349 475 3420 Praecipite
498 3350 555 3401 fieri
576 3351 712 3412 notitiam,
731 3352 828 3404 Donne
849 3353 954 3406 Comes.
1109 3355 1111 3362 '

206 3421 283 3470 Petre
309 3427 338 3472 te
356 3419 477 3491 appellat
494 3420 646 3483 Martinus,
665 3420 783 3489 quodtu
809 3431 886 3474 tenes
907 3423 958 3474 cibi
978 3423 1052 3476 malo
1071 3423 1167 3477 ordine
1193 3423 1252 3476 Dn-

136 3491 205 3544 riam
231 3507 307 3542 sitam
326 3489 529 3542 mundoaldam'.
573 3493 634 3560 lpaa
658 3506 719 3542 mcc
746 3501 787 3544 eat
805 3493 989 3557 mundoaldo,
1013 3502 1041 3546 et
1064 3495 1164 3546 mulier
1188 3510 1251 3545 mea

136 3570 165 3613 et
183 3570 214 3612 tn
233 3559 372 3624 denegasti
393 3561 565 3615 voluntatem
588 3577 679 3625 saam3
710 3569 738 3613 et
764 3579 830 3614 ecce
856 3565 968 3619 noticia.
1020 3565 1101 3618 Falsa
1127 3572 1169 3618 eat
1191 3563 1252 3635 ipra

136 3630 251 3698 noticia.
288 3631 358 3682 Aut:
380 3630 478 3682 Missus
495 3632 539 3683 vel
567 3630 681 3700 epistola
703 3648 758 3682 non
777 3633 854 3686 venit
884 3635 919 3686 ad
943 3648 995 3684 me.

206 3701 287 3756 Petro
302 3707 330 3750 te
348 3702 469 3769 appellat
497 3700 639 3764 Martinus,
670 3701 745 3769 quod
766 3710 797 3754 tu
821 3711 899 3756 tenca
916 3703 967 3756 sibi
991 3703 1064 3756 malo
1082 3700 1178 3756 ordine
1195 3711 1254 3756 ter·

135 3787 193 3822 ram
215 3771 242 3820 in
265 3767 315 3822 tali
337 3769 409 3824 loco.
446 3769 508 3842 Ipsa
529 3779 601 3823 terra
617 3789 678 3824 mea
696 3773 802 3841 propria
823 3781 873 3836 est,
900 3775 935 3824 de
958 3781 1035 3842 parte
1056 3774 1154 3826 Duriae
1173 3789 1255 3826 meae

134 3839 264 3892 muiicris.
301 3834 361 3890 lton
390 3838 527 3892 debeata
552 3858 611 3891 eam
643 3842 808 3906 succedere,
841 3843 971 3914 quoniam
996 3861 1057 3894 mea
1081 3843 1256 3896 mundoalda

132 3909 210 3972 tuit,
235 3916 263 3962 ct
288 3925 343 3959 non
360 3909 411 3961 tibi
438 3926 497 3960 cam
518 3909 581 3962 dedi
606 3909 640 3961 ad
661 3926 781 3963 uxorem.
818 3912 873 3966 Aut
891 3912 1018 3966 ostendat
1035 3913 1180 3978 notitiam,
1205 3922 1256 3968 aut

136 3978 235 4050 probet
256 3988 414 4048 pertristes,
434 3979 570 4050 quomado
587 3979 639 4034 luit
655 3998 704 4032 cua
723 3981 840 4052 mulier,
862 3993 909 4036 aut
927 3982 1024 4052 perdat
1038 3991 1145 4038 terram.

219 4047 434 4112 CLXXXlIl.
478 4049 509 4110 Si
545 4051 616 4131 quis
649 4071 707 4130 pro
738 4053 874 4115 muliere
903 4053 1023 4131 libera,
1058 4063 1114 4115 aut
1141 4052 1258 4136 puella

107 4167 111 4176 ·
136 4131 305 4192 mundium
328 4129 465 4206 dederit,
489 4134 570 4191 etei
594 4133 706 4194 tradita
729 4133 830 4194 faerit
850 4136 889 4197 ad
909 4156 1054 4214 uxorem,
1075 4145 1258 4218 posteaque

136 4223 281 4276 mortuus
309 4213 409 4274 suerit
438 4215 587 4292 maritus,
622 4225 653 4276 et
683 4215 872 4300 contigerit,
906 4229 942 4280 ut
970 4217 1038 4302 ipra
1067 4218 1188 4282 mulier
1214 4219 1259 4282 ad
