2648 4874
134 235 209 338 dnn
304 295 308 306 .
350 251 463 334 'areis
480 252 772 333 wrsinornoaan
799 263 871 330 ets.
890 274 929 329 n.
946 271 1018 330 nr.
1037 277 1064 334 r.

134 423 244 486 tardas
263 441 322 505 pro
345 418 412 500 ipsa
434 411 593 478 divisione
609 412 725 477 extitit·
739 411 898 481 facienda.
939 415 1038 494 Quod
1057 414 1085 478 si
1103 435 1142 478 ea
1161 435 1248 499 quae

135 507 234 572 index
257 497 599 574 ordinarer-Morarit,
631 497 699 558 saio
719 497 858 562 callidus
884 497 1019 580 implere
1045 499 1248 581 neglexerit,

133 611 185 650 res
207 589 248 651 de
270 608 333 668 qna
354 580 479 666 agitur,
508 579 536 642 si
557 579 688 646 unciaru
707 580 780 642 auri
803 580 855 644 rel
883 580 969 641 inira
989 580 1099 644 valere
1126 583 1248 644 consti-

132 671 227 749 terit,
263 669 315 744 nn
344 667 396 730 cui
423 685 474 727 res
496 663 605 726 debita
637 672 685 726 est
712 663 799 726 idem
826 661 894 726 saio
921 662 963 725 de
991 685 1050 726 sno
1075 665 1148 726 auri
1173 664 1250 727 soli·
1311 697 1314 704 ·

133 755 211 817 dnm
235 751 360 816 reddat.
413 745 448 810 Si
475 755 563 810 certe
584 745 658 830 pius
681 746 841 823 valuerit,
867 766 930 827 per
950 744 1093 828 singulas
1112 747 1246 828 uncias,

132 836 277 919 singulos
299 829 420 896 soiidos
443 851 502 912 pro
522 851 581 892 sua
606 828 754 892 tarditate
771 829 944 909 persolvat.
997 829 1090 892 Idem
1111 850 1192 895 vero
1218 827 1247 892 si

132 940 230 1002 super
251 917 329 980 duas
357 913 469 975 uncins
499 933 603 996 usquc
628 911 669 974 ad
689 911 806 976 libram
829 909 900 972 auri
922 910 1033 974 eadem
1054 933 1107 974 res
1134 911 1246 976 valere

131 1002 303 1086 probatur,
339 999 380 1063 X.
402 994 529 1078 flagella
557 993 719 1077 rusdpiat.
759 993 806 1056 Ac
834 993 882 1056 ric
904 1004 1069 1058 crescente
1090 993 1164 1056 auri
1186 1016 1248 1058 nn·

131 1105 242 1161 mero,
273 1090 396 1144 crescat
417 1084 450 1139 et
469 1097 574 1160 poena
598 1076 728 1160 flagelli.
769 1076 875 1142 Iidem
900 1097 978 1140 vero
999 1077 1144 1156 saiones,
1170 1098 1247 1141 cum

131 1188 192 1248 pro
212 1164 331 1228 massis
357 1160 473 1224 alienis
496 1161 637 1237 radunt,
658 1159 686 1222 si
706 1159 814 1225 minor
834 1181 944 1226 caussa
964 1170 1014 1224 est
1033 1169 1068 1222 et
1086 1181 1246 1241 persona,

132 1246 372 1311 deosculandos
390 1251 533 1321 tantum,
562 1243 601 1306 ab
622 1263 661 1306 eo
682 1243 776 1307 cuius
797 1265 909 1308 caussa
931 1253 998 1322 est,
1019 1241 1158 1326 accipiat
1169 1241 1245 1306 nn·

130 1331 262 1413 gendos.
304 1328 338 1389 Si
360 1345 437 1389 vero
457 1326 560 1386 maior
578 1344 716 1410 persona
741 1326 844 1392 tuerit
869 1335 903 1390 et
922 1347 1054 1402 mussa,
1088 1345 1154 1387 non
1176 1347 1247 1388 am-

131 1415 218 1492 ptius
239 1430 335 1494 qaam
356 1430 413 1472 sex
434 1407 573 1473 caballos
599 1416 632 1472 et
656 1430 716 1493 pro
736 1410 855 1476 itinere
881 1417 914 1474 at
933 1431 994 1497 pro
1015 1407 1174 1492 dignitate
1192 1407 1248 1472 de·
1311 1437 1313 1440 ·

131 1495 222 1560 bebit
246 1494 403 1579 accipere.
1075 1533 1079 1542 ι

426 1669 552 1738 XXVI.
595 1693 657 1740 ras.
688 1693 752 1738 crs.
774 1694 861 1738 oros.
881 1693 950 1741 aar.

137 1813 234 1902 Quod
253 1814 373 1892 omnis,
393 1811 449 1895 uui
460 1822 646 1896 potestatem
662 1810 777 1895 accipit
787 1807 970 1890 iudicandi,
992 1808 1107 1878 indicis
1119 1813 1247 1878 anniae

523 1905 687 1956 censeatur
705 1914 749 1956 ex
771 1894 847 1974 lege.

217 1977 392 2060 Quoniam·
408 1974 612 2060 negotiorum
643 1976 787 2038 remedia
815 1974 1025 2040 multimodae
1051 1973 1271 2042 adversitatis-

136 2062 329 2147 csmpendio
367 2059 527 2144 gaudent,
558 2058 631 2120 ideo
655 2062 750 2137 Dux,
780 2059 916 2138 Comes,
948 2060 1119 2142 Vicarins,
1156 2061 1246 2146 pacis

136 2157 291 2224 assertor,
323 2141 513 2226 tiuphadus,
549 2140 768 2220 millenarius,
803 2141 1114 2226 quingentenarins,
1136 2155 1244 2206 cente·

137 2230 269 2304 itarius,
301 2227 460 2301 decanus,
492 2223 663 2300 defensor,
695 2224 915 2304 numerarius,
947 2227 1056 2306 etqui
1086 2248 1127 2288 cx
1156 2226 1245 2310 regia

137 2311 300 2387 iussione,
320 2306 491 2369 autetiam
511 2325 550 2366 ex
571 2327 731 2368 consensu
752 2307 912 2391 partium,
942 2308 1067 2371 iudices
1088 2309 1122 2370 in
1143 2331 1245 2391 nego·

136 2393 190 2454 tiis
211 2393 399 2472 eliguntur,
432 2387 500 2450 sire
530 2387 752 2470 cuiuscunque
781 2389 904 2452 ordinis
929 2389 1064 2453 omnino
1090 2413 1244 2476 persona,

138 2475 191 2536 cui
222 2474 329 2534 debite
347 2470 491 2532 iudicare
512 2470 717 2549 conceditur,
740 2471 783 2532 ita
804 2494 915 2534 omnes
930 2474 965 2534 in
987 2482 1144 2554 qnantum
1165 2473 1248 2536 iadi-

139 2556 235 2619 candi
262 2561 450 2638 potestatem
479 2551 662 2634 acceperint
689 2553 805 2617 indicis
831 2556 963 2619 nomine
990 2565 1185 2620 censeantur
1207 2577 1247 2618 ex

139 2641 227 2722 lege:
255 2649 292 2700 ut
314 2635 398 2698 sicut
418 2633 532 2696 iudicii
557 2635 742 2718 acceperint
767 2637 855 2720 iura,
883 2637 928 2702 ita
957 2647 990 2704 et
1015 2638 1125 2724 legum
1151 2639 1248 2704 susti-

139 2730 238 2786 neant
260 2720 335 2783 aive.
354 2717 521 2781 commoda
544 2717 610 2780 sive
632 2719 778 2803 dampna.

428 2900 562 2967 XXVII.
604 2923 667 2986 ans.
689 2925 753 2971 cns.
775 2925 861 2973 acne.
882 2927 951 2970 anx.

149 3042 190 3106 Ut
213 3063 303 3105 cnunc
324 3041 508 3118 ,uinculum
539 3039 627 3124 quod
650 3055 724 3126 post
744 3041 852 3105 datam
874 3046 1025 3106 iniustum
1055 3039 1210 3105 indiciam
1230 3065 1250 3102 a

296 3123 464 3186 causidicis
484 3125 640 3186 violenter·
650 3123 757 3206 fuerit
782 3139 948 3206 exactum,
972 3127 1100 3190 omuino

513 3207 665 3268 habeatur
694 3207 881 3272 invalidum.

224 3287 373 3352 Vidimus
395 3286 557 3350 interdum
579 3287 732 3352 iustitiam
751 3291 790 3350 ab
811 3290 933 3374 iniquia
952 3291 1114 3354 indicibus
1138 3299 1171 3354 et
1192 3309 1252 3353 nno

144 3377 217 3437 loco
240 3376 414 3450 seclusam,
441 3381 474 3452 et
498 3370 608 3435 debito
637 3371 744 3455 vigore
761 3373 914 3436 solutam:
942 3371 1133 3437 iniustitiam
1146 3381 1253 3435 antem

145 3467 179 3520 et
202 3457 273 3518 loco
296 3454 436 3517 iustitiae
468 3453 709 3534 introductam,
737 3462 769 3515 et
790 3455 899 3519 multis
920 3458 1024 3522 modis
1049 3457 1254 3520 decretorum

145 3539 288 3600 vinculis
310 3535 479 3620 alligatam.
522 3537 662 3616 Quidam
685 3537 772 3600 enim
794 3550 963 3622 postquam
991 3540 1113 3603 indicia
1134 3539 1254 3600 iniusta

147 3619 413 3706 conscripserint,
433 3627 605 3682 autunum
623 3631 679 3683 aut
700 3617 804 3684 ambas
825 3622 1040 3684 caussantium
1060 3633 1167 3706 partes
1186 3623 1254 3703 pia-

148 3704 288 3766 citorurn
307 3703 392 3764 inter
417 3725 450 3765 se
471 3699 608 3764 nexibus
629 3705 747 3787 ligant,
770 3725 810 3766 ne
829 3705 948 3778 iniuste
970 3707 1079 3768 datum
1095 3704 1254 3768 indicium

147 3787 342 3869 quandoque
364 3785 445 3847 iusta
466 3783 675 3849 contentione
704 3787 879 3854 resolvant.
920 3787 1010 3851 Adeo
1034 3787 1090 3849 ubi
1112 3809 1180 3850 nnn
1203 3787 1254 3850 di·
1304 3832 1308 3837 -

147 3879 273 3946 rectus,
304 3877 337 3930 et
358 3867 442 3929 bene
465 3867 602 3951 placitus
625 3879 673 3930 est
693 3869 942 3932 convenientiae
962 3871 1093 3950 modus,
1120 3872 1178 3934 scd
1198 3869 1256 3932 ubi

146 3973 205 4036 pro
227 3950 465 4032 comprimenda
484 3951 564 4012 iuste
579 3951 753 4014 nauseantis
770 3951 952 4014 intentione
970 3953 1021 4015 vei
1044 3975 1141 4032 voce,
1159 3974 1258 4036 repe·

148 4036 280 4096 rinntin·
304 4053 499 4116 <lucanaque
528 4032 624 4094 modo
653 4034 880 4096 definitionum
895 4059 899 4072 ¹
914 4033 1048 4100 vincula
1074 4036 1256 4118 conligata,

147 4116 296 4178 (curribus
326 4117 427 4176 modis
450 4116 627 4176 lrabeantur
647 4116 808 4200 invalida,
841 4137 902 4180 nec
921 4117 986 4181 sint
1015 4118 1256 4186 adinventionis

146 4199 282 4264 aiicuins
307 4200 509 4264 connexione
534 4200 665 4266 firmata.
842 4207 847 4220 '
1247 4209 1249 4216 ‘
