2684 4868
131 259 207 334 520
332 279 436 336 eecrs
454 281 744 338 wrsreornorurr
763 282 827 338 ure.
844 282 876 336 v.
895 280 964 336 r1r.
984 281 1031 335 w.
1136 329 1139 336 ,

129 407 189 506 pro
203 418 315 499 enei,
335 420 390 482 eui
407 418 625 501 revendidit,
647 421 723 482 dure
745 419 920 503 elegerint3
940 417 1068 481 reddito
1086 415 1127 478 ed
1150 417 1239 478 inte-

131 519 225 588 grum
250 504 381 586 precio,
411 505 500 586 quod
534 525 593 586 pro
616 505 738 566 venditi
768 524 905 585 persona
936 510 1058 584 emptor
1092 501 1236 582 accepit,
1299 500 1304 510 '

130 589 171 648 ed
198 585 558 686 ingenuitatistitulum
578 585 636 649 iile
647 631 657 666 ‚
681 587 739 670 qui
758 607 792 651 sc
814 585 1020 663 vendiderat,
1040 583 1157 668 poterit
1181 604 1238 644 re-

130 685 251 733 ronan.
1119 697 1125 710 ·

548 781 610 848 xl.
658 767 817 858 serious.⁵

130 901 181 963 De
207 900 282 962 uiris
303 919 340 962 ae
360 899 544 962 mulieribus
563 899 705 977 ingenuis
725 920 745 956 a
765 916 860 957 seruo
882 895 931 958 vel
942 895 1075 974 ingenuo
1088 891 1239 959 uenditis.

214 983 248 1044 si
269 980 630 1063 ingenuumvendere,
658 979 710 1041 vel
738 979 859 1040 donare
880 975 1145 1060 praesumpserit,
1173 975 1240 1034 hu-

132 1064 270 1128 iusmodi
289 1073 563 1147 praesumptorem
582 1063 682 1140 iudex
697 1059 973 1142 comprehendere
993 1081 1059 1121 non
1081 1066 1241 1132 moretum

130 1148 175 1208 itu
198 1156 234 1209 ut
261 1146 421 1228 ingenuus
446 1147 505 1211 ille
531 1147 566 1206 in
591 1147 707 1207 statum
731 1165 825 1204 suum
849 1143 999 1204 reductus
1020 1151 1152 1204 eentum
1170 1137 1241 1198 auri

129 1227 251 1292 solidos
271 1250 288 1288 s
309 1238 549 1310 praesumptore
571 1227 744 1311 percipiat:
765 1235 820 1288 eut
844 1224 871 1284 si
892 1246 956 1284 non
979 1223 1130 1284 habuerit
1151 1221 1239 1282 uude

131 1319 320 1393 componet,
343 1320 476 1372 eentum
499 1310 634 1392 flagellis
654 1308 784 1395 Publice
812 1307 1017 1384 verberatus,
1050 1306 1084 1364 in
1104 1313 1242 1388 potestu-

130 1403 163 1458 te
191 1395 261 1456 eius
280 1392 455 1454 serviturus
474 1391 636 1470 trudatur,
662 1413 760 1473 quem
778 1389 922 1450 vendere
943 1389 996 1450 vel
1017 1389 1137 1450 elonure
1151 1389 1243 1469 prue-

131 1483 318 1558 sumpserut.
359 1475 480 1536 Servus
502 1474 632 1536 veroin
649 1473 682 1534 in
707 1492 821 1534 ennom
845 1491 1014 1554 personam
1039 1469 1115 1531 tuiis
1133 1471 1241 1530 iecere

130 1559 265 1620 sonasse
296 1577 521 1638 praesumens,
561 1496 810 1639 compredensus
836 1576 854 1614 a
882 1554 991 1617 iudice
1024 1551 1242 1613 ducentorum

132 1638 335 1722 flagellorum
351 1639 466 1700 ictibus
487 1639 617 1722 publice
642 1638 853 1720 ¹verberetur:
875 1645 906 1697 et
933 1635 1116 1698 decalvatus
1135 1633 1242 1716 turpi-

133 1729 202 1799 ter,
237 1720 306 1782 eius
325 1722 512 1802 perenniter
542 1722 675 1784 servitio
700 1718 875 1781 addicatur.
937 1717 1044 1800 Atque
1077 1716 1174 1778 etium
1201 1716 1242 1777 de

133 1801 325 1864 mulieribus
346 1803 497 1888 ingenuis
515 1803 655 1868 venditis
676 1802 730 1869 vel
748 1801 893 1881 donatis,
915 1800 1013 1862 huius
1037 1798 1161 1864 ordinis
1178 1797 1244 1860 foe

133 1907 186 1950 ma
209 1895 366 1956 servetur.

561 1999 640 2069 ΧΠ.
667 2021 816 2094 turrecr,

189 2117 263 2180 Non
283 2117 379 2178 licere
403 2117 587 2203 parentibus
608 2116 706 2200 filios
726 2137 798 2178 suos
821 2132 1002 2197 quoeunque
1022 2123 1188 2175 contractu

437 2201 568 2261 alterius
589 2200 730 2260 dominio
757 2199 933 2278 subiugum.
1044 2209 1045 2212 ’

149 2325 152 2332 ·
216 2280 410 2344 Parentibus
436 2281 520 2342 filios
549 2303 623 2344 suos
642 2278 784 2342 vendere
805 2303 871 2342 uon
899 2278 1016 2356 licent,
1036 2285 1093 2339 snt
1116 2277 1250 2354 donare,

137 2363 190 2424 vei
223 2363 454 2445 oppignorares
494 2384 556 2425 nee
588 2386 630 2425 ex
660 2362 728 2424 illis
755 2363 881 2444 aliquid
912 2361 976 2422 iuri
1009 2381 1068 2422 suo
1096 2357 1251 2420 defendet

137 2444 213 2506 itte·
233 2445 291 2525 qui
327 2444 507 2528 acceperit,
548 2446 607 2508 sed
646 2444 746 2527 magis
780 2445 926 2526 precium
956 2443 1008 2507 vel
1045 2440 1251 2523 repositionis

138 2525 342 2588 commodum
380 2527 471 2607 quod
494 2527 654 2608 dederat,
690 2526 822 2612 perdet,
863 2527 922 2611 qui
956 2547 974 2587 n
1000 2523 1189 2610 perentibus
1217 2522 1254 2582 fi-

132 2603 215 2670 lium
237 2608 443 2693 comparavit.
1249 2633 1254 2643 ·

482 2749 574 2814 Xlll.
614 2771 677 2813 rus.
707 2771 793 2817 euos.
826 2771 895 2813 ner.

426 2865 475 2930 De
501 2883 665 2926 seruorum
690 2867 783 2928 rebus
807 2865 959 2933 uenditis.

225 2981 299 3054 Res,
313 2978 392 3042 iuris
416 2978 515 3040 alieni
530 2978 600 3040 sine
624 2978 747 3040 domini
766 2981 932 3043 voluntate
953 2979 992 3041 ab
1015 2999 1076 3058 eo,
1103 2979 1247 3063 quinon

140 3059 239 3124 habet
259 3059 459 3126 distrahendi
477 3070 666 3143 potestatem
684 3063 819 3124 alienari
846 3085 911 3124 non
942 3062 1091 3148 petimur.
1154 3061 1253 3122 Ideo-

142 3167 206 3226 que
234 3167 308 3207 eum
340 3143 538 3228 promulgate
568 3143 795 3227 iurissntiqui
821 3145 943 3207 sanctio
964 3167 1029 3206 non
1052 3145 1122 3206 sine
1148 3143 1254 3204 domi-

143 3231 259 3289 norum
291 3226 461 3308 dispendio
484 3238 653 3287 servorum
681 3228 883 3290 venditiones
909 3229 942 3288 in
967 3225 1097 3288 irritum
1124 3247 1254 3322 praece·

141 3310 228 3394 perit
261 3309 426 3385 devocari,
460 3307 696 3390 providentiori
726 3311 856 3372 decreto
883 3310 1080 3372 consulimus
1113 3331 1139 3370 st
1167 3309 1255 3390 leges

142 3392 307 3479 patriasad
321 3393 488 3476 aequitatis
504 3392 648 3474 regulum
668 3392 870 3475 redigemus,
889 3393 999 3476 sicque
1009 3391 1130 3454 ,melius
1145 3407 1255 3452 earum

145 3484 263 3538 statuta
293 3477 472 3557 corrigere,
513 3496 610 3554 quem
638 3495 711 3535 cum
740 3475 787 3536 eis
815 3476 936 3556 puriter
955 3477 1115 3538 oberrare.
1163 3477 1257 3553 Qua-

145 3569 278 3642 propter
307 3557 334 3618 si
358 3559 431 3638 quis
456 3578 585 3618 servum
614 3557 668 3619 vel
701 3558 862 3618 ancillam·
885 3558 1024 3621 alienam
1052 3556 1183 3633 sciens,
1216 3555 1256 3616 ah

145 3641 192 3701 eis
227 3640 378 3721 deinceps
411 3640 557 3713 domum,
594 3661 724 3722 ugrum,
762 3640 911 3718 vineam,
952 3663 1010 3702 seu
1040 3638 1256 3721 mancipium,
1291 3709 1293 3722 ,

144 3723 204 3784 sub
223 3743 415 3804 quacunque
435 3721 623 3786 definitione
643 3722 843 3804 perceperit,
874 3723 1004 3786 donatio
1019 3721 1180 3803 siquidem
1201 3721 1256 3783 ve}

146 3805 298 3884 sepositio
322 3803 361 3864 de
385 3805 503 3864 talibus
530 3806 676 3886 personis
705 3815 867 3866 contrecta
893 3827 957 3865 non
989 3806 1109 3879 valent,
1148 3803 1192 3863 ita
1221 3813 1259 3864 ut

97 3927 100 3934 -
147 3907 209 3946 nec
234 3885 343 3949 dutum
366 3888 569 3960 commodum
598 3909 658 3968 pro
679 3887 872 3968 sepositione
895 3887 1060 3951 reddatur.
1098 3885 1260 3950 Venditis

146 3989 227 4030 vero
245 3989 319 4034 cum
345 3969 514 4050 dispendio
535 3971 747 4051 comparantis
775 3971 915 4051 irrupta,
946 3970 992 4032 sic
1022 3969 1063 4030 ed
1090 3969 1175 4031 cerri
1204 3968 1258 4029 vel

150 4050 287 4112 anciliae
312 4051 478 4112 dominum
501 4052 535 4112 in
559 4052 720 4132 integrum
744 4063 938 4131 revocetur,
969 4062 1005 4113 ut
1027 4061 1153 4135 emptor
1180 4071 1259 4130 pre-

148 4135 302 4198 ciumex
335 4135 483 4195 omnibus
510 4134 630 4216 perdet.
685 4136 770 4196 iuste
798 4135 885 4198 enim
916 4136 1005 4217 quod
1027 4157 1087 4216 per
1108 4134 1259 4194 ambitio-

148 4237 226 4303 uutu
253 4216 385 4283 dederet
409 4217 539 4280 ridetur
569 4217 734 4297 emittere,
761 4219 820 4303 qui
843 4240 904 4281 suu
921 4217 1066 4282 dominio
1089 4239 1160 4280 rem
1175 4237 1260 4280 een-
