2632 4822
122 251 196 326 762
387 267 603 330 oromatum
637 265 763 324 trouu
796 267 932 326 unm.

121 412 204 489 tris,
230 417 288 471 sut
319 407 445 481 matrim
475 409 577 494 ipsam
598 415 705 470 iumen
735 412 1001 493 compositionem
1022 410 1176 473 voionus
1205 423 1238 474 ut

122 492 283 577 accipiant
302 501 452 574 parentes
483 491 629 554 eiusdem
658 494 854 576 propinqui,
884 495 942 577 qui
972 494 1100 556 occisus
1126 495 1236 574 fuerit,

120 577 172 637 itti
195 576 252 658 qui
273 595 332 657 per
352 583 449 658 caput
471 575 646 638 succedere
667 586 810 656 possunt.
862 577 947 656 Quia
974 577 1058 638 filiae
1083 577 1177 656 eius,
1200 601 1237 639 eo

120 660 209 740 quod
229 657 371 719 feminco
398 677 478 718 sexu
499 679 567 720 esse
584 657 780 740 probantur,
807 679 874 720 uon
901 669 1037 743 possunt
1058 659 1161 741 ipsam
1183 661 1237 720 fai-

119 743 193 804 dam
223 740 344 806 levare.
395 740 477 802 ldeo
500 739 744 823 prospeximus,
775 751 811 802 ut
843 742 945 824 ipsam
969 741 1235 826 compositionem

119 845 188 886 non
209 823 391 906 recipiunt,
418 822 481 885 uisi
512 832 548 884 ut
578 843 674 906 supra
704 823 860 901 diximus,
889 826 1027 907 praefati
1058 825 1236 908 propinqui

119 915 291 991 parentes:
325 913 358 967 ct
386 905 414 967 si
444 905 623 990 propinqui
652 926 718 968 nou
746 907 888 984 fuerint,
918 917 998 970 tune
1031 908 1235 986 medietatem

120 991 161 1052 de
180 989 247 1074 ipsu
266 988 500 1073 compositione
526 989 703 1072 suscipiant
726 989 811 1050 filiae
832 990 913 1069 eius,
935 989 963 1051 si
988 1013 1067 1070 uua,
1084 1000 1147 1058 ‚aut
1163 991 1233 1074 plu-

118 1093 171 1134 res
196 1071 340 1146 fuerint,
367 1080 399 1132 et
419 1070 624 1132 medietatem
654 1073 762 1134 Curtio
786 1073 894 1154 Regia.
977 1077 1004 1138 Ι.
1027 1095 1057 1150 q.
1088 1074 1136 1139 18.

187 1172 268 1208 sonu.
305 1155 386 1210 Patre
404 1161 435 1208 to
460 1154 583 1223 appellat
604 1154 754 1220 Martinus,
789 1155 865 1224 quod
886 1165 918 1210 tu
943 1141 1069 1209 occidisti
1097 1157 1234 1210 Donatum

118 1243 199 1278 suum
218 1225 334 1278 fratrem.
378 1225 421 1281 De
444 1231 527 1280 torto.
563 1224 593 1278 Si
620 1224 733 1288 dixerit,
759 1224 818 1294 ipsc
846 1226 900 1280 tuit
920 1229 1079 1290 Romanus,
1099 1243 1158 1280 nou
1183 1243 1235 1280 resa

119 1295 248 1366 pondebo
266 1295 334 1362 tibi,
361 1303 410 1346 aut
446 1293 533 1356 robet,
553 1303 602 1348 aut
619 1293 790 1366 respondeus

189 1365 268 1418 Petre
298 1374 327 1421 te
353 1312 475 1434 uppeiiat
499 1356 586 1418 Ma'ria
613 1382 676 1418 curu
706 1366 815 1417 Donato
840 1363 897 1418 'suo
929 1363 1125 1434 mundoaldo,
1161 1368 1234 1438 quod

117 1443 149 1488 tu
176 1435 302 1488 occidisti
324 1435 438 1488 Paulum
456 1451 535 1486 suurn
555 1442 668 1506 patrem.
705 1433 766 1487 Nou
782 1435 953 1506 respondebo
978 1435 1040 1502 tibi,
1059 1436 1127 1508 quia
1150 1437 1234 1492 hahet

118 1514 256 1576 parentes.
305 1504 361 1559 Aut
376 1503 476 1574 probet
494 1504 560 1574 quia
577 1503 663 1557 habet
680 1515 816 1573 parentes,
836 1515 884 1558 aut
901 1507 1071 1577 respoudeat.

189 1575 268 1629 Petre
284 1583 314 1629 to
331 1575 454 1646 appellat
470 1574 557 1628 Maria
575 1591 637 1628 cum
655 1575 765 1628 Donato
780 1593 830 1628 suo
846 1584 947 1640 tutore,
964 1577 1040 1646 quod
1060 1583 1092 1628 tu
1110 1578 1234 1630 occidisti

118 1644 235 1698 Paulum
254 1657 358 1717 patrem
375 1661 465 1699 snum.
499 1644 555 1710 Ego
571 1644 661 1697 occidi
679 1655 783 1714 patrem
800 1663 890 1708 suum,
909 1647 958 1700 ssd
974 1664 1031 1700 nou
1058 1646 1159 1700 faciam
1184 1649 1235 1701 tibi

118 1716 356 1786 composicionem,
367 1713 432 1784 quia
451 1715 641 1782 Longobardus
659 1713 721 1770 fuit.
757 1716 811 1769 Aut
828 1716 936 1788 probet,
955 1717 1034 1788 quod
1047 1717 1148 1772 fuisset
1163 1719 1237 1774 Lou-

116 1784 264 1854 gobanius,
284 1793 333 1838 aut
348 1784 432 1837 faciat
449 1785 670 1856 compositionem
689 1781 724 1838 ad
741 1785 833 1838 filiam.

200 1857 288 1918 xlv.
331 1854 475 1930 (tht.)
518 1856 552 1917 Si
577 1877 702 1917 sorores
728 1854 761 1916 iu
793 1878 863 1917 casa
884 1853 981 1942 patris
1006 1858 1233 1938 remanserint,

117 1948 174 2000 aut
200 1940 239 1998 ad
265 1937 414 1999 inuritum
438 1937 689 2016 ambulaverint,
710 1939 886 2002 succedant
910 1937 994 2022 patri
1016 1961 1095 2019 suo,
1117 1949 1151 2002 et
1174 1964 1238 2000 mas
1291 1963 1296 1976 ·

117 2022 160 2083 tri
184 2043 260 2085 suae
282 2021 316 2082 iu
342 2042 470 2082 omnem
491 2020 699 2082 substantiam
723 2044 855 2100 eorum,
880 2021 963 2084 sicut
989 2033 1083 2082 antea
1120 2023 1236 2085 statui-

117 2127 200 2168 mus.
241 2103 324 2167 Etsi
346 2103 520 2188 contigerit
548 2126 646 2165 uuam
662 2125 702 2167 ex
725 2104 844 2166 eisdem
864 2103 1026 2167 sororibus
1046 2105 1142 2184 mori,
1156 2117 1235 2167 tunc

116 2198 150 2249 et
172 2210 255 2272 quoe
284 2188 318 2248 in
342 2189 462 2269 capitio
488 2185 712 2266 remanserint,
736 2196 768 2248 et
789 2209 871 2270 quae
897 2187 936 2247 ud
958 2187 1110 2250 maritum
1126 2189 1236 2250 ambu-

117 2270 268 2340 laverint,
285 2269 318 2328 in
339 2291 468 2331 omnem
483 2269 667 2352 portionem
686 2269 803 2331 sororis
823 2293 898 2332 suae
917 2267 1102 2340 deiunctae,
1125 2294 1237 2354 quarn-

118 2353 168 2414 vis
191 2353 302 2434 puelia
325 2363 451 2414 mortua
472 2353 593 2430 fucrit,
622 2351 809 2420 succedant.
848 2355 1002 2416 Parentes
1026 2361 1136 2412 autem
1165 2378 1238 2437 pro·

116 2433 311 2518 pinqui,uut
323 2435 540 2498 snunduaidus
561 2456 670 2497 earum
687 2435 863 2516 suscipiant
880 2435 918 2496 de
936 2458 973 2494 ca
992 2445 1118 2496 tautum
1138 2460 1240 2496 mrsu..

118 2517 229 2577 diurn:
261 2540 335 2577 narn
356 2519 509 2580 derebus
533 2517 704 2581 eiusaliud
728 2517 1016 2600 nihilpcrcipiunt.
1074 2519 1109 2576 Si
1124 2531 1238 2580 autem

121 2598 295 2679 contigerit
316 2601 404 2660 iilum
426 2603 519 2679 mori,
543 2622 625 2682 quae
649 2601 713 2660 iam
740 2601 857 2684 nuptui
875 2601 989 2661 tradita
1010 2607 1065 2674 est,
1080 2607 1157 2658 tunc
1172 2599 1235 2660 itte

120 2681 151 2744 ei
173 2683 333 2757 succedat,
361 2681 417 2762 qui
440 2705 510 2754 eom
529 2705 588 2766 per
611 2682 780 2744 mundium
800 2705 889 2744 suom
918 2682 1001 2746 fecit.
1043 2677 1084 2740 ii.
1109 2683 1154 2757 ¹4·
1178 2683 1237 2760 alp„

206 2763 314 2838 (IX.)
335 2763 373 2824 Si
390 2779 493 2826 autem
508 2767 745 2847 qualescumque
760 2787 887 2828 caussae
908 2761 1030 2826 aurudo
1044 2767 1236 2826 emerserint
1298 2815 1299 2822 ,

121 2843 161 2907 de
171 2847 220 2906 bis
240 2848 397 2929 capitulis,
414 2869 492 2926 quae
505 2868 586 2908 nunc
601 2847 800 2908 Excellentia
811 2863 919 2909 nostra
930 2844 1095 2918 statuunt
1104 2869 1124 2904 a
1137 2867 1236 2928 prae-

120 2929 204 2990 senti
223 2927 276 2988 die
297 2927 514 2989 Kalendarum
535 2930 699 3001 Martium,
725 2931 783 2990 Iros
802 2944 848 2990 est
874 2928 941 2990 XV.
983 2923 1177 3004 indictione,
1202 2941 1235 2990 et

119 3012 213 3074 Anno
237 3013 336 3091 Regni
358 3012 461 3070 nostri
480 3013 514 3070 in
533 3012 596 3070 Dei
620 3013 745 3076 nomine
770 3011 809 3072 V.
838 3014 1004 3086 volumus,
1038 3023 1072 3068 ut
1097 3013 1142 3070 sic
1167 3025 1234 3070 ter-

120 3097 298 3169 minentur,
327 3095 408 3154 sicut
437 3093 597 3154 Celsitndo
620 3105 728 3154 nostra
756 3115 825 3154 cum
848 3094 1011 3156 lodicibus
1036 3094 1174 3170 nostris,
1203 3106 1234 3154 et

121 3178 253 3261 reliquis
266 3176 486 3256 Langobardis
506 3175 724 3252 decreverunt,
745 3189 775 3236 et
787 3199 884 3261 snpra
897 3171 1035 3256 legitur.'
1067 3177 1154 3256 Quae
1175 3197 1233 3235 ve-

120 3281 158 3322 ro
186 3277 279 3320 antea
308 3259 347 3319 de
382 3260 495 3321 talibus
519 3258 672 3343 Capitulis
695 3272 929 3340 provenerunt,
965 3268 997 3316 et
1026 3258 1088 3316 inm
1111 3254 1233 3340 finitae

121 3356 176 3404 aut
201 3356 334 3402 statutae
354 3355 439 3420 sunt,
468 3343 514 3402 sic
538 3354 758 3423 permaneant,
786 3343 866 3402 sicut
887 3342 978 3424 prius
1002 3351 1236 3418 cognosceremur

122 3446 189 3486 esse
206 3423 340 3492 decisae.
383 3427 471 3508 Quae
493 3425 628 3506 donique
652 3425 801 3484 universa
824 3424 967 3506 superius
997 3444 1016 3482 a
1037 3419 1230 3479 Celsitndinc

119 3519 230 3568 nostra
243 3509 466 3588 comprehensa
486 3508 604 3567 Potoni
631 3505 768 3566 Notario
786 3507 870 3566 sacri
888 3505 1007 3566 Palatii
1024 3503 1126 3564 nostri
1147 3521 1232 3563 corn·

118 3587 346 3674 prehendenda
365 3603 396 3650 et
418 3587 599 3652 ordinanda
616 3587 838 3671 praecipimus.

355 3769 600 3843 (LIBER
640 3767 992 3840 TERTIUS.)

190 3895 302 3966 usses
322 3907 527 3964 insensum
546 3907 652 3964 use1s
672 3909 720 3962 os
737 3907 834 3962 auno
852 3907 963 3962 uuum
981 3902 1065 3957 etus
1078 3903 1158 3956 rur.

447 4009 630 4074 iucsrrr
671 4014 896 4074 Paouoous.

186 4132 272 4213 ,Ego
300 4133 334 4194 in
360 4131 423 4191 Dei
451 4130 575 4190 nomine
601 4129 822 4211 omnipotentis
852 4122 1131 4188 excellentissimus
1158 4119 1236 4179 Liu-

119 4216 227 4300 prand
258 4217 328 4277 Rex
347 4211 557 4297 felicissimae
585 4211 686 4291 gentis
720 4209 1002 4292 Langobardorum
1030 4203 1134 4284 Auno„
1161 4205 1236 4264 Ideo
