2684 4868
146 257 221 335 528
325 279 429 334 uncis
447 275 739 333 unicornonou
758 279 821 332 un.
847 269 1031 334 v.r1r.v'1.

499 407 502 414 ’
582 417 640 480 111.
682 438 829 492 Arrium.

354 533 404 594 De
421 535 573 619 pignore,
600 537 630 594 si
646 556 707 618 pro
731 532 836 596 debito
858 534 1046 619 deponatur.

227 615 349 701 Pignus
370 646 386 694 ,ν
407 617 495 699 quod
524 637 582 698 pro
611 614 720 677 debito
748 617 943 699 deponitur,
975 619 1002 679 si
1030 641 1087 700 per
1115 619 1255 680 cuntio-

145 724 221 768 nem
253 700 352 768 fuerit
389 701 588 782 obligatum,
623 709 656 760 et
681 699 737 761 ille
768 701 824 782 qui
849 700 966 783 pignus
995 701 1189 783 deposuerat,
1213 703 1254 764 ad

143 795 270 866 tempus
305 783 518 844 constitutum
553 784 696 844 debitum
732 785 906 843 reformare
940 783 1144 862 dissimulet,
1180 793 1255 866 post

144 869 232 930 diem
258 867 418 927 cautionis
440 873 606 940 exactum,
625 885 728 947 usque
752 865 793 925 ad
819 865 932 926 decem
954 867 1023 926 dies
1047 868 1160 949 pignus
1190 868 1255 926 sal-

142 971 219 1012 vum
245 948 377 1010 domino
403 971 461 1010 suo
481 958 678 1010 reservetur:
701 956 756 1007 aut
778 947 882 1008 eidem
906 948 1057 1028 domino,
1080 951 1107 1010 si
1128 950 1163 1008 in
1180 971 1257 1031 pro-

142 1034 267 1116 pinquo
291 1039 358 1109 e'st,
379 1039 578 1114 reportetur,
607 1040 704 1113 atque
724 1037 760 1112 ut
786 1031 933 1091 restituat
958 1031 1101 1093 debitum
1124 1053 1258 1092 monea-

143 1124 204 1174 tur.
226 1113 323 1192 Quod
344 1114 371 1174 si
388 1137 447 1196 per
462 1114 692 1196 negligentiam
708 1133 797 1172 suam
816 1113 942 1174 debitor
959 1115 1006 1174 'ad
1026 1114 1113 1174 diem
1131 1114 1258 1174 consti-

142 1206 247 1258 tutum
270 1197 380 1258 adesse
399 1197 589 1279 neglexerit,
614 1205 669 1256 aut
692 1195 835 1256 debitum
852 1195 985 1278 implere
1007 1196 1180 1276 distulerit,
1199 1197 1258 1257 ad-

142 1280 260 1342 dantur
270 1300 394 1340 usurae.
418 1282 586 1341 Caeterum
603 1279 629 1339 si
647 1278 755 1339 adesse
776 1279 931 1359 usquead
950 1279 1063 1340 decem
1079 1279 1157 1356 dies,
1174 1280 1258 1340 sicut

142 1382 238 1444 supra
260 1361 458 1435 dictumest,
480 1371 534 1422 aut
555 1362 643 1444 quod
662 1361 768 1437 debet,
782 1364 956 1421 reformare
980 1361 1159 1422 distulerit:
1178 1372 1257 1422 tunc

143 1443 286 1504 creditor
317 1443 417 1504 iudici
440 1444 491 1507 vel
513 1445 694 1527 praerosito
721 1443 856 1504 civitatis
879 1445 996 1526 pignus
1024 1446 1187 1521 ostendat,
1220 1453 1256 1504 ut

142 1537 301 1610 quantum
325 1526 448 1589 iudicio
470 1528 558 1606 eius,
592 1538 624 1588 et
643 1527 740 1587 trium
761 1526 971 1586 honestorum
996 1527 1138 1587 virorum
1156 1525 1257 1586 fuerit

142 1610 355 1685 aestimatum,
366 1610 408 1673 sit
424 1611 453 1672 ei
470 1610 602 1672 licentia
616 1609 825 1671 distrahendi.
844 1610 889 1668 ‘Et
900 1610 1104 1690 postmodum
1125 1609 1166 1669 de
1184 1629 1256 1692 pre-

142 1693 194 1754 cio
219 1691 343 1754 venditi
364 1693 523 1776 pigneris,
558 1693 878 1773 crediturquantum
899 1691 931 1751 ei
964 1692 1160 1768 debebatur,
1192 1691 1254 1752 sibi

142 1775 324 1836 evidentius
346 1777 453 1855 tollat,
486 1785 519 1838 et
538 1777 702 1859 reliquum
724 1775 781 1835 ille
807 1773 945 1856 recipiat
975 1775 1031 1858 qui
1051 1775 1169 1860 pignus
1193 1774 1254 1836 de-

141 1865 305 1942 posuerat.
856 1899 858 1904 -
892 1895 895 1903 =
1025 1901 1027 1907 ,

431 1973 488 2038 lv.
550 1995 612 2036 rus.
654 1996 718 2036 ets.
760 1995 846 2036 nens.
887 1994 958 2036 nex.

277 2088 317 2150 Si
338 2090 453 2174 pignus
474 2100 707 2172 repraesentato
732 2087 839 2150 debito
862 2109 925 2150 non
949 2086 1113 2160 reddatur.

222 2195 257 2255 Si
282 2193 357 2276 quis
382 2192 412 2254 ei
434 2192 491 2274 qui
513 2213 581 2252 rem
600 2212 659 2274 pro
680 2191 813 2275 pignore
835 2191 1030 2270 crediderit,
1062 2195 1103 2255 ad
1128 2183 1267 2255 consti-¹

139 2287 244 2339 tutum
272 2285 415 2358 tempus,
444 2284 682 2357 repraesentato
705 2275 832 2351 debito,
853 2275 969 2358 pignus
991 2285 1161 2359 acceptum
1183 2274 1249 2337 dis-

139 2361 252 2420 tulerit
282 2359 431 2435 reddere,
453 2367 486 2417 et
507 2357 569 2416 hoc
591 2365 645 2416 aut
676 2366 749 2418 ante
770 2368 895 2440 tempus
925 2359 996 2453 lege
1018 2359 1177 2440 superiori
1198 2367 1248 2417 ta-

138 2451 248 2503 xatum
269 2441 431 2515 vendere,
451 2440 504 2500 rel
525 2440 558 2498 in
584 2461 659 2500 usus
680 2442 826 2523 proprios
847 2450 942 2522 atque
965 2461 999 2498 in
1021 2441 1144 2502 alienos
1167 2462 1248 2501 con-

138 2526 312 2586 ferendum
331 2523 581 2606 praesumpserit
610 2524 816 2606 adtemptare,
838 2524 890 2584 rel
913 2522 1083 2584 malitiose.
1096 2523 1247 2584 differens

138 2608 282 2668 noluerit
301 2607 483 2688 assignare,
515 2604 631 2687 pignus
658 2606 791 2688 quidem
813 2607 902 2687 quod
926 2606 1061 2688 accepit,
1085 2606 1247 2688 integrum

136 2690 261 2768 reddat,
283 2697 316 2750 et
333 2688 537 2750 medietatem
554 2697 711 2769 quantum
727 2689 843 2772 pignus
859 2690 966 2750 valere
983 2689 1174 2769 constiterit,
1194 2689 1251 2749 do-

137 2774 227 2834 mino
255 2771 399 2858 pigneris
428 2779 557 2835 coactus
581 2771 754 2855 impendat

436 2920 477 2982 V.
539 2941 602 2982 rus.
642 2941 709 2982 cus.
751 2941 839 2982 cans.
879 2939 951 2982 arx.

158 3036 196 3099 Si
216 3055 279 3098 unc
295 3053 433 3119 persona
457 3046 546 3094 reatu
571 3033 627 3093 vel
655 3033 762 3097 debito
787 3035 892 3118 multis
915 3047 1058 3096 teneatur
1075 3033 1225 3096 obnoxia.

221 3142 254 3204 Si
277 3162 340 3202 una
361 3159 500 3223 persona
520 3138 666 3222 plurimis
694 3159 750 3202 rea
777 3140 830 3201 vel
862 3129 1000 3202 debitrix
1027 3148 1167 3218 manent,
1190 3136 1248 3222 qui

139 3227 228 3312 prior
249 3227 283 3285 in
305 3223 464 3310 petitione
485 3222 704 3304 praecesserit,
727 3231 760 3283 et
780 3232 836 3284 aut
854 3245 913 3306 per
932 3223 1099 3305 placitum,
1120 3233 1175 3282 eut
1191 3241 1250 3306 per

138 3310 370 3398 probationem,
395 3307 458 3366 sive
482 3327 541 3388 per
561 3305 793 3390 professionem
814 3305 893 3384 eius,
911 3329 985 3366 eum
1008 3307 1067 3366 sibi
1088 3327 1181 3365 reum
1193 3304 1247 3366 rel

139 3390 317 3461 debitorem
335 3411 402 3451 esse
424 3388 579 3467 docuerit,
599 3387 659 3471 ipsi
671 3387 945 3449 nihilominusaut
958 3389 1044 3449 iuxta
1061 3388 1249 3470 qualitatem

140 3473 240 3538 debiti
261 3474 440 3535 satisfacere
464 3470 708 3554 compellendus
719 3480 776 3549 est,
798 3471 849 3533 vel
871 3471 1069 3532 damnandus
1090 3492 1108 3530 a
1129 3469 1247 3531 iudice.

140 3559 239 3636 Quod
260 3557 422 3639 siquibus
443 3577 518 3616 reus
538 3556 590 3616 vel
612 3553 737 3614 debitor
749 3563 866 3630 manet,
884 3576 950 3615 uno
974 3555 1151 3634 eodemque
1168 3563 1249 3614 tem-

164 3663 218 3702 ore
242 3653 351 3702 contra
372 3661 446 3702 eum
462 3659 555 3721 agere
567 3636 749 3718 coeperint:
771 3637 949 3700 secundum
966 3637 1175 3720 quantitatem
1189 3637 1249 3697 de-

138 3665 198 3786 biti
210 3724 263 3784 vel
284 3731 401 3799 reatus,
419 3731 473 3781 aut
492 3721 626 3782 reddere
649 3720 797 3780 omnibus
815 3729 869 3779 aut
885 3721 1032 3782 omnibus
1047 3719 1248 3780 addicendus

139 3815 188 3868 est
205 3805 387 3866 serviturus.
409 3807 571 3882 Quaerere
593 3803 841 3865 tameuaiudice
853 3803 1062 3888 adliquidum
1077 3803 1247 3884 oportebit,

140 3888 194 3950 cui
215 3888 313 3970 magis
335 3908 409 3946 reus
430 3886 481 3946 vel
505 3886 630 3947 debitor
650 3896 786 3964 maneat,
808 3895 843 3947 ut
868 3886 928 3968 ipsi
951 3886 1103 3946 maiorem
1123 3895 1248 3968 partem

138 3971 232 4033 reddi
252 3964 434 4052 praecipiat.
475 3967 518 4030 Et
539 3970 578 4030 de
599 3968 745 4052 reliquo,
778 3970 867 4050 quod
888 3969 928 4030 de
950 3968 1103 4029 facultate
1124 3968 1172 4029 rei
1193 3967 1248 4028 vel

139 4053 292 4129 debitoris
312 4050 513 4128 remanserit,
536 4061 696 4133 quantum·
711 4052 864 4114 reddatur
891 4053 1023 4113 caeteris
1053 4050 1151 4112 iudex
1177 4052 1247 4133 ipse

137 4135 306 4199 manifeste
327 4131 512 4218 perpendat.
566 4135 658 4195 Certe
680 4135 707 4195 si
734 4157 799 4195 non
821 4134 921 4196 fuerit
946 4136 1033 4196 unde
1057 4134 1247 4218 compositio

137 4220 260 4284 exsolvi
283 4217 406 4296 debeat,
428 4237 505 4278 cum
526 4216 589 4278 hoc
610 4216 715 4278 saltim
745 4218 834 4300 quod
860 4214 988 4280 videtur
1013 4219 1157 4296 habere,
1187 4237 1247 4298 pro
