2684 4868
289 279 399 338 11111
418 233 710 338 ursraomonuu
727 275 793 334 urs.
805 278 853 332 vr.
872 275 944 334 ur.
961 279 996 340 v.
1132 263 1209 346 117

88 442 240 508 unquam
254 420 424 484 indemnes
442 418 646 502 relinquere,
666 439 748 500 quos
764 417 920 484 severiori
933 421 1033 504 tnagis
1049 427 1210 496 condem

87 507 259 570 atrocitate
271 503 392 588 puniris
427 504 474 564 Ne
490 523 565 584 ergo
574 500 674 586 possit
688 501 824 562 evadere
838 498 1001 566 homicida
1015 510 1103 587 quod
1115 511 1206 593 fecit,

88 599 148 651 aut
172 586 290 670 aliquis
312 587 417 649 s'cclus
442 584 510 646 eius
530 591 710 668 praesumat
730 583 864 644 forsitan
888 590 1073 652 excusando
1086 593 1207 673 celare,

86 671 196 758 primo
221 668 375 753 proximis
400 665 496 730 occisi
522 665 713 728 conceditur
731 665 864 728 licentia
884 673 1065 739 accusandi.
1108 676 1209 753 Quod

87 756 118 819 si
139 754 241 815 iidem
259 739 398 836 proximi
415 751 456 812 ad
472 749 690 832 quaerendam
708 749 855 811 defuncti
875 762 1011 812 mortem
1028 764 1083 817 aut
1102 757 1206 839 tepidi

60 836 232 914 fuerint,
268 845 322 896 aut
349 837 432 896 forte
461 831 670 910 distulerint,
706 840 785 894 tunc
815 835 987 896 accusandi
1010 833 1206 914 homicidam

89 919 242 981 omnibus
263 917 475 1000 generaliter,
503 924 567 976 tam
588 915 658 976 aliis
712 913 896 995 arentibus,
931 939 1028 1000 quam
1051 923 1208 1004 externis,

90 1003 217 1064 aditum
246 999 427 1083 pandimus.
481 995 531 1060 lta
552 1003 588 1057 ut
608 996 664 1079 qui
686 936 879 1058 lomicidam
900 1000 1126 1066 fraudulenter
1146 1027 1207 1068 cx-

88 1105 205 1147 cusure
236 1092 370 1144 conatus
398 1082 519 1158 fuerit,
556 1080 609 1142 vel
642 1079 837 1157 defendere,
879 1084 1084 1146 commodum
1115 1088 1218 1170 quod·

86 1176 265 1252 propterea
286 1166 393 1226 fuerat
412 1173 623 1241 consecutus,
654 1162 687 1221 in
712 1162 848 1245 duplum
869 1166 1082 1248 compellatur
1108 1192 1206 1233 accu-

87 1249 189 1313 satori
210 1247 406 1333 persolvcre.
447 1247 527 1307 Nam
546 1243 714 1308 homicidii
728 1266 803 1307 rcus
825 1266 991 1328 uunquam
1007 1260 1113 1332 potest
1134 1275 1203 1316 esse

87 1353 244 1408 securus,
275 1338 480 1393 cumcontra
500 1325 575 1394 eum
599 1326 836 1393 accusationem
857 1328 983 1394 deferre
1003 1334 1089 1396 nulli
1107 1336 1205 1422 peni-

88 1424 143 1478 tus
162 1412 296 1477 licentia
318 1412 505 1494 denegetur.

433 1526 526 1596 XVI.
566 1549 627 1591 sus.
664 1548 749 1595 cuns.
782 1549 851 1596 aar.

310 1641 348 1704 Si
368 1643 529 1706 homicida
551 1642 596 1727 acl
613 1643 787 1706 Ecclesiam
809 1641 980 1727 confugiat.

170 1727 245 1788 Non
275 1749 383 1790 sumus
406 1727 624 1805 immemores,
662 1727 703 1789 de
729 1726 899 1791 homicidis
926 1728 1082 1792 hactenus
1105 1739 1203 1815 atque
1311 1796 1316 1804 ,

85 1805 245 1872 maleficis
265 1811 406 1873 diversas
424 1810 556 1893 quidem
577 1807 686 1892 legum
713 1811 887 1872 sententias
913 1814 1140 1894 praecessisse,
1170 1823 1204 1878 et

88 1895 181 1956 iuxta
201 1893 389 1974 qualitatem
409 1892 539 1955 sceleris
557 1913 677 1973 poenas
694 1911 761 1953 esse
781 1894 979 1976 propositas,
1001 1917 1081 1976 quas
1099 1917 1204 1958 unus-

88 1975 231 2058 quisque
250 1998 362 2038 eorum
387 1975 570 2036 merebatur
592 1975 752 2056 excipere.
790 1977 916 2036 Tamen
940 1979 1017 2058 quia
1037 1980 1204 2059 nequitiae
1254 1985 1255 1988 ’

87 2059 190 2120 liuius
222 2069 385 2137 auctores,
419 2067 575 2140 qnantum
609 2057 642 2116 in
671 2056 763 2117 malis
791 2057 927 2152 amplius
950 2059 1091 2141 prompti
1113 2071 1202 2140 sunt,
1310 2104 1311 2111 ,

88 2151 219 2215 tantum
242 2141 282 2201 ad
310 2140 514 2204 evadendum
542 2138 738 2221 suppliciam
767 2160 950 2202 occasiones
985 2162 1079 2222 saepe
1106 2165 1203 2226 praa-

89 2224 248 2286 teudunt:
273 2244 310 2283 ac
331 2243 364 2285 se
388 2223 580 2305 plerumque
598 2221 802 2282 basilicarum
822 2221 885 2282 Dei
905 2222 1089 2286 defensioni
1110 2247 1200 2287 com·

88 2305 242 2384 mittunt,
274 2306 332 2389 qui
349 2314 460 2367 contra
480 2305 625 2366 divinum
642 2313 848 2388 praeceptum
869 2305 992 2367 scelera
1014 2319 1201 2390 perpetrare

87 2409 155 2449 non
177 2398 341 2450 metuunt:
385 2387 524 2469 ideoque
543 2386 620 2469 qnia
638 2409 806 2468 nunquam
827 2387 924 2449 debet
942 2388 1005 2450 hoc
1027 2390 1130 2454 scelus
1150 2391 1200 2452 in·

87 2471 194 2532 ultum
209 2470 369 2554 relinqui,
393 2472 481 2553 quod
500 2480 532 2532 et
551 2470 649 2531 vitam
663 2469 811 2553 perimit,
834 2479 866 2530 et
881 2473 1083 2555 quorundam
1106 2497 1202 2538 meu-

86 2562 137 2617 tes
162 2553 204 2615 ad
229 2555 371 2617 deterius
396 2554 587 2634 frequenter
611 2553 770 2635 impellit,
799 2551 862 2614 hoc
886 2575 980 2616 omne
1003 2577 1062 2637 per
1086 2579 1202 2621 aevum

87 2658 275 2698 mansurum
294 2637 404 2698 damus
428 2637 582 2698 edictum:
612 2637 655 2695 Ut
671 2655 900 2717 quemcunque
921 2636 1116 2701 homicidam
1140 2663 1199 2704 seu

86 2717 271 2780 maleficum
292 2721 346 2780 lex
370 2718 478 2800 puniri
497 2717 672 2800 praecipit,
703 2727 734 2778 ct
751 2728 896 2801 praterea
922 2721 977 2800 qui
1000 2744 1040 2783 ex
1054 2745 1113 2784 suo
1132 2724 1200 2786 dis-

86 2803 213 2888 posito,
247 2802 301 2864 vel
327 2803 428 2862 malac
447 2799 621 2863 voluntatis
646 2822 791 2878 assensu,
820 2801 882 2862 tale
905 2805 995 2866 nefas
1016 2807 1198 2886 committit,

87 2885 180 2947 nulla
205 2885 294 2946 hunc
317 2884 447 2946 occasio'
465 2884 620 2965 nullaque
651 2904 792 2964 unquam
813 2882 852 2942 ab
879 2883 940 2945 hac
963 2890 1121 2949 sententia
1143 2911 1200 2972 pn-

86 2977 183 3030 tcstas
201 2977 342 3033 excuset.
384 2967 426 3028 Et
442 2966 563 3028 etiamsi
587 2965 761 3047 contigerit
780 2987 854 3026 eum
874 2968 913 3028 ad
935 2969 1034 3030 altare
1053 2981 1199 3032 sanctum

86 3052 220 3112 fortasse
238 3051 430 3131 confugere,
453 3069 518 3110 non
540 3047 672 3130 quidem
691 3057 870 3132 praesumat
888 3071 962 3111 eum
983 3052 1102 3134 absque
1123 3075 1200 3116 cou-

87 3133 178 3195 sultu
200 3133 375 3194 sacerdotis
393 3141 608 3214 persequutor
634 3131 703 3192 eius
729 3131 920 3194 abstrahere.
970 3135 1127 3196 Consulto
1148 3144 1198 3194 ta·

86 3237 161 3277 meu
183 3215 350 3278 sacerdote
370 3236 407 3274 ac
429 3214 556 3275 reddito
578 3224 796 3291 sacramento,
832 3236 873 3275 ue
902 3216 1042 3276 eundem
1062 3218 1199 3280 scelera-

85 3309 156 3361 tum
181 3298 330 3380 publicae
352 3297 464 3358 mortis
488 3317 593 3379 poena
621 3297 831 3373 condemnet,
867 3299 1016 3376 sacerdos
1042 3321 1116 3362 eum
1139 3322 1198 3362 sua

86 3381 270 3443 intentione
299 3380 339 3439 ab
366 3380 458 3440 altari
487 3379 642 3462 repellat,
684 3389 717 3440 et
748 3390 838 3442 extra
871 3379 1006 3442 chorum
1029 3382 1197 3468 proiiciat:

87 3473 121 3525 ct
141 3464 187 3524 sic
212 3463 288 3540 ille,
320 3461 379 3543 qui
403 3481 478 3523 cum
501 3461 728 3544 persequitur,
759 3464 1019 3545 comprehendat.
1069 3465 1130 3526 Cui
1157 3467 1197 3527 ab

87 3544 224 3608 ecclesia
244 3545 365 3623 eiecto,
396 3567 461 3606 non
483 3544 561 3606 alias
585 3544 765 3606 mortiferas
783 3544 901 3606 inferat
919 3567 1055 3627 poenas,
1085 3549 1196 3610 sedin

85 3636 241 3711 potestate
261 3637 449 3710 parentum,
472 3637 505 3688 et
525 3647 637 3687 eorum
656 3627 747 3688 cuius
765 3626 967 3710 propinquus
982 3633 1106 3694 occisus
1121 3632 1197 3695 fue·

85 3709 150 3788 rit,
184 3711 423 3773 contradendas
452 3720 516 3773 est:
543 3718 579 3769 ut
600 3723 734 3792 excepto
765 3709 875 3788 mortis
897 3711 1060 3792 periculo,
1097 3715 1197 3796 quid-

86 3793 167 3872 quid
190 3793 231 3854 de
257 3814 295 3854 eo
323 3794 429 3854 facere
450 3790 615 3854 voluerint
638 3792 803 3853 licentiam
829 3791 976 3854 habeant.
1027 3798 1196 3876 Quatenus

86 3875 162 3936 dum
201 3874 359 3936 malorum
396 3876 534 3958 pravitas
565 3873 723 3958 conspicit
754 3875 926 3936 constituta
953 3876 1014 3938 sibi
1037 3879 1195 3962 supplicia

83 3958 261 4041 praeterire
280 3979 346 4020 nou
362 3979 472 4041 posse,
495 3958 547 4020 vel
569 3966 657 4018 metu
671 3958 783 4020 'saltem
801 3956 931 4019 territus
951 3980 969 4017 a
984 3962 1077 4024 malis
1096 3963 1196 4026 absti-

84 4035 177 4119 neat,
213 4062 311 4124 quem
329 4042 431 4102 malae
459 4040 633 4104 voluntatis
660 4039 799 4105 intentio
827 4040 868 4102 ad
889 4039 1042 4107 illicitum
1066 4045 1196 4110 facinus

82 4132 197 4207 sponte
218 4144 311 4210 saepe
331 4121 529 4215 praecipitat
