2640 4838
112 347 116 355 x
222 264 327 324 sams
346 211 724 320 vusruoinonnnus.
742 258 807 316 xu.
826 258 900 318 rtr.
919 207 968 320 iu
1047 299 1048 302 a
1113 242 1187 320 639

62 415 182 496 petens
215 403 409 489 repudium,
450 413 483 465 et
505 401 631 465 cunctis
650 400 895 463 inventionibus
915 401 1113 485 perfidorum
1126 429 1188 491 pu-

64 494 190 556 suimus
215 511 255 550 ex
284 488 380 551 obvio
403 487 595 565 terminum,
619 484 726 546 debite
759 485 917 568 compulsi
946 507 1054 550 sumus
1085 500 1117 552 et
1149 511 1188 552 ea

63 595 150 658 quae
178 581 331 635 concreta
364 580 439 633 sunt
463 570 623 646 solidare,
664 577 697 629 et
720 589 804 649 quae
840 567 974 630 solidata
1009 581 1086 635 sunt
1111 574 1187 655 pul,-

64 657 253 720 chritudine
277 652 465 717 venustare:
500 661 538 713 ut
564 659 687 734 quanto
709 651 826 712 artifex
854 651 999 715 vivacius
1031 655 1189 734 expressit

64 739 237 823 ingenium
275 736 478 820 cogitationis
504 735 538 795 in
575 743 695 813 artem,
731 742 820 804 tanto
855 733 999 816 vigorem
1032 736 1188 800 simulet

65 825 168 886 decus
194 821 339 882 adsumat
372 819 509 902 qualitas
539 817 672 880 formae.
743 817 790 876 Nc
826 838 902 898 ergo
936 817 1187 902 quibuscunque

64 904 353 968 adinventionibus
376 902 535 965 calliditas
561 901 754 962 ludaeorum
774 898 971 962 indesinenti
988 923 1185 986 persequen-

65 991 109 1053 da
141 996 260 1050 conatu
288 985 459 1068 subrepat,
486 983 634 1066 aperiens
658 983 795 1064 profano
823 982 888 1042 iuri
909 983 1090 1064 licentiam,
1122 985 1185 1048 hoc

65 1071 238 1134 evidenter
274 1069 307 1129 in
336 1069 416 1150 legis
446 1066 544 1128 buius
574 1064 763 1127 decernitur
790 1065 975 1127 sanctione:
1009 1078 1046 1127 nt
1074 1069 1185 1134 nullus

65 1156 108 1216 de
130 1152 290 1234 religiosis
319 1151 544 1232 cuiuscunque
569 1147 693 1209 ordinis
716 1147 766 1210 vel
794 1147 951 1224 honoris,
983 1169 1041 1210 seu
1066 1152 1106 1213 de
1130 1174 1184 1232 pa·

65 1237 139 1315 latii
161 1233 379 1296 mediocribus
399 1243 501 1315 ¹atque
528 1232 660 1315 primis,
689 1230 741 1290 vel
766 1251 807 1292 ex
833 1231 981 1292 omnibus
1010 1234 1187 1297 cuiuslibet

64 1318 230 1402 qualitatis
254 1327 309 1377 aut
331 1316 469 1399 generis,
492 1325 546 1376 aut
560 1313 745 1398 principum
760 1315 812 1374 vel
832 1335 1103 1398 quarumcunque
1123 1340 1184 1400 po-

65 1411 238 1477 testatum,
271 1410 327 1460 aut
347 1399 507 1476 obtineat,
542 1408 597 1458 aut
625 1397 777 1480 subrepat
798 1397 913 1460 animis
944 1399 1091 1477 ludaeos,
1114 1403 1184 1462 sive

65 1506 133 1546 non
152 1485 340 1564 baptizatos,
362 1483 397 1541 in
417 1502 492 1542 suae
508 1478 741 1542 observationis
763 1478 951 1542 detestanda
974 1479 1037 1543 fide
1054 1493 1087 1555 et
1108 1503 1184 1544 con·

64 1567 240 1629 suetudine
265 1582 473 1646 permaneret
500 1563 567 1625 sive
587 1584 642 1624 eos
664 1563 720 1644 qui
742 1561 895 1644 baptizati
918 1566 1054 1626 suntad
1084 1563 1185 1646 perli-

64 1650 150 1711 diam
173 1649 311 1709 ritumve
334 1648 505 1729 pristinum
528 1645 723 1728 quandoque
748 1644 866 1707 redire.
907 1648 1023 1708 Nullus
1050 1649 1183 1731 subpa-
1220 1665 1221 1670 ’

63 1731 198 1794 trocinii
224 1730 355 1791 nomine
376 1752 429 1792 eos
455 1749 610 1812 prosuae
639 1727 806 1810 pravitatis
830 1728 963 1790 licentia
987 1741 1124 1792 conetur
1147 1730 1181 1790 in

64 1814 234 1896 quippiam
269 1813 462 1874 defensare:
514 1811 631 1872 Nullus
666 1831 865 1891 quocunque
902 1823 1094 1896 argumento
1129 1825 1186 1877 aut

63 1898 208 1958 factione
243 1895 308 1956 illis
335 1892 419 1956 hanc
452 1892 674 1956 defensionem
708 1901 846 1961 conetur
878 1893 1091 1976 impendere,
1123 1918 1210 1979 per,

63 2001 162 2062 quam
177 1979 275 2041 liceat
295 1977 340 2039 eis
363 1976 456 2041 obvia
486 1985 611 2039 sanctae
633 1974 728 2054 fidei,
755 1983 787 2037 et
813 1975 996 2040 Christiano
1019 1981 1181 2042 contraria

63 2062 190 2140 cultui,
221 2060 327 2144 palam
351 2070 406 2121 aut
438 2060 565 2122 occulte
591 2059 797 2140 aliquatenus
821 2068 1004 2140 attentare,
1034 2064 1185 2143 nequiter

62 2147 212 2229 proferre
234 2143 287 2206 vel
309 2153 451 2226 tangere.
494 2142 592 2220 Quod
614 2141 640 2203 si
654 2141 814 2224 quispiam
830 2140 910 2204 haec
930 2145 1183 2226 praesumpserit
1277 2135 1281 2152 ¹

63 2239 240 2290 temerare:
270 2226 296 2287 si
324 2227 502 2309 Episcopus
532 2225 648 2301 luerit,
680 2234 734 2285 ant
764 2223 859 2286 etiam
892 2247 932 2287 ex
965 2226 1082 2288 ceteris
1112 2228 1181 2289 cle-

62 2310 139 2373 ricis
168 2320 264 2391 atque
286 2308 463 2390 religiosis,
490 2307 544 2371 vel
581 2317 668 2369 certe
701 2329 742 2368 ex
769 2306 895 2369 cunctis
914 2308 1005 2372 laicis
1033 2309 1182 2392 quisquis

62 2393 285 2476 deprehensus
313 2391 475 2469 extiterit,
507 2411 525 2450 a
556 2398 719 2451 conventu
749 2388 991 2452 Catholicorum
1024 2394 1181 2472 seclusus,
1284 2399 1287 2404 ’

63 2485 96 2537 et
136 2473 470 2537 excommunicatione
506 2473 723 2536 ecclesiastica
762 2472 929 2553 ferietur,
972 2485 1005 2536 et
1045 2485 1180 2557 quartae

59 2559 161 2642 partis
202 2557 348 2618 omnium
390 2577 523 2618 suornm
562 2555 724 2618 bonorum
764 2555 934 2620 amissione
970 2559 1182 2622 mulctabitur

61 2662 146 2722 quae
169 2640 245 2701 lisco
267 2661 334 2701 non
357 2638 454 2701 dubie
479 2639 672 2721 quantocius
692 2647 914 2706 connectetur.
955 2641 1099 2724 Dignum
1116 2652 1183 2704 ete·

61 2723 130 2784 nim
158 2733 205 2785 est
228 2743 281 2784 eos
308 2720 500 2803 aliquandiu
518 2743 536 2780 a
557 2720 704 2782 fidelium
729 2719 850 2784 Christi
874 2723 1028 2788 societate
1054 2723 1179 2803 divelli,

61 2815 95 2866 et
111 2827 228 2878 ,rerum
257 2805 395 2888 dampno
420 2803 590 2879 mulctari,
618 2803 676 2886 qui
700 2813 869 2886 apponunt
893 2804 1013 2870 Christi
1038 2829 1180 2871 amorem

60 2899 96 2950 et
127 2887 273 2951 veritatis
302 2886 443 2970 speciem
480 2906 639 2948 consensu
671 2886 879 2960 inimicorum
907 2889 977 2951 eins
1005 2889 1181 2952 detestabi-

58 2970 137 3032 liter
159 2971 368 3053 impugnaret
404 2969 439 3028 in
472 2971 582 3051 legum
611 2970 900 3051 transgressoribus
922 2970 978 3031 illa
1006 2971 1175 3033 immobil-

59 3059 112 3114 ter
142 3053 563 3134 seutentiaaepermanente,
600 3072 696 3132 quam
726 3051 819 3116 divae
849 3053 1022 3116 memoriae
1048 3055 1182 3116 Sisebu·

58 3143 111 3196 tus
142 3138 224 3232 .ch
248 3135 335 3199 visus
369 3145 418 3197 est
451 3135 486 3196 iu
525 3133 711 3196 huiusmodi
741 3135 870 3198 actione
909 3135 1071 3220 superiori
1104 3136 1179 3222 lege

55 3239 211 3286 sanxrsse.

99 3333 190 3397 XVI.
237 3333 392 3394 Placitum
413 3330 605 3416 Iudaeorum
624 3332 659 3393 in
679 3333 804 3394 nomine
826 3331 988 3417 Principis
1000 3331 1137 3416 fuctum.

145 3441 404 3503 Clementissimo
418 3462 454 3502 ac
468 3439 673 3502 serenissimo
696 3440 828 3501 domino
851 3450 961 3501 nostro
983 3463 1176 3503 nucusurruo

60 3522 161 3607 Regi,
185 3545 297 3586 omnes
321 3546 379 3586 nos
403 3523 540 3586 Hebraei
569 3524 744 3585 Toletanae
776 3522 911 3584 civitatis
941 3531 1035 3606 atque
1062 3523 1179 3606 Hispa·

62 3607 135 3667 niae
169 3606 290 3690 gloriae
314 3617 436 3671 vestrae
459 3607 516 3690 qui
538 3605 622 3667 infra
643 3606 853 3690 subscripturi
875 3607 928 3669 vel
950 3606 1041 3691 signa
1061 3605 1180 3668 facturi

61 3711 181 3751 sumus.
474 3758 476 3768 y
1075 3746 1077 3749 .

144 3773 232 3832 Beue
248 3771 380 3854 quidem
399 3793 436 3832 ac
455 3770 536 3832 iuste
553 3792 617 3840 ¹nos
636 3770 842 3832 meminimus
865 3770 1047 3854 compulsos
1066 3771 1190 3850 fnisse,·

60 3863 97 3938 pt
118 3855 273 3938 placitum
296 3855 481 3916 innomine
506 3853 596 3916 divae
618 3856 790 3916 memoriae
807 3853 987 3915 Cbintilani
1002 3855 1097 3936 Regis
1119 3877 1177 3938 pro

62 3937 281 4011 conservanda
307 3939 369 4000 fide
394 3937 559 4000 Catholica
582 3938 785 4000 conscribere
809 3939 1019 4015 deberemus,
1043 3939 1126 3998 sicut
1148 3947 1180 3999 et

60 4021 206 4082 fecimus.
249 4021 313 4082 Sed
334 4021 411 4103 quia
432 4020 567 4103 perfidia
590 4031 715 4082 nostrae
740 4021 983 4098 obstinationis,
1016 4028 1048 4080 et
1068 4029 1178 4082 vetus-

61 4113 109 4165 tas
129 4103 304 4186 parentalis
327 4103 443 4184 erroris
466 4125 524 4164 nos
546 4103 590 4164 itu
619 4096 772 4182 detinuit,
804 4115 839 4166 ut
867 4127 929 4166 nec
958 4103 1115 4165 veraciter
1143 4103 1177 4163 in

62 4186 170 4249 lesum
193 4187 357 4252 Christum
377 4187 556 4250 Dominum
578 4187 800 4268 crederemus,
830 4208 893 4254 uec
915 4187 1116 4251 Catholicam
1137 4189 1177 4250 fi-
