2632 4822
62 249 136 324 834
446 261 556 316 sacas
585 257 780 315 arsamum

61 406 227 474 licentiam
253 402 394 465 habeant
422 399 455 462 in
491 421 548 464 sua
577 397 725 460 libertate
754 398 869 476 exire,
903 407 935 462 et
969 398 1086 462 slvere
1127 399 1179 459 ubi

62 489 239 555 soluerint.
295 486 374 548 Nam
398 484 425 546 si
456 483 495 544 ad
529 482 625 543 finem
651 481 762 543 nrortis
789 483 1039 566 properaverit,
1078 479 1125 544 ita
1146 492 1180 542 ut

62 596 126 638 uec
154 573 223 634 thin
249 590 301 630 ure
333 565 497 627 bominem
525 587 618 627 suum
643 563 762 646 possit,
795 585 856 626 nec
880 565 916 623 iia
940 586 1040 624 manu
1064 563 1180 625 Sacer-

63 659 148 722 dotis
172 591 300 722 tradere
324 650 411 711 circa
445 648 543 710 altare
580 648 718 707 liberum
751 645 1005 724 dimittendum,
1048 656 1181 741 propter

11 742 16 758 ⁴
62 741 263 805 subitaneam
282 741 437 808 mortem,
463 739 495 791 et
513 729 699 807 instituerit,
727 737 764 788 ut
788 737 859 812 post
882 729 1008 790 obitum
1029 749 1101 790 erus
1124 750 1181 811 per

63 841 196 884 manum
227 814 409 879 Sacerdotis
439 813 568 895 qualem
597 810 795 894 designavit,
817 813 903 873 circa
923 834 1053 874 sacrum
1080 811 1181 874 altare

29 893 33 902 ¹
64 901 141 968 duci
165 899 295 972 debean
324 918 432 958 caussa
454 893 666 958 miserationis
689 893 911 971 decrevimus,
940 904 978 956 nt
1000 894 1090 956 sicut
1113 897 1179 956 Do·

64 987 172 1049 minus
189 1003 301 1044 eorum
314 979 527 1063 praeceperit,
546 977 590 1037 ita
611 975 798 1059 implentum
823 987 856 1040 et
876 978 1054 1056 Sacerdos,
1084 997 1181 1058 quem

66 1063 303 1150 designaverit,
327 1062 412 1123 circa
435 1061 534 1120 altare
565 1079 642 1120 eum
663 1059 782 1141 absque
803 1061 1027 1142 cuiuscunque
1051 1069 1182 1120 contra-

65 1151 210 1214 dictione
239 1146 399 1222 absolvat,
425 1152 457 1204 et
484 1141 568 1204 liber
601 1150 800 1224 permaneat;
829 1143 908 1223 quia
932 1143 1074 1203 maxima
1096 1163 1181 1203 mer·

66 1255 121 1297 ces
144 1229 238 1292 nobis
261 1249 328 1291 esse
352 1226 498 1304 videtur,
531 1233 567 1284 nt
591 1225 631 1285 de
661 1223 793 1286 servitio
816 1225 902 1287 servi
930 1227 971 1289 ad
1000 1225 1183 1286 libertatem

67 1315 289 1390 deducantur,
323 1329 362 1370 eo
391 1308 479 1390 quod
503 1307 675 1368 Redemtor
700 1316 809 1369 noster
837 1330 948 1372 servus
971 1307 1044 1368 fieri
1070 1306 1182 1389 digna-

67 1407 119 1460 tus
139 1405 203 1473 est,
229 1403 266 1456 ut
294 1391 387 1454 nobis
407 1391 587 1452 libertatem
609 1389 755 1456 donaret.
810 1389 843 1454 Si
868 1413 947 1453 vero
977 1389 1108 1473 aliquid
1138 1389 1182 1450 eis

68 1481 103 1542 in
130 1479 200 1576 ipso
233 1474 324 1540 exitu
354 1471 542 1550 donaverit,
575 1479 630 1532 aut
659 1471 773 1534 donari
802 1475 1029 1568 praeceperit,
1064 1471 1183 1534 stabilis

69 1563 118 1626 eis
144 1580 212 1643 rpsa
240 1556 371 1620 donatio
390 1563 590 1638 permaneat;
620 1554 697 1635 quia
719 1554 814 1616 Paula
840 1555 988 1636 Apostoli
1014 1555 1183 1616 auctoritas

71 1643 209 1704 maxime
236 1641 276 1700 ad
299 1637 489 1700 domesticos
513 1637 586 1697 fidei
606 1634 802 1698 beneficium
821 1639 976 1720 praebere
1000 1636 1106 1704 iubet.
1145 1639 1184 1699 Et

69 1746 130 1870 ppo
158 1720 347 1786 launenlrild
381 1720 557 1800 imputetur
579 1718 609 1779 ei
635 1720 830 1797 servitium,
867 1721 941 1801 quia
972 1738 1091 1782 servus
1120 1741 1181 1781 non

99 1807 171 1868 abet
194 1805 281 1866 unde
312 1801 499 1864 launechild
522 1800 551 1860 ei
575 1800 682 1866 faciat.
764 1801 808 1867 Π.
832 1801 877 1864 ι8.
899 1805 928 1869 5.

139 1906 219 1944 roas.
255 1887 333 1938 Petre
354 1893 383 1937 te
404 1883 524 1954 appellat
549 1885 702 1946 Martinus,
729 1883 804 1954 qnod
825 1891 857 1938 ιιι
879 1902 907 1938 es
933 1902 1025 1939 servus
1051 1901 1132 1946 suns,
1156 1890 1183 1936 et

71 1958 144 2013 malo
161 1957 256 2011 ordine
274 1953 410 2008 subtrahis
429 1954 510 2008 tede
528 1971 576 2005 suo
599 1953 715 2009 servitio.
752 1954 878 2006 Liberum
895 1971 962 2006 sum.
1000 1955 1075 2007 Ecce
1094 1953 1183 2006 chama

71 2027 217 2090 libertatis,
237 2044 319 2096 quarn
337 2034 413 2097 pater
429 2033 493 2076 tuus
512 2023 578 2074 mihi
597 2024 682 2076 dedis
718 2023 773 2076 aas
797 2025 873 2076 dicat
896 2026 986 2091 falsa;
1013 2033 1063 2076 aut
1087 2031 1182 2077 taceat.
1258 2085 1260 2094 ‚

71 2101 151 2152 Patre
168 2107 197 2151 te
214 2097 336 2166 appellat
353 2093 498 2154 Martinus,
525 2094 599 2163 qnod
614 2112 677 2164 pars
693 2093 850 2147 Monasterii
877 2095 970 2146 Sancti
995 2093 1086 2154 Petri,
1113 2093 1183 2146 ande

72 2177 103 2222 ιιι
122 2187 149 2221 es
168 2167 418 2224 Advocatus,tenet
432 2163 484 2215 sibi
501 2171 599 2216 terram
616 2165 688 2216 malo
706 2165 802 2216 ordine
819 2163 848 2214 in
866 2166 916 2218 tali
933 2165 1006 2217 loco.
1043 2164 1104 2234 lpse
1116 2172 1184 2214 terra

72 2237 179 2310 propria
198 2247 238 2289 est
257 2237 292 2287 de
310 2233 476 2286 Monasterio
493 2250 541 2302 per
560 2234 690 2298 chartam,
709 2251 792 2304 quam
808 2243 889 2303 pater
903 2244 968 2286 tuus
988 2232 1066 2287 fecit.
1108 2235 1183 2286 Petre

72 2318 101 2362 te
121 2308 242 2378 appellat
258 2303 405 2364 Martinus,
425 2303 500 2374 qnod
517 2312 547 2356 tn
567 2319 594 2355 es
612 2321 676 2355 snus
694 2321 804 2366 servus,
825 2313 853 2356 et
869 2306 941 2356 malo
959 2305 1055 2356 ordine
1083 2302 1187 2354 subtra-

71 2377 115 2429 bis
133 2386 161 2429 te
180 2378 214 2429 de
233 2393 281 2427 suo
301 2375 417 2427 servitio.
463 2373 588 2426 Liberum
615 2391 674 2424 sum
692 2392 739 2444 per
757 2373 896 2438 chartam,
926 2392 1009 2444 quam
1036 2372 1104 2426 mibi
1121 2372 1188 2424 lecit

73 2449 168 2500 Petrus
187 2445 339 2510 Presbyter.
389 2443 464 2512 Quid
481 2441 636 2512 pertinuisti
654 2443 689 2494 ad
714 2441 920 2510 Presbyterum?
962 2445 1044 2496 Pater
1068 2451 1134 2495 tuns
1155 2442 1189 2492 li-

73 2517 170 2568 berum
189 2523 245 2568 non
262 2513 354 2583 potuit
371 2529 414 2564 me
433 2513 569 2566 dimittere
586 2522 696 2583 propter
714 2513 885 2566 subitaneam
910 2521 1045 2576 mortem,
1072 2522 1101 2565 et
1118 2528 1189 2564 com-

74 2585 225 2644 mendavit,
245 2583 320 2651 quod
338 2583 481 2650 Presbyter
498 2584 592 2635 Petrus
609 2583 760 2637 dimitteret
777 2601 821 2635 me
839 2583 962 2635 liberum.
1000 2584 1082 2634 Petre
1100 2590 1129 2633 te
1144 2599 1191 2651 ap-

95 2656 163 2706 ellat
179 2653 324 2715 Martinus,
343 2653 418 2721 qnod
435 2661 466 2705 tu
484 2660 561 2704 tenes
579 2652 630 2702 sibi
647 2661 746 2705 terram
771 2655 843 2705 malo
870 2653 964 2704 ordine
983 2653 1012 2702 in
1039 2653 1095 2704 tali
1122 2653 1191 2710 loco.

73 2675 209 2780 llominus
228 2739 315 2784 ruens,
336 2721 447 2792 qnando
465 2722 541 2774 venit
559 2722 593 2774 ad
611 2731 740 2785 mortem,
760 2721 871 2775 donavit
893 2722 962 2774 mihi
979 2721 1069 2792 ipsam
1085 2730 1191 2774 terram.

162 2793 219 2857 lV.
259 2791 288 2850 A
318 2791 434 2851 nostris
458 2793 686 2852 Decessoribus
712 2794 775 2852 iam
799 2801 893 2853 antea
922 2793 1111 2854 institutum
1135 2801 1191 2868 est,
1304 2848 1306 2854 .

77 2885 115 2939 ut
148 2872 376 2955 Langobardos
409 2880 597 2952 potestatem
629 2869 744 2935 babe'at
770 2874 872 2935 filium
898 2895 992 2936 suum
1021 2874 1085 2938 sibi
1110 2874 1192 2936 bene

76 2957 284 3034 servientem,
306 2953 475 3014 meliorare
501 2955 540 3014 de
559 2956 655 3017 rebus
671 2955 746 3022 suis.
780 2959 828 3017 De
857 2957 982 3018 filiabus
1002 2967 1114 3018 autem
1129 2977 1193 3018 non

77 3039 316 3105 continebatur.
366 3036 445 3098 Iden
470 3035 658 3115 statuimus,
698 3049 735 3098 ut
759 3038 786 3100 si
813 3039 892 3100 duas
918 3039 1000 3100 filias
1023 3040 1193 3116 habuerit,

79 3135 112 3187 et
140 3120 243 3182 filiam
266 3140 330 3180 uon
352 3117 540 3200 reliquerit,
570 3129 708 3200 potestas
731 3120 762 3182 ei
782 3119 840 3199 sit,
863 3144 961 3182 unam
984 3121 1086 3182 filiam
1106 3141 1195 3184 snam

79 3205 210 3288 qualem
241 3201 402 3272 soluerit,
426 3200 595 3262 meliorare
623 3203 656 3261 in
687 3203 814 3264 tertiam
835 3213 958 3288 partem
980 3226 1093 3266 rerum
1122 3226 1194 3266 sua-

79 3311 163 3351 rum.
204 3286 247 3346 Et
274 3283 299 3346 si
325 3291 388 3343 tres
415 3283 556 3360 fuerint,
587 3295 732 3365 quartam
755 3296 888 3368 partem.
939 3288 982 3348 Et
1006 3287 1036 3350 si
1056 3285 1193 3369 amplius

84 3368 227 3442 fuerint,
253 3388 312 3449 per
336 3364 419 3426 hanc
444 3365 600 3425 rationem
627 3376 837 3449 computetur.
920 3369 965 3434 ΙΙ.
988 3391 1040 3434 20.
1062 3370 1095 3445 4.

149 3449 227 3502 reru.
265 3447 382 3500 Martiae
397 3463 457 3498 cum
477 3449 585 3499 Donato
600 3458 647 3500 tuo
665 3456 777 3512 tutore,
798 3450 920 3503 lohanna
938 3469 1001 3504 cum
1020 3452 1129 3504 Donato
1148 3467 1195 3502 suo

80 3530 171 3577 tutore
188 3529 216 3571 te
235 3520 372 3588 appellat,
391 3517 465 3588 quod
480 3525 511 3570 tu
529 3527 606 3570 tenes
624 3518 675 3570 sibi
693 3521 765 3572 malo
782 3521 877 3574 ordine
894 3531 992 3574 terram
1010 3521 1039 3573 in
1057 3521 1109 3575 teli
1122 3521 1196 3577 loco.

109 3695 112 3700 1
163 3623 204 3683 V.
245 3617 279 3679 Si
302 3617 375 3698 quis
395 3618 622 3698 Lango'bardns
647 3620 806 3684 decedens
837 3622 977 3684 soluerit
1002 3623 1098 3684 uxori
1119 3645 1196 3686 suae

80 3704 324 3767 usumfructum
346 3700 386 3761 de
417 3701 512 3761 rebus
539 3702 604 3762 suis
626 3701 790 3782 indicare,
818 3714 851 3766 et
873 3705 956 3768 filios
983 3715 1016 3766 et
1041 3706 1127 3770 filias
1156 3727 1197 3768 ex

81 3811 119 3852 ea
146 3784 335 3866 reliquerit,
373 3803 438 3842 non
465 3784 601 3866 amplius
632 3784 662 3845 ei
697 3806 756 3866 per
786 3789 1021 3849 usumfructum
1048 3789 1195 3850 indicare

82 3870 192 3955 possit,
214 3887 312 3948 quam
331 3865 473 3926 medium
499 3866 538 3927 de
560 3887 616 3926 sna
640 3866 833 3947 substantia,
863 3891 960 3952 super
975 3869 1078 3948 illud,
1107 3869 1196 3954 qnod

84 3954 114 4014 ei
136 3951 170 4011 in
193 3948 406 4030 morgengab,
433 3958 465 4008 et
490 3946 523 4008 iu
546 3958 631 4008 meta
654 3951 833 4012 secundum
857 3952 962 4034 legem
987 3953 1098 4013 datum
1122 3955 1199 4012 fne-

82 4036 143 4104 rit„
177 4029 269 4092 Etsi
293 4029 375 4092 filios
400 4040 455 4090 ant
481 4029 563 4092 filias
590 4053 629 4092 ex
657 4031 719 4090 alia
744 4054 845 4095 uxore
870 4034 1065 4115 reliquerit,
1092 4057 1198 4097 unum

83 4128 139 4177 ant
157 4114 249 4189 dnos,
273 4114 374 4195 possit
391 4112 485 4174 uxori
510 4133 584 4172 suae
602 4113 730 4174 tertiam
751 4127 874 4196 partem
894 4116 933 4177 ad
956 4118 1198 4179 usumfructum

82 4198 279 4278 relinquere.
312 4195 402 4257 Etsi
425 4195 549 4256 fuerint
571 4204 644 4273 tres,
667 4207 810 4278 quartam
832 4198 1022 4281 portionem.
1065 4199 1101 4260 si
1122 4201 1197 4262 fue·
1230 4275 1234 4284 Ι
