2648 4874
285 289 393 350 neeis
411 291 702 352 memoramur
721 292 788 352 us.
808 294 845 348 ra
865 291 937 349 r1r.
956 292 994 351 u.
1105 275 1181 362 dit

69 445 132 502 ter.
172 431 254 496 Nam
276 442 468 496 oecurrente
486 453 554 495 uno
571 431 614 498 ed
637 432 813 517 placitum
838 443 876 500 et
894 432 972 498 elin
998 433 1180 519 differem,

67 539 135 580 non
157 535 299 600 pervum
326 515 532 598 dispendium
558 516 615 578 uni
639 517 721 599 parti
745 516 975 584 oonostituc...
1003 520 1181 590 statuimus

66 621 165 682 ergo,
188 606 390 679 cunctosque
409 595 549 676 iudices,
578 598 631 659 uel
657 599 1180 685 quibuscunqumiudieaadipo-

64 691 164 744 testas
184 688 251 757 est,
273 700 529 743 commonemus:
552 690 587 742 ut
608 681 759 761 quotiens
781 705 840 765 pro
861 704 1059 770 quocunqne
1080 705 1179 768 nego·

57 766 113 828 tie
132 770 194 848 per
210 761 417 844 sponsionem
433 761 547 846 placiti
564 763 827 828 constituendum
851 775 901 828 est
919 775 1057 850 tempus,
1078 787 1180 848 quun·

65 849 123 918 do,
148 853 204 906 aut
222 844 279 906 ubi
306 865 414 906 caussa
440 845 581 924 dicator,
611 846 663 908 vel
691 846 835 910 debitum
857 848 990 910 fortasse
1011 847 1180 930 reddatur,

63 939 141 1015 pars
159 937 308 1009 utraque,
329 925 392 988 boc
416 937 482 1007 est,
504 935 568 988 tum
587 929 728 1012 petentis
755 951 852 1012 quem
874 929 986 1013 petiti,
1008 931 1052 992 ita
1074 932 1180 1014 placi-

62 1025 100 1076 to
122 1011 353 1094 distringatur,
384 1019 421 1070 ut
450 1011 484 1071 iu
508 1012 682 1072 constituto
708 1012 778 1089 die,
801 1022 858 1079 aut
881 1033 941 1096 per
960 1032 1014 1092 se,
1039 1022 1096 1083 aut
1119 1033 1180 1098 per

63 1095 283 1157 mandatarius
308 1113 399 1170 suos,
421 1093 539 1172 praesti
564 1093 680 1154 sintin
704 1094 843 1172 iudicio,
866 1093 1006 1178 qualiter
1025 1104 1081 1158 aut
1103 1119 1178 1180 pro·

61 1177 210 1262 positum
230 1174 396 1258 negotium
414 1175 556 1254 finiatur,
578 1185 633 1237 eut
646 1175 787 1238 debitum
804 1178 1007 1242 reformetur.
1048 1179 1093 1242 Et
1105 1201 1179 1264 pers

62 1281 151 1342 quae
166 1280 201 1320 se
215 1257 388 1334 distulerit,
410 1279 447 1318 uo
465 1279 533 1320 sese
553 1273 579 1318 a·
595 1259 764 1343 praefinito
780 1261 832 1324 die
847 1260 1062 1344 suspenderit,
1080 1271 1137 1324 aut
1149 1261 1179 1324 si

62 1341 236 1405 iufirmitas
258 1361 333 1402 eum
358 1341 410 1402 vel
432 1338 557 1401 itineris
578 1342 749 1406 necessitas
772 1341 966 1424 impedierit,
991 1352 1025 1406 et
1041 1342 1106 1406 huc
1128 1343 1178 1428 ip,-

63 1448 139 1487 sum
161 1445 221 1486 suo
244 1421 346 1484 iudici
370 1432 426 1484 aut
454 1422 615 1484 causidico
640 1445 698 1486 suo
724 1445 789 1488 non
817 1425 1038 1505 intimaverit,
1067 1447 1178 1509 neque

63 1509 106 1569 ad
129 1506 351 1591 peragendum
372 1505 538 1589 negotium
552 1505 637 1566 iufra
652 1516 777 1595 tempus
792 1507 855 1570 alia
875 1509 947 1592 lege
967 1508 1180 1572 constitutum

64 1590 265 1666 occurrerit,
292 1595 397 1650 stante
426 1588 556 1672 negotio
583 1609 720 1672 poenam
749 1591 860 1673 placiti
887 1591 940 1658 sui
965 1590 1014 1652 illi
1043 1601 1178 1676 cogatur

64 1673 251 1748 exsolvere,
280 1691 379 1752 quem
409 1669 498 1732 iuxta
516 1691 605 1733 suam
633 1667 876 1754 promissionem
908 1673 943 1734 in
973 1671 1096 1737 iudicio
1123 1673 1178 1736 sd·

63 1777 136 1817 esse
164 1751 354 1819 constiterit.
394 1753 492 1832 Quod
513 1753 541 1815 si
561 1751 661 1816 iudex
683 1755 764 1817 baec
786 1765 842 1817 aot
864 1755 933 1822 saio
953 1754 1092 1840 implere
1109 1754 1179 1820 dis·

61 1837 202 1914 tulerit‚
224 1843 258 1896 et
281 1855 379 1896 unam
400 1845 523 1918 partem
549 1835 667 1920 placito
692 1837 901 1921 distringens,
926 1837 1060 1902 alteram
1080 1859 1180 1922 pree·

62 1919 259 1994 terminent,
288 1939 426 2000 poenam
446 1917 536 1980 illam
556 1939 620 2001 qua
640 1919 735 1980 illum
753 1920 927 2005 dampnare
943 1920 1058 1998 voluit,
1101 1940 1179 1982 uem

62 2004 173 2065 solum
196 1999 256 2064 sub
276 2000 398 2084 placito
420 2000 526 2080 misit,
554 2002 594 2063 dc
618 2022 677 2064 suo
702 2001 753 2064 illi
781 2003 972 2088 adimpleat,
999 2001 1054 2064 cui
1073 1941 1179 2085 §aci-

61 2096 135 2148 tum
154 2084 244 2148 visus
268 2093 317 2147 est
339 2083 492 2168 exegisse.
535 2083 630 2146 Certe
650 2085 677 2147 si
693 2084 727 2144 iu
751 2084 890 2169 dampno
910 2083 1010 2168 partis
1033 2082 1178 2161 alterius,

62 2167 222 2252 placitum
247 2164 336 2250 qnod
356 2166 398 2234 ab
419 2166 522 2229 altero
545 2167 669 2251 exegit,
683 2166 785 2228 'alteri
805 2167 889 2251 parti
909 2166 1008 2232 iudex
1030 2167 1085 2231 vel
1109 2163 1180 2229 saio

64 2248 258 2327 reddiderit,
276 2249 477 2318 autfertame
492 2248 628 2334 ruperit,
645 2249 699 2313 rel
717 2249 931 2329 absconderit,
952 2269 1090 2332 poenam
1105 2245 1178 2332 qui·

66 2333 153 2411 dem,
174 2353 257 2414 quae
283 2331 460 2415 iu'placito
486 2331 605 2394 inserta
629 2334 747 2410 fuerat,
771 2333 811 2395 de
840 2353 899 2396 suo
924 2332 976 2394 illi
1002 2331 1179 2416 persolvet,

64 2416 239 2500 praeuius
261 2434 371 2476 caussa
399 2415 620 2498 couscriptum
643 2414 800 2498 placitum
821 2437 889 2486 essa
912 2414 1094 2480 constabatc
1126 2435 1179 2476 ac·

64 2499 192 2559 tionem
211 2506 317 2559 tamen
346 2496 424 2574 ille,
450 2497 504 2558 cui
529 2519 600 2563 uem
625 2499 700 2576 etit,
730 2498 769 2562 sd
797 2499 1013 2586 peragendam
1041 2497 1181 2563 insistet.

63 2583 251 2662 Dnmpuum
278 2599 354 2640 sane
375 2580 465 2663 quod
487 2602 548 2664 per
574 2521 730 2664 pinsitum
757 2581 792 2643 iu
814 2583 946 2644 nomine
975 2580 1096 2644 iudicia
1121 2587 1180 2643 aut

62 2662 186 2724 saionis
211 2663 394 2728 institutum
415 2684 484 2725 esse
504 2663 686 2742 dinocitur,
707 2685 772 2726 nou
791 2666 831 2728 ad
844 2665 988 2728 saionem
1006 2665 1059 2727 vel
1072 2661 1113 2728 ad
1127 2661 1179 2724 iu·

65 2745 174 2807 dicem
195 2767 237 2807 ex
260 2745 409 2808 omuibus
429 2745 631 2829 pertinebit,
657 2747 714 2808 sed
735 2747 825 2811 selvo
850 2748 981 2831 negotio
1006 2745 1180 2810 veritatem

63 2827 228 2907 habentis,
253 2827 459 2890 medietatem
481 2828 542 2892 sibi
566 2829 667 2894 iudex
684 2839 717 2892 et
732 2829 811 2910 saio,
831 2840 865 2894 et
882 2829 1088 2894 medietatem
1104 2848 1178 2918 pars

64 2910 208 2996 petentis
225 2932 287 2996 per
307 2909 414 2972 omnia
437 2910 627 2976 vindicabit.

418 3057 461 3130 V.
523 3082 588 3133 rus.
630 3084 715 3130 caus.
757 3085 825 3129 aar.

70 3172 171 3268 pund
195 3173 235 3236 ab
258 3187 390 3260 utraque
414 3177 610 3242 causantium
629 3192 722 3263 parte
742 3180 784 3240 sit
802 3178 952 3264 probatio
976 3173 1179 3264 multimoda.

149 3281 311 3362 Quotiens
332 3301 442 3345 causes
468 3281 616 3362 auditur,
646 3283 794 3367 probatio
818 3284 951 3368 quidem
973 3284 1012 3348 ab
1040 3292 1179 3368 utruque

90 3372 170 3442 arte,
190 3365 256 3426 hoe
279 3371 424 3440 cattam
444 3386 463 3426 e
483 3372 626 3448 petente,
649 3385 745 3448 quam
762 3367 801 3428 ab
822 3389 862 3429 eo
885 3367 943 3450 qni
969 3367 1102 3452 petitur,
1123 3367 1180 3429 de·

66 3387 122 3508 bet
143 3446 285 3529 inquiri,
313 3454 346 3506 et
372 3467 458 3528 quae
480 3447 580 3528 magis
603 3449 705 3531 recipi
727 3449 865 3528 debeat,
892 3449 1034 3517 iudicem
1059 3449 1180 3512 discer-

68 3550 146 3591 uere
174 3535 397 3611 competenter
415 3537 550 3615 oportet.
592 3532 714 3594 Tamen
739 3532 767 3593 si
795 3553 855 3613 per
880 3533 1104 3616 probationem
1129 3529 1180 3595 rei

68 3611 189 3674 veritas
214 3611 402 3693 investigari
431 3611 635 3696 nequiverit,
660 3623 741 3676 tuuc
767 3612 823 3675 ille
849 3616 906 3698 qui
929 3617 1099 3698 pulsatur,
1131 3635 1179 3678 sa-

68 3693 241 3756 crementis
267 3715 301 3756 se
330 3694 461 3777 expiet,
491 3714 560 3756 rem
591 3697 643 3756 vel
674 3696 699 3758 si
728 3698 808 3779 qnid
838 3700 878 3758 ab
908 3719 946 3760 eo
976 3698 1180 3782 requiritur,

70 3798 178 3857 neque
201 3775 364 3852 habuisse,
386 3798 493 3859 neque
514 3775 652 3857 babere,
672 3799 777 3862 neque
796 3779 903 3862 aliqua
923 3781 964 3842 de
988 3803 1096 3844 caussa
1121 3803 1181 3844 un·

69 3859 108 3919 de
131 3860 403 3945 interrogatores
426 3861 590 3920 conscium
614 3882 703 3939 esse,
736 3863 784 3944 rel
811 3863 988 3944 quidquam
1016 3863 1094 3928 inde
1119 3885 1181 3926 ve·

69 3941 170 4002 ritatis
197 3942 291 4018 scire,
314 3961 375 4002 nec
400 3940 434 4003 id
456 3943 544 4026 quod
568 3943 698 4021 dicitur,
725 3955 758 4006 et
780 3945 831 4007 illi
855 3946 937 4029 perti
966 3945 1021 4008 cui
1043 3946 1180 4024 dicitur,

70 4023 276 4088 commisisse.
330 4024 371 4084 Et
398 4034 565 4107 postquam
598 4024 640 4086 ita
669 4027 823 4090 iuraverit
852 4027 908 4110 qui
938 4030 1082 4111 pulsatus
1113 4035 1180 4106 est,

70 4105 216 4192 quinque
242 4105 363 4171 solidos
384 4106 441 4170 illc
465 4107 524 4194 qui
544 4107 684 4195 pulsavit
711 4110 742 4174 ei
765 4121 898 4196 cogetur
921 4113 1097 4181 exsolvere.
