<?xml version="1.0" encoding="UTF-8"?>
<!DOCTYPE html PUBLIC "-//W3C//DTD XHTML 1.0 Transitional//EN"
    "http://www.w3.org/TR/xhtml1/DTD/xhtml1-transitional.dtd">
<html xmlns="http://www.w3.org/1999/xhtml" xml:lang="en" lang="en">
 <head>
  <title>
</title>
<meta http-equiv="Content-Type" content="text/html;charset=utf-8" />
  <meta name='ocr-system' content='tesseract 3.04.00' />
  <meta name='ocr-capabilities' content='ocr_page ocr_carea ocr_par ocr_line ocrx_word'/>
</head>
<body>
  <div class='ocr_page' id='page_1' title='image "./corpusiurisgerm00visigoog_0023.png"; bbox 0 0 2648 4874; ppageno 0'>
   <div class='ocr_carea' id='block_1_1' title="bbox 145 244 1059 328">
    <p class='ocr_par' dir='ltr' id='par_1_1' title="bbox 145 244 1059 328">
     <span class='ocr_line' id='line_1_1' title="bbox 145 244 1059 328; baseline 0 -2"><span class='ocrx_word' id='word_1_1' title='bbox 145 244 222 326; x_wconf 79' lang='lat' dir='ltr'><strong>tao</strong></span> <span class='ocrx_word' id='word_1_2' title='bbox 372 259 479 324; x_wconf 79' lang='lat' dir='ltr'><strong>neers</strong></span> <span class='ocrx_word' id='word_1_3' title='bbox 496 263 788 326; x_wconf 77' lang='lat' dir='ltr'><strong>ursmaraonnu</strong></span> <span class='ocrx_word' id='word_1_4' title='bbox 805 269 870 325; x_wconf 82' lang='lat' dir='ltr'><strong>ua.</strong></span> <span class='ocrx_word' id='word_1_5' title='bbox 889 267 927 326; x_wconf 89' lang='lat' dir='ltr'><strong>n.</strong></span> <span class='ocrx_word' id='word_1_6' title='bbox 945 272 1017 328; x_wconf 85' lang='lat' dir='ltr'><strong>nr.</strong></span> <span class='ocrx_word' id='word_1_7' title='bbox 1035 273 1059 328; x_wconf 92' lang='lat'><strong>1.</strong></span> 
     </span>
    </p>
   </div>
   <div class='ocr_carea' id='block_1_2' title="bbox 144 405 1260 1159">
    <p class='ocr_par' dir='ltr' id='par_1_2' title="bbox 144 405 1260 1159">
     <span class='ocr_line' id='line_1_2' title="bbox 147 405 1260 496; baseline 0.004 -22"><span class='ocrx_word' id='word_1_8' title='bbox 147 410 222 474; x_wconf 79' lang='lat' dir='ltr'><strong>(lam</strong></span> <span class='ocrx_word' id='word_1_9' title='bbox 245 406 337 470; x_wconf 78' lang='lat' dir='ltr'><strong>nulle</strong></span> <span class='ocrx_word' id='word_1_10' title='bbox 365 405 446 493; x_wconf 86' lang='lat' dir='ltr'><strong>legis</strong></span> <span class='ocrx_word' id='word_1_11' title='bbox 474 411 641 474; x_wconf 76' lang='lat' dir='ltr'><strong>sanctione</strong></span> <span class='ocrx_word' id='word_1_12' title='bbox 662 431 754 494; x_wconf 88' lang='lat' dir='ltr'><strong>posse</strong></span> <span class='ocrx_word' id='word_1_13' title='bbox 778 410 897 472; x_wconf 88' lang='lat' dir='ltr'><strong>teneri:</strong></span> <span class='ocrx_word' id='word_1_14' title='bbox 936 433 1035 496; x_wconf 88' lang='lat' dir='ltr'><strong>quem</strong></span> <span class='ocrx_word' id='word_1_15' title='bbox 1065 420 1173 476; x_wconf 87' lang='lat' dir='ltr'><strong>tamen</strong></span> <span class='ocrx_word' id='word_1_16' title='bbox 1202 425 1260 478; x_wconf 89' lang='lat' dir='ltr'><strong>aut</strong></span> 
     </span>
     <span class='ocr_line' id='line_1_3' title="bbox 145 492 1257 580; baseline 0.004 -24"><span class='ocrx_word' id='word_1_17' title='bbox 145 514 207 579; x_wconf 89' lang='lat' dir='ltr'><strong>per</strong></span> <span class='ocrx_word' id='word_1_18' title='bbox 239 492 394 576; x_wconf 90' lang='lat' dir='ltr'><strong>placitum</strong></span> <span class='ocrx_word' id='word_1_19' title='bbox 422 492 571 576; x_wconf 83' lang='lat' dir='ltr'><strong>distringi</strong></span> <span class='ocrx_word' id='word_1_20' title='bbox 594 495 827 578; x_wconf 88' lang='lat' dir='ltr'><strong>praecipimus,</strong></span> <span class='ocrx_word' id='word_1_21' title='bbox 861 498 991 577; x_wconf 89' lang='lat' dir='ltr'><strong>quando</strong></span> <span class='ocrx_word' id='word_1_22' title='bbox 1021 517 1096 558; x_wconf 90' lang='lat' dir='ltr'><strong>cum</strong></span> <span class='ocrx_word' id='word_1_23' title='bbox 1119 499 1257 580; x_wconf 86' lang='lat' dir='ltr'><strong>petitore</strong></span> 
     </span>
     <span class='ocr_line' id='line_1_4' title="bbox 147 573 1256 672; baseline 0.002 -33"><span class='ocrx_word' id='word_1_24' title='bbox 147 598 291 640; x_wconf 86' lang='lat' dir='ltr'><strong>caussam</strong></span> <span class='ocrx_word' id='word_1_25' title='bbox 311 573 405 638; x_wconf 84' lang='lat' dir='ltr'><strong>finire</strong></span> <span class='ocrx_word' id='word_1_26' title='bbox 425 577 468 652; x_wconf 79' lang='lat' dir='ltr'><strong>sit</strong></span> <span class='ocrx_word' id='word_1_27' title='bbox 486 587 641 672; x_wconf 89' lang='lat' dir='ltr'><strong>praestus.</strong></span> <span class='ocrx_word' id='word_1_28' title='bbox 683 577 750 640; x_wconf 86' lang='lat' dir='ltr'><strong>Aut</strong></span> <span class='ocrx_word' id='word_1_29' title='bbox 777 576 804 638; x_wconf 91' lang='lat' dir='ltr'><strong>si</strong></span> <span class='ocrx_word' id='word_1_30' title='bbox 826 579 910 640; x_wconf 85' lang='lat' dir='ltr'><strong>forte</strong></span> <span class='ocrx_word' id='word_1_31' title='bbox 932 578 1003 640; x_wconf 87' lang='lat' dir='ltr'><strong>talis</strong></span> <span class='ocrx_word' id='word_1_32' title='bbox 1026 589 1093 658; x_wconf 89' lang='lat' dir='ltr'><strong>cst,</strong></span> <span class='ocrx_word' id='word_1_33' title='bbox 1126 581 1256 662; x_wconf 89' lang='lat' dir='ltr'><strong>dequo</strong></span> 
     </span>
     <span class='ocr_line' id='line_1_5' title="bbox 144 657 1258 746; baseline 0 -24"><span class='ocrx_word' id='word_1_34' title='bbox 144 669 294 742; x_wconf 86' lang='lat' dir='ltr'><strong>suspecta</strong></span> <span class='ocrx_word' id='word_1_35' title='bbox 325 659 366 720; x_wconf 92' lang='lat' dir='ltr'><strong>sit</strong></span> <span class='ocrx_word' id='word_1_36' title='bbox 391 659 501 745; x_wconf 80' lang='lat' dir='ltr'><strong>placiti</strong></span> <span class='ocrx_word' id='word_1_37' title='bbox 522 657 621 736; x_wconf 83' lang='lat' dir='ltr'><strong>tides,</strong></span> <span class='ocrx_word' id='word_1_38' title='bbox 658 680 763 743; x_wconf 90' lang='lat' dir='ltr'><strong>neque</strong></span> <span class='ocrx_word' id='word_1_39' title='bbox 791 658 1012 722; x_wconf 87' lang='lat' dir='ltr'><strong>fideiussorem</strong></span> <span class='ocrx_word' id='word_1_40' title='bbox 1031 684 1089 746; x_wconf 87' lang='lat' dir='ltr'><strong>pro</strong></span> <span class='ocrx_word' id='word_1_41' title='bbox 1111 683 1145 724; x_wconf 90' lang='lat' dir='ltr'><strong>se</strong></span> <span class='ocrx_word' id='word_1_42' title='bbox 1169 663 1258 724; x_wconf 86' lang='lat' dir='ltr'><strong>adhi-</strong></span> 
     </span>
     <span class='ocr_line' id='line_1_6' title="bbox 145 741 1255 827; baseline 0.001 -22"><span class='ocrx_word' id='word_1_43' title='bbox 145 743 223 805; x_wconf 85' lang='lat' dir='ltr'><strong>bere</strong></span> <span class='ocrx_word' id='word_1_44' title='bbox 243 742 401 827; x_wconf 88' lang='lat' dir='ltr'><strong>potuerit,</strong></span> <span class='ocrx_word' id='word_1_45' title='bbox 433 741 518 825; x_wconf 85' lang='lat' dir='ltr'><strong>apud</strong></span> <span class='ocrx_word' id='word_1_46' title='bbox 542 741 684 803; x_wconf 90' lang='lat' dir='ltr'><strong>iudicem</strong></span> <span class='ocrx_word' id='word_1_47' title='bbox 722 742 782 805; x_wconf 92' lang='lat' dir='ltr'><strong>sub</strong></span> <span class='ocrx_word' id='word_1_48' title='bbox 803 743 948 804; x_wconf 90' lang='lat' dir='ltr'><strong>custodia</strong></span> <span class='ocrx_word' id='word_1_49' title='bbox 970 755 1115 805; x_wconf 80' lang='lat' dir='ltr'><strong>manent:</strong></span> <span class='ocrx_word' id='word_1_50' title='bbox 1143 755 1180 805; x_wconf 90' lang='lat' dir='ltr'><strong>ut</strong></span> <span class='ocrx_word' id='word_1_51' title='bbox 1203 767 1255 806; x_wconf 86' lang='lat' dir='ltr'><strong>ex·</strong></span> 
     </span>
     <span class='ocr_line' id='line_1_7' title="bbox 144 825 1255 910; baseline 0.002 -23"><span class='ocrx_word' id='word_1_52' title='bbox 144 826 235 910; x_wconf 91' lang='lat' dir='ltr'><strong>pleto</strong></span> <span class='ocrx_word' id='word_1_53' title='bbox 261 838 404 907; x_wconf 89' lang='lat' dir='ltr'><strong>tempore</strong></span> <span class='ocrx_word' id='word_1_54' title='bbox 428 825 562 903; x_wconf 88' lang='lat' dir='ltr'><strong>feriato,</strong></span> <span class='ocrx_word' id='word_1_55' title='bbox 599 847 707 887; x_wconf 82' lang='lat' dir='ltr'>caussa</span> <span class='ocrx_word' id='word_1_56' title='bbox 740 847 799 909; x_wconf 93' lang='lat' dir='ltr'><strong>pro</strong></span> <span class='ocrx_word' id='word_1_57' title='bbox 833 848 896 907; x_wconf 91' lang='lat' dir='ltr'><strong>qua</strong></span> <span class='ocrx_word' id='word_1_58' title='bbox 922 827 1130 909; x_wconf 85' lang='lat' dir='ltr'><strong>compellitur</strong></span> <span class='ocrx_word' id='word_1_59' title='bbox 1158 828 1255 889; x_wconf 86' lang='lat' dir='ltr'><strong>finem</strong></span> 
     </span>
     <span class='ocr_line' id='line_1_8' title="bbox 145 908 1254 994; baseline 0.002 -25"><span class='ocrx_word' id='word_1_60' title='bbox 145 908 292 992; x_wconf 80' lang='lat' dir='ltr'><strong>accipiat.</strong></span> <span class='ocrx_word' id='word_1_61' title='bbox 333 909 367 969; x_wconf 91' lang='lat' dir='ltr'><strong>Si</strong></span> <span class='ocrx_word' id='word_1_62' title='bbox 396 908 467 993; x_wconf 90' lang='lat' dir='ltr'><strong>quis</strong></span> <span class='ocrx_word' id='word_1_63' title='bbox 489 919 595 969; x_wconf 90' lang='lat' dir='ltr'><strong>autem</strong></span> <span class='ocrx_word' id='word_1_64' title='bbox 617 918 728 968; x_wconf 90' lang='lat' dir='ltr'><strong>contra</strong></span> <span class='ocrx_word' id='word_1_65' title='bbox 752 909 919 970; x_wconf 89' lang='lat' dir='ltr'><strong>decretum</strong></span> <span class='ocrx_word' id='word_1_66' title='bbox 939 909 1019 992; x_wconf 89' lang='lat' dir='ltr'><strong>legis</strong></span> <span class='ocrx_word' id='word_1_67' title='bbox 1041 908 1138 974; x_wconf 90' lang='lat' dir='ltr'><strong>huius</strong></span> <span class='ocrx_word' id='word_1_68' title='bbox 1161 931 1254 994; x_wconf 85' lang='lat' dir='ltr'><strong>agere</strong></span> 
     </span>
     <span class='ocr_line' id='line_1_9' title="bbox 146 989 1252 1078; baseline 0.001 -26"><span class='ocrx_word' id='word_1_69' title='bbox 146 990 411 1076; x_wconf 80' lang='lat' dir='ltr'><strong>praesumpserit,</strong></span> <span class='ocrx_word' id='word_1_70' title='bbox 442 1001 475 1053; x_wconf 90' lang='lat' dir='ltr'><strong>et</strong></span> <span class='ocrx_word' id='word_1_71' title='bbox 506 992 546 1052; x_wconf 90' lang='lat' dir='ltr'><strong>ad</strong></span> <span class='ocrx_word' id='word_1_72' title='bbox 572 989 713 1053; x_wconf 90' lang='lat' dir='ltr'><strong>iudicem</strong></span> <span class='ocrx_word' id='word_1_73' title='bbox 740 1012 781 1052; x_wconf 84' lang='lat' dir='ltr'><strong>ex</strong></span> <span class='ocrx_word' id='word_1_74' title='bbox 805 991 868 1052; x_wconf 91' lang='lat' dir='ltr'><strong>boc</strong></span> <span class='ocrx_word' id='word_1_75' title='bbox 895 992 1029 1073; x_wconf 87' lang='lat' dir='ltr'><strong>querela</strong></span> <span class='ocrx_word' id='word_1_76' title='bbox 1047 993 1252 1078; x_wconf 82' lang='lat' dir='ltr'><strong>pervenerit,</strong></span> 
     </span>
     <span class='ocr_line' id='line_1_10' title="bbox 146 1067 1010 1159; baseline -0.003 -23"><span class='ocrx_word' id='word_1_77' title='bbox 146 1077 182 1136; x_wconf 91' lang='lat' dir='ltr'><strong>L.</strong></span> <span class='ocrx_word' id='word_1_78' title='bbox 204 1075 287 1138; x_wconf 74' lang='lat' dir='ltr'><strong>Ictus</strong></span> <span class='ocrx_word' id='word_1_79' title='bbox 307 1073 509 1159; x_wconf 86' lang='lat' dir='ltr'><strong>flagellorum</strong></span> <span class='ocrx_word' id='word_1_80' title='bbox 532 1067 664 1156; x_wconf 86' lang='lat' dir='ltr'><strong>publice</strong></span> <span class='ocrx_word' id='word_1_81' title='bbox 689 1083 841 1136; x_wconf 80' lang='lat' dir='ltr'><strong>extensus</strong></span> <span class='ocrx_word' id='word_1_82' title='bbox 864 1074 1010 1159; x_wconf 86' lang='lat' dir='ltr'><strong>accipiat.</strong></span> 
     </span>
    </p>
   </div>
   <div class='ocr_carea' id='block_1_3' title="bbox 559 1223 822 1299">
    <p class='ocr_par' dir='ltr' id='par_1_3' title="bbox 559 1223 822 1299">
     <span class='ocr_line' id='line_1_11' title="bbox 559 1223 822 1299; baseline 0.015 -14"><span class='ocrx_word' id='word_1_83' title='bbox 559 1223 633 1288; x_wconf 83' lang='grc' dir='ltr'><strong>ΧΗ.</strong></span> <span class='ocrx_word' id='word_1_84' title='bbox 674 1245 822 1299; x_wconf 71' lang='lat' dir='ltr'><strong>serious.</strong></span> 
     </span>
    </p>
   </div>
   <div class='ocr_carea' id='block_1_4' title="bbox 100 1336 1253 2004">
    <p class='ocr_par' dir='ltr' id='par_1_4' title="bbox 232 1336 1171 1424">
     <span class='ocr_line' id='line_1_12' title="bbox 232 1336 1171 1424; baseline 0.006 -24"><span class='ocrx_word' id='word_1_85' title='bbox 232 1336 274 1402; x_wconf 90' lang='lat' dir='ltr'><strong>Ut</strong></span> <span class='ocrx_word' id='word_1_86' title='bbox 300 1337 389 1402; x_wconf 79' lang='lat' dir='ltr'><strong>natta</strong></span> <span class='ocrx_word' id='word_1_87' title='bbox 408 1357 519 1402; x_wconf 79' lang='lat' dir='ltr'><em>caussa</em></span> <span class='ocrx_word' id='word_1_88' title='bbox 536 1363 556 1400; x_wconf 92' lang='lat' dir='ltr'><strong>a</strong></span> <span class='ocrx_word' id='word_1_89' title='bbox 573 1338 729 1401; x_wconf 85' lang='lat' dir='ltr'><strong>iudicibus</strong></span> <span class='ocrx_word' id='word_1_90' title='bbox 750 1339 917 1419; x_wconf 77' lang='lat' dir='ltr'><strong>audiatur,</strong></span> <span class='ocrx_word' id='word_1_91' title='bbox 947 1361 1025 1423; x_wconf 84' lang='lat' dir='ltr'><strong>quae</strong></span> <span class='ocrx_word' id='word_1_92' title='bbox 1052 1341 1171 1424; x_wconf 84' lang='lat' dir='ltr'><strong>legibus</strong></span> 
     </span>
    </p>

    <p class='ocr_par' dir='ltr' id='par_1_5' title="bbox 572 1424 848 1488">
     <span class='ocr_line' id='line_1_13' title="bbox 572 1424 848 1488; baseline 0.007 -6"><span class='ocrx_word' id='word_1_93' title='bbox 572 1444 635 1482; x_wconf 87' lang='lat' dir='ltr'><strong>non</strong></span> <span class='ocrx_word' id='word_1_94' title='bbox 661 1424 848 1488; x_wconf 77' lang='lat' dir='ltr'><strong>continetur.</strong></span> 
     </span>
    </p>

    <p class='ocr_par' dir='ltr' id='par_1_6' title="bbox 100 1503 1253 2004">
     <span class='ocr_line' id='line_1_14' title="bbox 223 1503 1253 1594; baseline 0.003 -28"><span class='ocrx_word' id='word_1_95' title='bbox 223 1503 341 1566; x_wconf 84' lang='lat' dir='ltr'><strong>Nullus</strong></span> <span class='ocrx_word' id='word_1_96' title='bbox 375 1503 474 1566; x_wconf 85' lang='lat' dir='ltr'><strong>iudex</strong></span> <span class='ocrx_word' id='word_1_97' title='bbox 508 1527 649 1566; x_wconf 82' lang='lat' dir='ltr'><strong>caussam</strong></span> <span class='ocrx_word' id='word_1_98' title='bbox 681 1505 791 1566; x_wconf 88' lang='lat' dir='ltr'><strong>audire</strong></span> <span class='ocrx_word' id='word_1_99' title='bbox 824 1515 1025 1587; x_wconf 83' lang='lat' dir='ltr'><strong>praesumat,</strong></span> <span class='ocrx_word' id='word_1_100' title='bbox 1060 1529 1143 1591; x_wconf 88' lang='lat' dir='ltr'><strong>quae</strong></span> <span class='ocrx_word' id='word_1_101' title='bbox 1175 1508 1253 1594; x_wconf 89' lang='lat' dir='ltr'><strong>legi-</strong></span> 
     </span>
     <span class='ocr_line' id='line_1_15' title="bbox 142 1585 1252 1675; baseline 0.007 -27"><span class='ocrx_word' id='word_1_102' title='bbox 142 1585 203 1648; x_wconf 87' lang='lat' dir='ltr'><strong>bus</strong></span> <span class='ocrx_word' id='word_1_103' title='bbox 227 1607 293 1648; x_wconf 91' lang='lat' dir='ltr'><strong>non</strong></span> <span class='ocrx_word' id='word_1_104' title='bbox 315 1587 514 1659; x_wconf 89' lang='lat' dir='ltr'><strong>continetur;</strong></span> <span class='ocrx_word' id='word_1_105' title='bbox 537 1589 594 1650; x_wconf 88' lang='lat' dir='ltr'><strong>sed</strong></span> <span class='ocrx_word' id='word_1_106' title='bbox 617 1609 724 1650; x_wconf 91' lang='lat' dir='ltr'><strong>comes</strong></span> <span class='ocrx_word' id='word_1_107' title='bbox 750 1587 890 1653; x_wconf 83' lang='lat' dir='ltr'><strong>civitatis</strong></span> <span class='ocrx_word' id='word_1_108' title='bbox 909 1589 961 1649; x_wconf 85' lang='lat' dir='ltr'><strong>vel</strong></span> <span class='ocrx_word' id='word_1_109' title='bbox 987 1589 1104 1668; x_wconf 81' lang='lat' dir='ltr'><strong>index,</strong></span> <span class='ocrx_word' id='word_1_110' title='bbox 1127 1601 1182 1652; x_wconf 88' lang='lat' dir='ltr'><strong>aut</strong></span> <span class='ocrx_word' id='word_1_111' title='bbox 1195 1615 1252 1675; x_wconf 90' lang='lat' dir='ltr'><strong>per</strong></span> 
     </span>
     <span class='ocr_line' id='line_1_16' title="bbox 142 1667 1251 1757; baseline 0.005 -26"><span class='ocrx_word' id='word_1_112' title='bbox 142 1692 195 1746; x_wconf 89' lang='lat' dir='ltr'><strong>sc,</strong></span> <span class='ocrx_word' id='word_1_113' title='bbox 215 1679 272 1730; x_wconf 81' lang='lat' dir='ltr'><strong>aut</strong></span> <span class='ocrx_word' id='word_1_114' title='bbox 289 1692 347 1754; x_wconf 88' lang='lat' dir='ltr'><strong>per</strong></span> <span class='ocrx_word' id='word_1_115' title='bbox 371 1681 604 1754; x_wconf 75' lang='lat' dir='ltr'><strong>exequuturum</strong></span> <span class='ocrx_word' id='word_1_116' title='bbox 621 1693 733 1747; x_wconf 85' lang='lat' dir='ltr'><strong>suum,</strong></span> <span class='ocrx_word' id='word_1_117' title='bbox 756 1670 943 1753; x_wconf 87' lang='lat' dir='ltr'><strong>conspectui</strong></span> <span class='ocrx_word' id='word_1_118' title='bbox 966 1667 1126 1757; x_wconf 90' lang='lat' dir='ltr'><strong>Principis</strong></span> <span class='ocrx_word' id='word_1_119' title='bbox 1149 1683 1251 1736; x_wconf 86' lang='lat' dir='ltr'><strong>utras-</strong></span> 
     </span>
     <span class='ocr_line' id='line_1_17' title="bbox 142 1753 1252 1838; baseline 0.006 -26"><span class='ocrx_word' id='word_1_120' title='bbox 142 1774 208 1835; x_wconf 87' lang='lat' dir='ltr'><strong>que</strong></span> <span class='ocrx_word' id='word_1_121' title='bbox 232 1763 436 1834; x_wconf 86' lang='lat' dir='ltr'><strong>praesentare</strong></span> <span class='ocrx_word' id='word_1_122' title='bbox 464 1761 569 1836; x_wconf 85' lang='lat' dir='ltr'><strong>partes</strong></span> <span class='ocrx_word' id='word_1_123' title='bbox 594 1765 759 1838; x_wconf 89' lang='lat' dir='ltr'><strong>procuret:</strong></span> <span class='ocrx_word' id='word_1_124' title='bbox 792 1776 857 1836; x_wconf 88' lang='lat' dir='ltr'><strong>quo</strong></span> <span class='ocrx_word' id='word_1_125' title='bbox 877 1753 1006 1816; x_wconf 87' lang='lat' dir='ltr'><strong>facilius</strong></span> <span class='ocrx_word' id='word_1_126' title='bbox 1029 1766 1060 1819; x_wconf 91' lang='lat' dir='ltr'><strong>et</strong></span> <span class='ocrx_word' id='word_1_127' title='bbox 1081 1778 1132 1819; x_wconf 89' lang='lat' dir='ltr'><strong>res</strong></span> <span class='ocrx_word' id='word_1_128' title='bbox 1154 1757 1252 1819; x_wconf 87' lang='lat' dir='ltr'><strong>finem</strong></span> 
     </span>
     <span class='ocr_line' id='line_1_18' title="bbox 142 1826 1253 1924; baseline 0.009 -30"><span class='ocrx_word' id='word_1_129' title='bbox 142 1826 296 1918; x_wconf 88' lang='lat' dir='ltr'><strong>accipiat,</strong></span> <span class='ocrx_word' id='word_1_130' title='bbox 318 1845 352 1897; x_wconf 88' lang='lat' dir='ltr'><strong>et</strong></span> <span class='ocrx_word' id='word_1_131' title='bbox 382 1837 687 1922; x_wconf 75' lang='lat' dir='ltr'><strong>potestatis&#39;regiae</strong></span> <span class='ocrx_word' id='word_1_132' title='bbox 720 1836 913 1900; x_wconf 83' lang='lat' dir='ltr'><strong>discretione</strong></span> <span class='ocrx_word' id='word_1_133' title='bbox 944 1840 1116 1922; x_wconf 76' lang='lat' dir='ltr'><strong>tractetur,</strong></span> <span class='ocrx_word' id='word_1_134' title='bbox 1143 1849 1253 1924; x_wconf 81' lang='lat' dir='ltr'><strong>quate·</strong></span> 
     </span>
     <span class='ocr_line' id='line_1_19' title="bbox 100 1919 909 2004; baseline 0.002 -26"><span class='ocrx_word' id='word_1_135' title='bbox 100 1952 104 1963; x_wconf 48' lang='grc' dir='ltr'><em>ι</em></span> <span class='ocrx_word' id='word_1_136' title='bbox 142 1939 204 1981; x_wconf 90' lang='lat' dir='ltr'><strong>nus</strong></span> <span class='ocrx_word' id='word_1_137' title='bbox 221 1927 371 1982; x_wconf 82' lang='lat' dir='ltr'><strong>exortum</strong></span> <span class='ocrx_word' id='word_1_138' title='bbox 393 1921 559 2004; x_wconf 79' lang='lat' dir='ltr'><strong>negotium</strong></span> <span class='ocrx_word' id='word_1_139' title='bbox 577 1921 702 2004; x_wconf 88' lang='lat' dir='ltr'><strong>legibus</strong></span> <span class='ocrx_word' id='word_1_140' title='bbox 739 1919 909 1986; x_wconf 87' lang='lat' dir='ltr'><strong>inseratur.</strong></span> 
     </span>
    </p>
   </div>
   <div class='ocr_carea' id='block_1_5' title="bbox 492 2035 891 2102">
    <p class='ocr_par' dir='ltr' id='par_1_7' title="bbox 492 2035 891 2102">
     <span class='ocr_line' id='line_1_20' title="bbox 492 2035 891 2102; baseline 0.005 -8"><span class='ocrx_word' id='word_1_141' title='bbox 492 2035 580 2102; x_wconf 86' lang='lat' dir='ltr'><strong>Xlll.</strong></span> <span class='ocrx_word' id='word_1_142' title='bbox 620 2056 682 2100; x_wconf 77' lang='lat' dir='ltr'><strong>ras.</strong></span> <span class='ocrx_word' id='word_1_143' title='bbox 710 2056 796 2097; x_wconf 84' lang='lat' dir='ltr'><strong>acne.</strong></span> <span class='ocrx_word' id='word_1_144' title='bbox 822 2055 891 2102; x_wconf 84' lang='lat' dir='ltr'><strong>aex.</strong></span> 
     </span>
    </p>
   </div>
   <div class='ocr_carea' id='block_1_6' title="bbox 138 2149 1275 3064">
    <p class='ocr_par' dir='ltr' id='par_1_8' title="bbox 140 2149 1249 2392">
     <span class='ocr_line' id='line_1_21' title="bbox 147 2149 1249 2237; baseline 0.003 -23"><span class='ocrx_word' id='word_1_145' title='bbox 147 2150 190 2214; x_wconf 88' lang='lat' dir='ltr'><strong>Ut</strong></span> <span class='ocrx_word' id='word_1_146' title='bbox 209 2152 394 2214; x_wconf 81' lang='lat' dir='ltr'><strong>terminatae</strong></span> <span class='ocrx_word' id='word_1_147' title='bbox 413 2170 540 2214; x_wconf 85' lang='lat' dir='ltr'><strong>caussae</strong></span> <span class='ocrx_word' id='word_1_148' title='bbox 561 2149 738 2210; x_wconf 87' lang='lat' dir='ltr'><strong>nullatenus</strong></span> <span class='ocrx_word' id='word_1_149' title='bbox 760 2149 986 2212; x_wconf 82' lang='lat' dir='ltr'><strong>revolvantur:</strong></span> <span class='ocrx_word' id='word_1_150' title='bbox 1014 2150 1156 2237; x_wconf 84' lang='lat' dir='ltr'><strong>reliquae</strong></span> <span class='ocrx_word' id='word_1_151' title='bbox 1178 2176 1249 2218; x_wconf 82' lang='lat' dir='ltr'><strong>vero</strong></span> 
     </span>
     <span class='ocr_line' id='line_1_22' title="bbox 140 2227 1248 2316; baseline 0.004 -22"><span class='ocrx_word' id='word_1_152' title='bbox 140 2232 188 2294; x_wconf 87' lang='lat' dir='ltr'><strong>ad</strong></span> <span class='ocrx_word' id='word_1_153' title='bbox 213 2235 304 2295; x_wconf 81' lang='lat' dir='ltr'><strong>buius</strong></span> <span class='ocrx_word' id='word_1_154' title='bbox 334 2235 446 2295; x_wconf 87' lang='lat' dir='ltr'><strong>seriem</strong></span> <span class='ocrx_word' id='word_1_155' title='bbox 467 2233 543 2293; x_wconf 83' lang='lat' dir='ltr'><strong>libri</strong></span> <span class='ocrx_word' id='word_1_156' title='bbox 570 2235 792 2293; x_wconf 85' lang='lat' dir='ltr'><strong>terminentur:</strong></span> <span class='ocrx_word' id='word_1_157' title='bbox 824 2227 999 2294; x_wconf 83' lang='lat' dir='ltr'><strong>adiiciendi</strong></span> <span class='ocrx_word' id='word_1_158' title='bbox 1016 2235 1098 2316; x_wconf 87' lang='lat' dir='ltr'><strong>leges</strong></span> <span class='ocrx_word' id='word_1_159' title='bbox 1119 2237 1248 2300; x_wconf 88' lang='lat' dir='ltr'><strong>Princi-</strong></span> 
     </span>
     <span class='ocr_line' id='line_1_23' title="bbox 463 2315 892 2392; baseline 0.002 -18"><span class='ocrx_word' id='word_1_160' title='bbox 463 2316 554 2392; x_wconf 83' lang='lat' dir='ltr'><strong>pibus</strong></span> <span class='ocrx_word' id='word_1_161' title='bbox 574 2315 717 2375; x_wconf 85' lang='lat' dir='ltr'><strong>libertate</strong></span> <span class='ocrx_word' id='word_1_162' title='bbox 740 2326 892 2375; x_wconf 86' lang='lat' dir='ltr'><strong>manente.</strong></span> 
     </span>
    </p>

    <p class='ocr_par' dir='ltr' id='par_1_9' title="bbox 138 2397 1275 3064">
     <span class='ocr_line' id='line_1_24' title="bbox 222 2397 1249 2481; baseline 0.006 -23"><span class='ocrx_word' id='word_1_163' title='bbox 222 2398 446 2481; x_wconf 86' lang='lat' dir='ltr'><strong>Quaecunque</strong></span> <span class='ocrx_word' id='word_1_164' title='bbox 468 2419 648 2458; x_wconf 85' lang='lat' dir='ltr'><strong>caussarum</strong></span> <span class='ocrx_word' id='word_1_165' title='bbox 670 2397 797 2479; x_wconf 89' lang='lat' dir='ltr'><strong>negotia</strong></span> <span class='ocrx_word' id='word_1_166' title='bbox 820 2397 972 2460; x_wconf 88' lang='lat' dir='ltr'><strong>inchoata</strong></span> <span class='ocrx_word' id='word_1_167' title='bbox 987 2411 1080 2480; x_wconf 90' lang='lat' dir='ltr'><strong>sunt,</strong></span> <span class='ocrx_word' id='word_1_168' title='bbox 1102 2402 1249 2464; x_wconf 88' lang='lat' dir='ltr'><strong>noudum</strong></span> 
     </span>
     <span class='ocr_line' id='line_1_25' title="bbox 139 2479 1248 2562; baseline 0.005 -21"><span class='ocrx_word' id='word_1_169' title='bbox 139 2500 219 2541; x_wconf 76' lang='lat' dir='ltr'><strong>vero</strong></span> <span class='ocrx_word' id='word_1_170' title='bbox 240 2479 349 2558; x_wconf 83' lang='lat' dir='ltr'><strong>linita,</strong></span> <span class='ocrx_word' id='word_1_171' title='bbox 377 2480 555 2542; x_wconf 90' lang='lat' dir='ltr'><strong>secundum</strong></span> <span class='ocrx_word' id='word_1_172' title='bbox 574 2479 630 2540; x_wconf 89' lang='lat' dir='ltr'><strong>has</strong></span> <span class='ocrx_word' id='word_1_173' title='bbox 656 2479 744 2562; x_wconf 90' lang='lat' dir='ltr'><strong>leges</strong></span> <span class='ocrx_word' id='word_1_174' title='bbox 767 2481 935 2542; x_wconf 88' lang='lat' dir='ltr'><strong>terminari</strong></span> <span class='ocrx_word' id='word_1_175' title='bbox 954 2485 1122 2548; x_wconf 86' lang='lat' dir='ltr'><strong>sancimus.</strong></span> <span class='ocrx_word' id='word_1_176' title='bbox 1174 2488 1248 2548; x_wconf 92' lang='lat' dir='ltr'><strong>lllas</strong></span> 
     </span>
     <span class='ocr_line' id='line_1_26' title="bbox 139 2559 1249 2651; baseline 0.005 -29"><span class='ocrx_word' id='word_1_177' title='bbox 139 2571 246 2624; x_wconf 90' lang='lat' dir='ltr'><strong>autem</strong></span> <span class='ocrx_word' id='word_1_178' title='bbox 269 2585 400 2641; x_wconf 85' lang='lat' dir='ltr'><strong>causas,</strong></span> <span class='ocrx_word' id='word_1_179' title='bbox 435 2559 517 2644; x_wconf 83' lang='lat' dir='ltr'><strong>quac</strong></span> <span class='ocrx_word' id='word_1_180' title='bbox 542 2571 714 2644; x_wconf 86' lang='lat' dir='ltr'><strong>antequam</strong></span> <span class='ocrx_word' id='word_1_181' title='bbox 746 2563 822 2624; x_wconf 89' lang='lat' dir='ltr'><strong>istae</strong></span> <span class='ocrx_word' id='word_1_182' title='bbox 850 2564 978 2648; x_wconf 89' lang='lat' dir='ltr'><strong>legesa</strong></span> <span class='ocrx_word' id='word_1_183' title='bbox 1006 2579 1113 2628; x_wconf 90' lang='lat' dir='ltr'><strong>nostra</strong></span> <span class='ocrx_word' id='word_1_184' title='bbox 1146 2570 1249 2651; x_wconf 86' lang='lat' dir='ltr'><strong>gloria</strong></span> 
     </span>
     <span class='ocr_line' id='line_1_27' title="bbox 140 2645 1275 2728; baseline 0.004 -22"><span class='ocrx_word' id='word_1_185' title='bbox 140 2646 408 2723; x_wconf 87' lang='lat' dir='ltr'><strong>emendarentur,</strong></span> <span class='ocrx_word' id='word_1_186' title='bbox 440 2645 588 2728; x_wconf 85' lang='lat' dir='ltr'><strong>legaliter</strong></span> <span class='ocrx_word' id='word_1_187' title='bbox 612 2645 839 2708; x_wconf 87' lang='lat' dir='ltr'><strong>determinatae</strong></span> <span class='ocrx_word' id='word_1_188' title='bbox 858 2657 951 2726; x_wconf 82' lang='lat' dir='ltr'><strong>suut,</strong></span> <span class='ocrx_word' id='word_1_189' title='bbox 980 2649 1098 2727; x_wconf 88' lang='lat' dir='ltr'><strong>idest,</strong></span> <span class='ocrx_word' id='word_1_190' title='bbox 1129 2669 1275 2714; x_wconf 88' lang='lat' dir='ltr'><strong>secun-·</strong></span> 
     </span>
     <span class='ocr_line' id='line_1_28' title="bbox 139 2727 1248 2816; baseline 0.004 -25"><span class='ocrx_word' id='word_1_191' title='bbox 139 2729 218 2791; x_wconf 88' lang='lat' dir='ltr'><strong>dnm</strong></span> <span class='ocrx_word' id='word_1_192' title='bbox 234 2729 343 2811; x_wconf 89' lang='lat' dir='ltr'><strong>legum</strong></span> <span class='ocrx_word' id='word_1_193' title='bbox 358 2729 507 2805; x_wconf 82' lang='lat' dir='ltr'><strong>niodum,</strong></span> <span class='ocrx_word' id='word_1_194' title='bbox 529 2728 585 2811; x_wconf 89' lang='lat' dir='ltr'><strong>qui</strong></span> <span class='ocrx_word' id='word_1_195' title='bbox 597 2729 636 2789; x_wconf 90' lang='lat' dir='ltr'><strong>ab</strong></span> <span class='ocrx_word' id='word_1_196' title='bbox 653 2751 739 2788; x_wconf 88' lang='lat' dir='ltr'><strong>anno</strong></span> <span class='ocrx_word' id='word_1_197' title='bbox 755 2729 859 2810; x_wconf 90' lang='lat' dir='ltr'><strong>primo</strong></span> <span class='ocrx_word' id='word_1_198' title='bbox 877 2731 971 2812; x_wconf 88' lang='lat' dir='ltr'><strong>regui</strong></span> <span class='ocrx_word' id='word_1_199' title='bbox 982 2733 1082 2792; x_wconf 88' lang='lat' dir='ltr'><strong>nostri</strong></span> <span class='ocrx_word' id='word_1_200' title='bbox 1100 2727 1133 2794; x_wconf 90' lang='lat' dir='ltr'><strong>in</strong></span> <span class='ocrx_word' id='word_1_201' title='bbox 1152 2757 1248 2816; x_wconf 88' lang='lat' dir='ltr'><strong>prae-</strong></span> 
     </span>
     <span class='ocr_line' id='line_1_29' title="bbox 138 2811 1247 2896; baseline 0.005 -24"><span class='ocrx_word' id='word_1_202' title='bbox 138 2811 243 2874; x_wconf 89' lang='lat' dir='ltr'><strong>teritis</strong></span> <span class='ocrx_word' id='word_1_203' title='bbox 261 2812 448 2875; x_wconf 87' lang='lat' dir='ltr'><strong>observatus</strong></span> <span class='ocrx_word' id='word_1_204' title='bbox 469 2820 531 2889; x_wconf 86' lang='lat' dir='ltr'><strong>est,</strong></span> <span class='ocrx_word' id='word_1_205' title='bbox 562 2811 745 2873; x_wconf 87' lang='lat' dir='ltr'><strong>resuscitari</strong></span> <span class='ocrx_word' id='word_1_206' title='bbox 766 2813 953 2875; x_wconf 86' lang='lat' dir='ltr'><strong>nullatenus</strong></span> <span class='ocrx_word' id='word_1_207' title='bbox 970 2815 1118 2896; x_wconf 90' lang='lat' dir='ltr'><strong>patimur.</strong></span> <span class='ocrx_word' id='word_1_208' title='bbox 1162 2817 1247 2880; x_wconf 86' lang='lat' dir='ltr'><strong>Sane</strong></span> 
     </span>
     <span class='ocr_line' id='line_1_30' title="bbox 139 2893 1245 2983; baseline 0.001 -27"><span class='ocrx_word' id='word_1_209' title='bbox 139 2895 229 2978; x_wconf 88' lang='lat' dir='ltr'><strong>leges</strong></span> <span class='ocrx_word' id='word_1_210' title='bbox 246 2895 441 2971; x_wconf 85' lang='lat' dir='ltr'><strong>adiiciendi,</strong></span> <span class='ocrx_word' id='word_1_211' title='bbox 471 2895 497 2957; x_wconf 88' lang='lat' dir='ltr'><strong>si</strong></span> <span class='ocrx_word' id='word_1_212' title='bbox 517 2895 599 2956; x_wconf 87' lang='lat' dir='ltr'><strong>iusta</strong></span> <span class='ocrx_word' id='word_1_213' title='bbox 619 2893 744 2956; x_wconf 85' lang='lat' dir='ltr'><strong>novitas</strong></span> <span class='ocrx_word' id='word_1_214' title='bbox 769 2917 952 2957; x_wconf 87' lang='lat' dir='ltr'><strong>caussarum</strong></span> <span class='ocrx_word' id='word_1_215' title='bbox 974 2900 1136 2980; x_wconf 82' lang='lat' dir='ltr'><strong>exegerit,</strong></span> <span class='ocrx_word' id='word_1_216' title='bbox 1157 2899 1245 2983; x_wconf 90' lang='lat' dir='ltr'><strong>prin-</strong></span> 
     </span>
     <span class='ocr_line' id='line_1_31' title="bbox 139 2977 1246 3064; baseline 0.004 -26"><span class='ocrx_word' id='word_1_217' title='bbox 139 2977 254 3061; x_wconf 87' lang='lat' dir='ltr'><strong>cipalis</strong></span> <span class='ocrx_word' id='word_1_218' title='bbox 273 2977 391 3041; x_wconf 89' lang='lat' dir='ltr'><strong>electio</strong></span> <span class='ocrx_word' id='word_1_219' title='bbox 409 2977 573 3040; x_wconf 89' lang='lat' dir='ltr'><strong>licentiam</strong></span> <span class='ocrx_word' id='word_1_220' title='bbox 590 2977 737 3038; x_wconf 85' lang='lat' dir='ltr'><strong>habebit:</strong></span> <span class='ocrx_word' id='word_1_221' title='bbox 758 2999 841 3058; x_wconf 88' lang='lat' dir='ltr'><strong>qnae</strong></span> <span class='ocrx_word' id='word_1_222' title='bbox 859 2979 900 3040; x_wconf 87' lang='lat' dir='ltr'><strong>ad</strong></span> <span class='ocrx_word' id='word_1_223' title='bbox 917 2979 1018 3042; x_wconf 87' lang='lat' dir='ltr'><strong>instar</strong></span> <span class='ocrx_word' id='word_1_224' title='bbox 1026 2983 1246 3064; x_wconf 88' lang='lat' dir='ltr'><strong>praesentium</strong></span> 
     </span>
    </p>
   </div>
   <div class='ocr_carea' id='block_1_7' title="bbox 137 3060 866 3162">
    <p class='ocr_par' dir='ltr' id='par_1_10' title="bbox 137 3060 866 3162">
     <span class='ocr_line' id='line_1_32' title="bbox 137 3060 866 3162; baseline 0.001 -40"><span class='ocrx_word' id='word_1_225' title='bbox 137 3062 249 3162; x_wconf 88' lang='lat' dir='ltr'><strong>legum</strong></span> <span class='ocrx_word' id='word_1_226' title='bbox 263 3061 408 3146; x_wconf 81' lang='lat' dir='ltr'><strong>vigorem</strong></span> <span class='ocrx_word' id='word_1_227' title='bbox 422 3061 647 3145; x_wconf 89' lang='lat' dir='ltr'><strong>plenissimum</strong></span> <span class='ocrx_word' id='word_1_228' title='bbox 664 3060 866 3123; x_wconf 88' lang='lat' dir='ltr'><strong>obtinebunt.</strong></span> 
     </span>
    </p>
   </div>
   <div class='ocr_carea' id='block_1_8' title="bbox 462 3175 937 3244">
    <p class='ocr_par' dir='ltr' id='par_1_11' title="bbox 462 3175 937 3244">
     <span class='ocr_line' id='line_1_33' title="bbox 462 3175 937 3244; baseline 0.002 -3"><span class='ocrx_word' id='word_1_229' title='bbox 462 3175 550 3241; x_wconf 86' lang='lat' dir='ltr'><strong>XIV.</strong></span> <span class='ocrx_word' id='word_1_230' title='bbox 591 3199 653 3243; x_wconf 83' lang='lat' dir='ltr'><strong>ens.</strong></span> <span class='ocrx_word' id='word_1_231' title='bbox 675 3199 740 3244; x_wconf 80' lang='lat' dir='ltr'><strong>ens.</strong></span> <span class='ocrx_word' id='word_1_232' title='bbox 761 3199 848 3243; x_wconf 83' lang='lat' dir='ltr'><strong>nens.</strong></span> <span class='ocrx_word' id='word_1_233' title='bbox 868 3199 937 3243; x_wconf 81' lang='lat' dir='ltr'><strong>anx.</strong></span> 
     </span>
    </p>
   </div>
   <div class='ocr_carea' id='block_1_9' title="bbox 106 3292 1246 4290">
    <p class='ocr_par' dir='ltr' id='par_1_12' title="bbox 106 3292 1245 3524">
     <span class='ocr_line' id='line_1_34' title="bbox 142 3292 1244 3378; baseline 0 -24"><span class='ocrx_word' id='word_1_234' title='bbox 142 3292 239 3377; x_wconf 81' lang='lat' dir='ltr'><strong>Quod</strong></span> <span class='ocrx_word' id='word_1_235' title='bbox 252 3294 332 3356; x_wconf 86' lang='lat' dir='ltr'><strong>nulli</strong></span> <span class='ocrx_word' id='word_1_236' title='bbox 347 3295 441 3356; x_wconf 86' lang='lat' dir='ltr'><strong>liceat</strong></span> <span class='ocrx_word' id='word_1_237' title='bbox 461 3292 610 3354; x_wconf 86' lang='lat' dir='ltr'><strong>dirimere</strong></span> <span class='ocrx_word' id='word_1_238' title='bbox 632 3314 775 3369; x_wconf 85' lang='lat' dir='ltr'><strong>caussas,</strong></span> <span class='ocrx_word' id='word_1_239' title='bbox 797 3293 861 3352; x_wconf 88' lang='lat' dir='ltr'><strong>nisi</strong></span> <span class='ocrx_word' id='word_1_240' title='bbox 877 3293 989 3377; x_wconf 83' lang='lat' dir='ltr'><strong>quibus</strong></span> <span class='ocrx_word' id='word_1_241' title='bbox 1009 3305 1064 3354; x_wconf 90' lang='lat' dir='ltr'><strong>aut</strong></span> <span class='ocrx_word' id='word_1_242' title='bbox 1080 3293 1244 3378; x_wconf 83' lang='lat' dir='ltr'><strong>Princeps,</strong></span> 
     </span>
     <span class='ocr_line' id='line_1_35' title="bbox 106 3369 1245 3457; baseline -0.001 -20"><span class='ocrx_word' id='word_1_243' title='bbox 106 3437 110 3446; x_wconf 80' lang='grc'><strong><em>,</em></strong></span> <span class='ocrx_word' id='word_1_244' title='bbox 138 3391 194 3438; x_wconf 86' lang='lat' dir='ltr'><strong>aut</strong></span> <span class='ocrx_word' id='word_1_245' title='bbox 221 3379 383 3440; x_wconf 81' lang='lat' dir='ltr'><strong>consensio</strong></span> <span class='ocrx_word' id='word_1_246' title='bbox 410 3377 602 3448; x_wconf 86' lang='lat' dir='ltr'><strong>voluntatis,</strong></span> <span class='ocrx_word' id='word_1_247' title='bbox 640 3375 689 3436; x_wconf 85' lang='lat' dir='ltr'><strong>vel</strong></span> <span class='ocrx_word' id='word_1_248' title='bbox 708 3373 890 3456; x_wconf 82' lang='lat' dir='ltr'><strong>informatio</strong></span> <span class='ocrx_word' id='word_1_249' title='bbox 909 3369 1028 3446; x_wconf 60' lang='lat' dir='ltr'><strong>‚iudicis</strong></span> <span class='ocrx_word' id='word_1_250' title='bbox 1056 3388 1245 3457; x_wconf 84' lang='lat' dir='ltr'><strong>potestatem</strong></span> 
     </span>
     <span class='ocr_line' id='line_1_36' title="bbox 510 3451 831 3524; baseline -0.012 -4"><span class='ocrx_word' id='word_1_251' title='bbox 510 3455 636 3520; x_wconf 84' lang='lat' dir='ltr'><strong>dederit</strong></span> <span class='ocrx_word' id='word_1_252' title='bbox 656 3451 831 3524; x_wconf 84' lang='lat' dir='ltr'><strong>iudicandi,</strong></span> 
     </span>
    </p>

    <p class='ocr_par' dir='ltr' id='par_1_13' title="bbox 135 3539 1246 4290">
     <span class='ocr_line' id='line_1_37' title="bbox 218 3539 1245 3622; baseline -0.003 -19"><span class='ocrx_word' id='word_1_253' title='bbox 218 3539 379 3604; x_wconf 89' lang='lat' dir='ltr'><strong>Dirimere</strong></span> <span class='ocrx_word' id='word_1_254' title='bbox 407 3563 531 3604; x_wconf 91' lang='lat' dir='ltr'><strong>caussas</strong></span> <span class='ocrx_word' id='word_1_255' title='bbox 556 3541 641 3602; x_wconf 92' lang='lat' dir='ltr'><strong>nulli</strong></span> <span class='ocrx_word' id='word_1_256' title='bbox 662 3539 798 3618; x_wconf 88' lang='lat' dir='ltr'><strong>licebit,</strong></span> <span class='ocrx_word' id='word_1_257' title='bbox 831 3540 893 3604; x_wconf 91' lang='lat' dir='ltr'><strong>nisi</strong></span> <span class='ocrx_word' id='word_1_258' title='bbox 919 3549 974 3602; x_wconf 91' lang='lat' dir='ltr'><strong>aut</strong></span> <span class='ocrx_word' id='word_1_259' title='bbox 996 3562 1014 3600; x_wconf 89' lang='lat' dir='ltr'><strong>a</strong></span> <span class='ocrx_word' id='word_1_260' title='bbox 1036 3539 1245 3622; x_wconf 88' lang='lat' dir='ltr'><strong>Principibus</strong></span> 
     </span>
     <span class='ocr_line' id='line_1_38' title="bbox 137 3623 1245 3708; baseline 0.001 -23"><span class='ocrx_word' id='word_1_261' title='bbox 137 3632 294 3708; x_wconf 87' lang='lat' dir='ltr'><strong>potestate</strong></span> <span class='ocrx_word' id='word_1_262' title='bbox 321 3645 490 3707; x_wconf 84' lang='lat' dir='ltr'><strong>concessa,</strong></span> <span class='ocrx_word' id='word_1_263' title='bbox 521 3634 577 3686; x_wconf 87' lang='lat' dir='ltr'><strong>aut</strong></span> <span class='ocrx_word' id='word_1_264' title='bbox 597 3646 637 3686; x_wconf 84' lang='lat' dir='ltr'><strong>ex</strong></span> <span class='ocrx_word' id='word_1_265' title='bbox 662 3644 821 3685; x_wconf 88' lang='lat' dir='ltr'><strong>consensu</strong></span> <span class='ocrx_word' id='word_1_266' title='bbox 844 3623 983 3706; x_wconf 89' lang='lat' dir='ltr'><strong>partium</strong></span> <span class='ocrx_word' id='word_1_267' title='bbox 1004 3623 1109 3685; x_wconf 89' lang='lat' dir='ltr'><strong>electo</strong></span> <span class='ocrx_word' id='word_1_268' title='bbox 1138 3623 1245 3686; x_wconf 89' lang='lat' dir='ltr'><strong>iudice</strong></span> 
     </span>
     <span class='ocr_line' id='line_1_39' title="bbox 137 3704 1246 3790; baseline -0.001 -21"><span class='ocrx_word' id='word_1_269' title='bbox 137 3709 236 3769; x_wconf 88' lang='lat' dir='ltr'><strong>trium</strong></span> <span class='ocrx_word' id='word_1_270' title='bbox 258 3710 387 3770; x_wconf 89' lang='lat' dir='ltr'><strong>testium</strong></span> <span class='ocrx_word' id='word_1_271' title='bbox 409 3709 509 3770; x_wconf 89' lang='lat' dir='ltr'><strong>fuerit</strong></span> <span class='ocrx_word' id='word_1_272' title='bbox 531 3704 699 3769; x_wconf 82' lang='lat' dir='ltr'><strong>electionis</strong></span> <span class='ocrx_word' id='word_1_273' title='bbox 718 3706 822 3788; x_wconf 89' lang='lat' dir='ltr'><strong>pactio</strong></span> <span class='ocrx_word' id='word_1_274' title='bbox 837 3705 935 3790; x_wconf 89' lang='lat' dir='ltr'><strong>signis</strong></span> <span class='ocrx_word' id='word_1_275' title='bbox 959 3715 1019 3773; x_wconf 62' lang='lat' dir='ltr'><strong>aut,</strong></span> <span class='ocrx_word' id='word_1_276' title='bbox 1033 3706 1246 3786; x_wconf 87' lang='lat' dir='ltr'><strong>subscriptio·</strong></span> 
     </span>
     <span class='ocr_line' id='line_1_40' title="bbox 138 3789 1245 3873; baseline -0.001 -21"><span class='ocrx_word' id='word_1_277' title='bbox 138 3791 234 3864; x_wconf 81' lang='lat' dir='ltr'><strong>nibus</strong></span> <span class='ocrx_word' id='word_1_278' title='bbox 248 3793 405 3855; x_wconf 89' lang='lat' dir='ltr'><strong>roborata.</strong></span> <span class='ocrx_word' id='word_1_279' title='bbox 446 3793 525 3852; x_wconf 86' lang='lat' dir='ltr'><strong>Nam</strong></span> <span class='ocrx_word' id='word_1_280' title='bbox 543 3799 576 3851; x_wconf 91' lang='lat' dir='ltr'><strong>et</strong></span> <span class='ocrx_word' id='word_1_281' title='bbox 596 3790 630 3852; x_wconf 88' lang='lat' dir='ltr'><strong>hi</strong></span> <span class='ocrx_word' id='word_1_282' title='bbox 651 3790 708 3873; x_wconf 89' lang='lat' dir='ltr'><strong>qui</strong></span> <span class='ocrx_word' id='word_1_283' title='bbox 736 3797 924 3872; x_wconf 90' lang='lat' dir='ltr'><strong>potestatem</strong></span> <span class='ocrx_word' id='word_1_284' title='bbox 941 3789 1106 3850; x_wconf 89' lang='lat' dir='ltr'><strong>iudicandi</strong></span> <span class='ocrx_word' id='word_1_285' title='bbox 1127 3813 1145 3850; x_wconf 90' lang='lat' dir='ltr'><strong>a</strong></span> <span class='ocrx_word' id='word_1_286' title='bbox 1158 3791 1245 3872; x_wconf 87' lang='lat' dir='ltr'><strong>Rege</strong></span> 
     </span>
     <span class='ocr_line' id='line_1_41' title="bbox 138 3870 1246 3958; baseline 0 -24"><span class='ocrx_word' id='word_1_287' title='bbox 138 3873 317 3956; x_wconf 88' lang='lat' dir='ltr'><strong>accipiunt,</strong></span> <span class='ocrx_word' id='word_1_288' title='bbox 339 3877 407 3937; x_wconf 84' lang='lat' dir='ltr'><strong>sive</strong></span> <span class='ocrx_word' id='word_1_289' title='bbox 426 3873 521 3934; x_wconf 89' lang='lat' dir='ltr'><strong>etiam</strong></span> <span class='ocrx_word' id='word_1_290' title='bbox 534 3873 588 3951; x_wconf 87' lang='lat' dir='ltr'><strong>hi,</strong></span> <span class='ocrx_word' id='word_1_291' title='bbox 610 3873 666 3958; x_wconf 88' lang='lat' dir='ltr'><strong>qui</strong></span> <span class='ocrx_word' id='word_1_292' title='bbox 681 3894 740 3954; x_wconf 88' lang='lat' dir='ltr'><strong>per</strong></span> <span class='ocrx_word' id='word_1_293' title='bbox 756 3870 1003 3933; x_wconf 81' lang='lat' dir='ltr'><strong>commissarium</strong></span> <span class='ocrx_word' id='word_1_294' title='bbox 1018 3873 1173 3934; x_wconf 91' lang='lat' dir='ltr'><strong>comitum</strong></span> <span class='ocrx_word' id='word_1_295' title='bbox 1191 3873 1246 3934; x_wconf 83' lang='lat' dir='ltr'><strong>vel</strong></span> 
     </span>
     <span class='ocr_line' id='line_1_42' title="bbox 137 3955 1244 4038; baseline -0.003 -22"><span class='ocrx_word' id='word_1_296' title='bbox 137 3958 284 4019; x_wconf 87' lang='lat' dir='ltr'><strong>iudicum</strong></span> <span class='ocrx_word' id='word_1_297' title='bbox 305 3958 449 4019; x_wconf 86' lang='lat' dir='ltr'><strong>iudiciali</strong></span> <span class='ocrx_word' id='word_1_298' title='bbox 479 3966 632 4038; x_wconf 87' lang='lat' dir='ltr'><strong>potestate</strong></span> <span class='ocrx_word' id='word_1_299' title='bbox 655 3964 811 4032; x_wconf 90' lang='lat' dir='ltr'><strong>utuntur,</strong></span> <span class='ocrx_word' id='word_1_300' title='bbox 840 3957 928 4017; x_wconf 82' lang='lat' dir='ltr'><strong>vices</strong></span> <span class='ocrx_word' id='word_1_301' title='bbox 958 3978 1031 4018; x_wconf 91' lang='lat' dir='ltr'><strong>suas</strong></span> <span class='ocrx_word' id='word_1_302' title='bbox 1055 3955 1244 4036; x_wconf 24' lang='lat' dir='ltr'><strong>aliis,¹qni»</strong></span> 
     </span>
     <span class='ocr_line' id='line_1_43' title="bbox 136 4038 1244 4123; baseline -0.003 -21"><span class='ocrx_word' id='word_1_303' title='bbox 136 4041 197 4102; x_wconf 88' lang='lat' dir='ltr'><strong>bus</strong></span> <span class='ocrx_word' id='word_1_304' title='bbox 218 4045 264 4104; x_wconf 88' lang='lat' dir='ltr'><strong>fas</strong></span> <span class='ocrx_word' id='word_1_305' title='bbox 284 4043 399 4118; x_wconf 85' lang='lat' dir='ltr'><strong>fuerit,</strong></span> <span class='ocrx_word' id='word_1_306' title='bbox 426 4039 550 4123; x_wconf 90' lang='lat' dir='ltr'><strong>scriptis</strong></span> <span class='ocrx_word' id='word_1_307' title='bbox 569 4039 766 4123; x_wconf 90' lang='lat' dir='ltr'><strong>peragendas</strong></span> <span class='ocrx_word' id='word_1_308' title='bbox 787 4038 1009 4115; x_wconf 74' lang='lat' dir='ltr'><strong>iniunxmint,</strong></span> <span class='ocrx_word' id='word_1_309' title='bbox 1032 4038 1159 4100; x_wconf 91' lang='lat' dir='ltr'><strong>licitum</strong></span> <span class='ocrx_word' id='word_1_310' title='bbox 1179 4038 1244 4100; x_wconf 92' lang='lat' dir='ltr'><strong>illis</strong></span> 
     </span>
     <span class='ocr_line' id='line_1_44' title="bbox 135 4121 1243 4208; baseline 0 -24"><span class='ocrx_word' id='word_1_311' title='bbox 135 4128 320 4205; x_wconf 85' lang='lat' dir='ltr'><strong>peremnia</strong></span> <span class='ocrx_word' id='word_1_312' title='bbox 342 4127 420 4188; x_wconf 84' lang='lat' dir='ltr'><strong>crit:</strong></span> <span class='ocrx_word' id='word_1_313' title='bbox 442 4125 644 4208; x_wconf 88' lang='lat' dir='ltr'><strong>similemque</strong></span> <span class='ocrx_word' id='word_1_314' title='bbox 665 4121 746 4203; x_wconf 85' lang='lat' dir='ltr'><strong>ipsi,</strong></span> <span class='ocrx_word' id='word_1_315' title='bbox 777 4121 834 4204; x_wconf 92' lang='lat' dir='ltr'><strong>qui</strong></span> <span class='ocrx_word' id='word_1_316' title='bbox 857 4122 1020 4182; x_wconf 83' lang='lat' dir='ltr'><strong>informati</strong></span> <span class='ocrx_word' id='word_1_317' title='bbox 1041 4145 1058 4181; x_wconf 89' lang='lat' dir='ltr'><strong>a</strong></span> <span class='ocrx_word' id='word_1_318' title='bbox 1081 4122 1243 4184; x_wconf 88' lang='lat' dir='ltr'><strong>iudicibus</strong></span> 
     </span>
     <span class='ocr_line' id='line_1_45' title="bbox 136 4205 1243 4290; baseline 0.001 -24"><span class='ocrx_word' id='word_1_319' title='bbox 136 4208 279 4290; x_wconf 90' lang='lat' dir='ltr'><strong>suerint,</strong></span> <span class='ocrx_word' id='word_1_320' title='bbox 301 4209 475 4273; x_wconf 89' lang='lat' dir='ltr'><strong>iudicando</strong></span> <span class='ocrx_word' id='word_1_321' title='bbox 487 4253 497 4290; x_wconf 89' lang='lat'><strong>,</strong></span> <span class='ocrx_word' id='word_1_322' title='bbox 519 4207 602 4272; x_wconf 89' lang='lat' dir='ltr'><strong>sicut</strong></span> <span class='ocrx_word' id='word_1_323' title='bbox 623 4205 654 4272; x_wconf 92' lang='lat' dir='ltr'><strong>ci</strong></span> <span class='ocrx_word' id='word_1_324' title='bbox 671 4205 740 4286; x_wconf 87' lang='lat' dir='ltr'><strong>illi,</strong></span> <span class='ocrx_word' id='word_1_325' title='bbox 761 4205 908 4290; x_wconf 85' lang='lat' dir='ltr'><strong>aquibus</strong></span> <span class='ocrx_word' id='word_1_326' title='bbox 932 4206 1171 4270; x_wconf 84' lang='lat' dir='ltr'><strong>determinandi</strong></span> <span class='ocrx_word' id='word_1_327' title='bbox 1188 4225 1243 4267; x_wconf 89' lang='lat' dir='ltr'><strong>ac-</strong></span> 
     </span>
    </p>
   </div>
   <div class='ocr_carea' id='block_1_10' title="bbox 0 0 1328 4874">
    <p class='ocr_par' dir='ltr' id='par_1_14' title="bbox 0 0 1328 4874">
     <span class='ocr_line' id='line_1_46' title="bbox 0 0 1328 4874; baseline 0 2"><span class='ocrx_word' id='word_1_328' title='bbox 0 0 1328 4874; x_wconf 95' lang='lat' dir='ltr'><strong> </strong></span> 
     </span>
    </p>
   </div>
  </div>
 </body>
</html>
