2684 4868
243 273 346 328 taers
364 268 654 330 urstcornonnra
672 273 736 326 ma.
754 265 833 328 vin.
852 271 924 326 rrr.
944 265 1027 325 1115-
1150 249 1225 328 tta

102 423 160 474 aut
183 412 319 489 occidit,
343 419 494 495 usurpet:
544 410 698 474 ettamen
725 420 761 473 ut
787 432 870 494 quae
889 410 1023 489 evertit,
1045 419 1120 476 aute
1144 433 1224 498 per·

103 499 219 558 solvat.
275 496 372 575 Quod
394 495 421 556 si
450 504 567 576 pecora
587 516 647 578 per
675 517 798 572 casum,
830 515 895 557 uon
920 495 1224 580 culpe„du1u,·ex-

101 580 295 663 pelluntur,
318 577 544 656 debilitentur,
573 587 627 639 aut
649 587 802 660 pereant,
831 586 885 638 aut
910 577 943 636 in
971 578 1067 640 sudes
1094 578 1163 642 sire
1187 580 1222 639 in

102 662 332 747 palos„dum
371 659 596 741 expelluntur,
636 659 827 738 inciderint,
861 657 1038 743 dampnum
1076 657 1224 742 solvatur

104 767 146 806 ex
163 745 289 822 medio,
319 751 351 806 et
378 763 460 828 quae
486 744 703 828 superioribus
731 742 856 831 legibus
889 752 966 805 suut
1005 746 1121 810 statuta
1147 741 1226 843 peuk,

104 837 267 894 maneant.
787 896 789 908 Ι
911 831 914 840 ’
1069 832 1072 846 ’
1189 826 1229 934 't-

519 940 613 1005 xlv.
654 961 804 1020 ansteus.
1224 983 1230 995 ι

107 1065 147 1129 st
175 1059 348 1147 expellenti
373 1059 415 1122 de
435 1035 590 1142 'Jrugibus
625 1081 742 1146 pecora
777 1061 943 1144 quisquam
971 1060 1130 1136 excuttdt,
1165 1060 1228 1122 bet

323 1142 363 1206 de
383 1145 509 1205 clusura
527 1141 621 1224 sarto
651 1143 879 1206 autbiolentiu
902 1144 1003 1206 tollat.
1138 1149 1142 1156 ’
1203 1149 1226 1158 ”

188 1225 320 1309 Siquis
351 1227 529 1308 expellenti
567 1227 607 1288 de
636 1227 936 1310 frugibus-pecora
972 1224 1231 1294 adusserit'r'tl'

105 1311 274 1374 honestior
306 1317 354 1371 est
385 1313 467 1370 forte
498 1330 652 1392 persona,
696 1310 751 1372 det
787 1309 909 1373 solidos
941 1309 981 1372 V.
1018 1320 1051 1372 et
1085 1309 1222 1391 duplum

76 1436 79 1440 -
107 1396 302 1476 dampnum,
324 1393 413 1476 quod
439 1393 538 1454 fuerit
564 1392 781 1471 aestimatum,
814 1403 948 1476 cogatur
970 1392 1145 1456 eisolvere.
1187 1391 1223 1454 Si

107 1487 195 1539 certe
219 1476 400 1538 humilioris
435 1475 499 1536 loci
524 1495 662 1558 persona
684 1475 801 1556 fuerit,
833 1483 866 1538 et
892 1496 958 1536 non
989 1473 1141 1542 htabu'erit
1162 1495 1223 1533 un·

107 1562 149 1622 de
177 1569 368 1640 componat,
401 1559 436 1624 L.
458 1556 584 1642 flagella
610 1559 777 1642 suscipiat,
818 1568 851 1621 et
877 1556 1013 1640 duplum
1046 1559 1223 1639 dampnum

108 1644 277 1704 exsolvere
310 1640 531 1723 compellatur.
580 1641 617 1702 si
646 1662 725 1703 vero
756 1663 867 1705 servus
896 1639 1117 1716 hocfecerit,
1141 1649 1227 1700 ante

106 1725 249 1788 iudicem
268 1735 399 1785 centum
429 1723 512 1786 ictus
531 1724 665 1806 accipiat
691 1725 911 1808 flagellorum,
941 1733 972 1785 et
996 1723 1127 1784 domino
1151 1723 1229 1782 eius

106 1809 200 1870 nulla
235 1807 419 1888 calumpnia
459 1815 631 1868 moveatur.
695 1809 794 1888 Quod
822 1808 849 1871 si
879 1803 919 1868 dc
945 1806 1040 1868 domo
1068 1805 1139 1867 eius
1167 1808 1228 1867 aut

105 1885 237 1954 clusura
267 1888 478 1969 involaverit,
509 1900 565 1950 aut
598 1910 658 1974 per
678 1890 868 1952 violentiam
891 1887 1020 1966 tulerit,
1043 1899 1116 1949 octo
1143 1887 1228 1962 salig-t

107 1976 164 2036 dos
186 1973 243 2056 qui
276 1971 428 2032 iniuriam
463 1973 600 2056 pertulit
638 1982 872 2056 consequatur,
910 1981 944 2033 et
970 1979 1135 2054 praeterea
1160 1971 1228 2030 dus

80 2059 198 2142 ¹plum
231 2057 403 2137 dampnum
432 2056 488 2118 ille
519 2056 576 2137 qui
597 2055 728 2118 abstulit
756 2055 893 2118 reddere
919 2053 1141 2136 compellatur.
1189 2051 1225 2112 Si

106 2160 185 2200 vero
212 2160 323 2200 servus
343 2137 553 2218 hocsecerit,
587 2149 719 2201 centum
745 2138 873 2224 flagella
907 2134 1079 2220 suscipiat,
1109 2144 1145 2199 et
1163 2135 1231 2196 doe

107 2223 216 2284 miuus
241 2221 310 2283 eius
331 2221 380 2283 nil
404 2221 533 2306 dampni
558 2223 722 2289 sustineat.
1087 2238 1100 2257 ·¹
1205 2217 1230 2247 '¹‘

506 2351 575 2414 XV.
614 2371 763 2427 aurique.
856 2403 858 2411 s

161 2468 211 2528 De
234 2467 421 2531 animalibus
441 2469 483 2534 ,in
512 2469 622 2541 vinea,
657 2489 756 2530 messe
787 2469 836 2530 rel
856 2481 951 2556 prato
980 2470 1170 2616 praeventis.

187 2551 223 2612 Si
250 2550 323 2631 quis
354 2551 387 2610 iu
419 2551 514 2613 vinea
550 2573 623 2630 sna,
657 2573 785 2631 messe,
815 2561 908 2636 prato
938 2574 993 2615 ve
1019 2547 1134 2631 bulte-3
1171 2551 1225 2614 iu-

104 2643 215 2703 menta
235 2634 286 2694 vel
313 2654 430 2716 pecora
457 2633 622 2696 invenerit
650 2643 705 2696 aut
728 2635 952 2718 prendiderit,
982 2637 1091 2698 statim
1107 2629 1225 2712 ⁴'dismi-

104 2739 149 2780 no
167 2717 329 2800 pecudum
346 2716 414 2798 ipsa
429 2725 483 2776 aut
498 2716 597 2777 altera
622 2717 674 2779 dic
695 2718 907 2780 nunciaturus
929 2719 1086 2786 includat.
1123 2717 1234 2800 Quadi

104 2802 132 2862 si
171 2799 321 2861 dominus
355 2820 508 2881 pecorum
534 2799 659 2861 mittere
692 2801 747 2863 vel
776 2795 896 2862 ¹venire*
920 2803 1081 2882 noluerit,
1109 2799 1236 2886 stampe

106 2905 187 2944 num
215 2905 234 2942 a
259 2879 392 2964 vicinis,
429 2882 518 2964 quod
542 2882 749 2961 factumest,
780 2885 984 2964 aestimetur,
1012 2895 1045 2946 et
1075 2885 1224 2952 adeatis·

104 2964 281 3028 factionem
314 2964 392 3043 ille,
426 2965 518 3026 cuius
548 2986 664 3048 pecora
686 2965 824 3046 fuerint,
857 2967 975 3030 iudicis
1003 2968 1226 3050 exequutione

105 3047 221 3112 venire
244 3055 396 3130 cogatur,
425 3056 458 3109 et
485 3049 659 3130 dampnum
692 3050 845 3111 exsolvat.
907 3043 1076 3113 Si'tumen
1104 3051 1231 3132 proba*

106 3132 193 3194 verit
209 3139 265 3191 aut
287 3139 373 3191 certe
406 3124 647 3192 iuraverit'ille
677 3130 735 3214 qui
761 3132 948 3214 prendidit,
977 3134 1153 3213 dampnum
1174 3133 1226 3213 ip·

106 3235 179 3276 sum
206 3213 245 3273 ab
263 3211 340 3295 ipsis
365 3213 554 3274 animalibus
582 3216 702 3276 factum
728 3217 844 3292 fuisse,
871 3216 929 3276 ille
951 3237 1030 3278 vero
1051 3213 1145 3276 cuius
1160 3235 1225 3296 pe-

28 3340 32 3350 -
107 3317 183 3358 cora
212 3305 306 3374 suut,
338 3294 366 3358 si
399 3297 437 3356 ad
465 3296 719 3360 aestimationem
750 3292 880 3380 dampni
912 3307 967 3358 aut
999 3318 1117 3382 pecora
1137 3297 1225 3360 reci·

106 3378 228 3464 pieuda
261 3399 327 3439 uon
363 3379 506 3454 venerit,
551 3381 754 3463 adaquentur
779 3381 1019 3457 tantummodo,
1052 3401 1089 3442 ac
1112 3378 1223 3441 triduo

106 3468 282 3524 teneantur
309 3461 443 3526 inclusa.
490 3463 533 3524 Et
559 3485 619 3545 pro
652 3464 787 3526 retentis
811 3463 920 3524 triduo
946 3463 1116 3546 pecoribus
1147 3464 1225 3523 nul-

108 3544 174 3605 lam
194 3544 409 3626 calumpniam
431 3544 551 3606 inferre
576 3547 710 3628 poterit,
740 3545 797 3628 qni
821 3545 861 3606 ad
888 3547 1142 3614 aestimationem
1163 3567 1224 3610 ve-

109 3627 181 3687 nire
200 3627 390 3710 neglexerit.
453 3629 530 3690 Post
548 3629 693 3690 triduum
713 3639 819 3690 autem
838 3628 987 3688 animalia
1007 3629 1223 3708 dimittantur,

109 3719 143 3772 et
169 3708 305 3770 dimissis
326 3709 517 3772 animalibus
541 3711 567 3772 si
588 3712 737 3774 domiuus
753 3731 866 3773 corum
885 3711 999 3775 venire
1023 3721 1232 3794 contempse·

66 3833 78 3862 χ
108 3793 169 3870 rit,
202 3801 261 3874 pr'o
283 3800 470 3874 contemptu
503 3794 590 3877 ipso,
624 3796 701 3876 quia
723 3794 882 3877 inspicere
910 3793 1031 3870 noluit,
1056 3795 1146 3856 iuxta
1168 3810 1233 3863 tte-2

108 3875 325 3936 etimationem
357 3875 488 3936 testium
515 3879 548 3937 iu
576 3876 711 3962 duplum
734 3869 866 3960 cogatur
889 3877 1068 3938 exsolvere.
1123 3877 1234 3957 Quod*

109 3957 136 4020 si
166 3959 224 4019 ille
262 3959 355 4020 cuius
382 3980 500 4041 pecora
523 3970 618 4039 sunt,
647 3961 688 4022 ad
711 3983 784 4023 eum
820 3961 873 4021 cui
902 3961 1076 4042 dampnum
1102 3961 1226 4022 factum

26 4079 30 4091 ,
109 4049 176 4118 est,
198 4042 340 4119 venerit,
372 4063 488 4125 rogans
503 4065 577 4106 eum
600 4052 636 4104 ut
659 4044 701 4105 ad
722 4038 977 4106 aestimationem
1008 4044 1139 4128 dampni
1169 4049 1232 4104 ana·

109 4125 220 4202 cedat,
243 4135 281 4185 ut
297 4145 415 4208 pecora
434 4126 639 4206 relaxentur,
662 4135 694 4189 et
717 4127 775 4188 ille
794 4149 860 4188 nou
881 4126 1086 4208 adquiescat,
1110 4127 1233 4194 volens*

109 4227 228 4292 pecora
254 4206 455 4272 interlidere:
490 4209 517 4272 si
544 4209 608 4273 hoc
629 4211 675 4274 ita
692 4210 806 4276 fecisse
832 4205 1060 4290 convincitur,
1082 4223 1141 4297 per
1155 4210 1225 4273 siu·-
