2632 4822
144 243 223 321 810
427 254 646 312 ereremum
672 250 798 309 trouu
842 257 906 312 ιιι.
923 258 971 314 vr.

147 405 280 480 lavaret,
294 415 420 484 pennos
438 395 520 474 eius,
533 415 615 478 quos
636 391 682 456 ibi
700 393 825 474 babuit,
837 401 921 460 totos
934 395 1061 462 tulisset
1081 401 1127 481 q),
1151 407 1185 462 et
1203 398 1266 483 ipss

146 483 352 551 remansisset
366 480 469 541 nuda:
490 478 589 562 etqui
606 478 706 554 ibant,
728 489 761 540 et
776 479 953 541 transibant
963 503 1022 564 per
1036 484 1151 543 ioenm
1164 483 1265 561 ilium,

147 591 208 656 pro
228 563 368 652 peccatis
387 561 539 624 sidebant
561 560 799 644 turpitudinem
821 562 907 626 eius:
930 563 997 649 ipsa
1013 574 1125 626 entem
1147 563 1266 648 inipso

147 651 250 716 durio
272 665 399 730 semper
419 654 502 706 stare
532 665 599 704 uon
628 654 774 725 poterut,
799 646 921 707 reverti
951 656 1061 708 antem
1089 647 1135 707 ad
1166 669 1266 710 casam

147 757 237 798 suum
258 731 345 794 nude
367 725 587 792 erubescebat.
628 725 769 788 Proinde
790 729 975 804 statuimus,
998 729 1057 811 qui
1077 729 1181 792 talem
1202 731 1266 792 iiii·

146 820 244 882 eitam
264 812 536 898 praesumtionem
557 810 689 886 fecerit,
722 820 893 893 componat
913 811 1021 874 eidem
1041 809 1200 892 feminae,
1216 814 1266 874 eni

146 902 246 962 talem
266 893 504 990 turpitudinem
524 889 613 969 feeit,
634 891 797 974 widrigild
817 915 921 956 snum.
963 893 1113 975 Ideoque
1136 894 1200 958 boe
1222 897 1265 957 di·

147 983 263 1058 cimus,
283 999 361 1061 quta
382 976 409 1040 si
431 975 610 1038 invenisset
630 994 701 1035 eum
719 977 819 1038 frater
835 985 890 1038 aut
909 975 969 1055 vir,
991 985 1048 1037 sut
1062 978 1266 1062 propinquus

147 1083 265 1150 parens
287 1060 394 1122 sidem
414 1058 572 1136 feminee,
599 1057 787 1118 sesndsium
808 1079 883 1120 eum
903 1079 942 1120 eo
962 1061 1209 1140 committeret,
1238 1070 1268 1123 et

148 1146 209 1230 qui
230 1163 383 1240 superare
404 1138 575 1225 potuisset,
597 1159 683 1202 nnus
704 1141 842 1204 niteram
862 1141 1069 1210 interficeret.
1111 1145 1268 1227 Propter·

146 1251 187 1292 es
208 1228 325 1289 meiius
347 1233 412 1301 est,
433 1232 472 1284 ut
490 1222 585 1284 risus
605 1232 777 1305 componat
796 1223 961 1307 widrigild
981 1245 1088 1302 snum,
1111 1227 1268 1308 quamde

148 1321 277 1373 mortuo
298 1315 422 1370 crescet
440 1303 529 1368 iaide
548 1304 636 1366 iuter
654 1314 824 1390 parentes,
845 1318 880 1371 et
900 1307 1091 1392 compositio
1113 1307 1231 1372 maior.

150 1394 180 1530 i·
206 1389 300 1530 lidii.
335 1471 416 1525 Petre
428 1476 457 1524 te
473 1469 596 1543 appellat
611 1467 761 1535 Martinus,
782 1468 857 1541 quod
873 1468 959 1523 Maria
976 1485 1026 1524 sus
1042 1471 1219 1525 mundoalda
1234 1473 1272 1526 la·

148 1544 235 1606 vabet
251 1561 281 1599 se
298 1543 328 1596 in
345 1541 439 1605 fluvio,
458 1548 487 1595 st
510 1539 600 1595 tulisti
618 1539 671 1593 sibi
687 1548 759 1594 totos
777 1558 882 1612 pannus
899 1559 971 1605 suos,
990 1559 1061 1613 quos
1079 1541 1123 1595 ibi
1138 1543 1270 1598 babebat

233 1640 420 1710 CXXXVI.
462 1641 676 1720 (LXXXIII.)
716 1645 799 1704 Item
820 1645 1053 1708 annunciatum
1082 1655 1136 1708 est
1165 1647 1271 1727 nobis,

148 1731 239 1818 qnod
260 1727 393 1814 quidum
412 1724 552 1787 babebat
571 1733 705 1810 puteum
734 1725 768 1788 in
798 1737 889 1790 curte
920 1750 994 1806 sna,
1022 1737 1056 1791 et
1085 1730 1271 1793 secundum

149 1811 422 1878 consuetudinem
448 1809 573 1870 furcam
600 1817 632 1869 et
660 1810 820 1870 toIIenum
840 1810 881 1872 sd
900 1809 1118 1872 hauriendam
1144 1831 1277 1896 squam:

147 1898 296 1962 Veniens
318 1902 424 1954 antem
446 1891 551 1969 homo,
573 1890 661 1952 stetit
680 1891 740 1954 snb
760 1891 830 1975 ipso
850 1894 986 1972 tollens,
1008 1901 1042 1954 st
1057 1915 1136 1956 enm
1156 1897 1271 1960 venis-

146 1991 198 2044 set
217 1977 350 2064 qnidam
371 1974 412 2036 sd
432 1971 645 2034 hauriendum
663 1996 778 2057 aquam
800 1975 840 2036 de
861 1974 931 2059 ipso
951 1985 1063 2059 puteo,
1080 1987 1115 2039 et
1137 1977 1268 2041 incaute

147 2062 254 2147 ipsum
275 2059 437 2121 tolienum
457 2054 646 2135 dimisisset,
676 2056 769 2119 uenit
788 2079 886 2141 super
906 2079 997 2136 enm,
1031 2059 1092 2142 qui
1115 2061 1177 2122 sub
1200 2061 1267 2146 ipso

146 2147 249 2212 stabat
270 2142 415 2219 tollens,
448 2148 481 2201 et
504 2147 648 2200 mortuus
678 2150 735 2201 est.
777 2142 864 2202 Dum
888 2149 994 2202 antem
1019 2141 1196 2225 requisitio
1226 2145 1265 2206 de

146 2239 250 2292 morte
283 2225 353 2288 eins
373 2225 485 2299 fieret,
515 2220 588 2305 quis
611 2243 686 2284 eum
706 2222 840 2285 deberet
873 2245 1087 2320 componere,
1118 2235 1150 2287 et
1173 2226 1265 2288 nobis

147 2313 287 2376 relatum
306 2306 443 2384 fuisset,
474 2304 517 2365 ita
539 2304 631 2366 nobis
653 2313 686 2366 et
713 2305 829 2367 nostris
857 2306 1021 2368 indicibus
1042 2317 1174 2369 reetnm
1196 2331 1263 2374 esse

19 2439 31 2464 ι
145 2389 338 2478 comparuit,
360 2397 397 2450 ut
418 2387 485 2472 ipse
506 2385 629 2465 bomo,
658 2388 715 2470 qui
737 2387 782 2448 ibi
803 2399 948 2456 mortuus
968 2390 1088 2468 suerit,
1116 2392 1174 2474 qui
1196 2412 1262 2454 non

144 2477 210 2539 fuis
229 2472 347 2536 enimsi
367 2471 423 2534 sed
444 2491 575 2532 sensnm
594 2469 784 2532 rationsiem
805 2471 928 2551 babuit,
944 2472 1028 2535 sieut
1045 2473 1143 2534 bomo
1165 2474 1264 2537 debet

144 2560 276 2636 babere,
299 2552 412 2617 debuit
433 2555 638 2638 prospicere,
660 2551 694 2612 iu
715 2574 781 2636 quo
802 2555 875 2616 Inoo
899 2577 932 2617 se
957 2565 1093 2640 poneret
1111 2556 1150 2617 ad
1171 2566 1261 2617 stan-

144 2644 244 2718 dum,
278 2647 334 2698 snt
353 2637 451 2721 qneie
479 2636 606 2721 pondus
635 2656 732 2718 super
759 2658 793 2699 se
823 2637 965 2703 babebat,
1021 2638 1098 2700 Ideo
1122 2647 1258 2720 reputet

145 2724 208 2788 sibi
230 2724 308 2786 dnos
330 2729 435 2804 partes
490 2719 563 2780 retii
592 2717 633 2780 ds
662 2719 913 2801 compositione,
942 2719 1070 2783 tertiam
1098 2729 1261 2802 quantum

145 2807 214 2892 ipss
233 2803 414 2868 seeundum
432 2741 541 2862 Edisti
562 2808 706 2862 tenorem
728 2802 921 2885 appretiatus
941 2804 1060 2882 fuerit,
1086 2813 1263 2885 componet

145 2890 226 2974 ipse,
247 2885 305 2969 qni
328 2884 430 2967 ipsam
450 2903 566 2964 aquam
588 2881 757 2946 hauriebat
777 2886 930 2964 incaute,
959 2895 992 2948 et
1013 2887 1070 2948 det
1091 2908 1167 2948 eum
1187 2885 1262 2949 filiis

143 2982 200 3034 aut
215 2964 741 3115 imiimi?,ffiintiiffgm'ilf
755 2967 801 3110 ida
828 2989 894 3111 quql
907 2966 1044 3110 iperedes
1065 2969 1239 3112 extliterilnt
1250 2993 1260 3041 ς

144 3064 186 3200 db
198 3070 418 3198 ¹sistridildnssti¹
434 3129 512 3226 ‘1le
525 3068 640 3190 ⁸distem
662 3069 1122 3216 cbiuilpisteeusoeibesiuiibin
1142 3073 1262 3195 blsinXt

142 3217 346 3284 calumniam.
377 3215 463 3292 Quis
479 3234 505 3274 si
527 3211 557 3273 ei
572 3211 764 3274 calumniam
786 3214 979 3297 ingerimus,
1002 3215 1132 3276 nuliam
1145 3227 1262 3299 postes

96 3351 102 3366 .
142 3302 345 3389 permitteret
357 3295 397 3356 de
414 3305 512 3378 puteo
528 3315 586 3357 sno
602 3317 716 3378 aquarn
733 3297 876 3359 haurire:
900 3298 1016 3380 etquis
1028 3319 1140 3360 ornnes
1155 3299 1263 3360 homi·

145 3407 203 3448 nes
220 3393 355 3469 puteum
370 3377 488 3440 bebere
502 3399 568 3438 nnn
589 3387 734 3459 possunt,
755 3378 875 3463 reliqui
895 3400 1052 3463 pauperes
1073 3379 1128 3442 siti
1151 3403 1263 3444 more·

142 3476 269 3542 rentur,
291 3472 323 3525 et
334 3459 430 3524 etiam
442 3460 631 3522 itinerantes
642 3461 863 3524 necessitatem
875 3471 1073 3544 paterentur.
1126 3464 1150 3524 I.
1160 3485 1194 3545 9.
1208 3465 1262 3542 24.

212 3564 292 3604 rosa.
328 3546 405 3597 Petre
420 3551 449 3597 te
467 3543 590 3615 sppelIst
603 3543 747 3608 Martinus,
773 3544 848 3615 qued
861 3553 938 3617 pater
954 3563 1018 3598 suus
1035 3543 1125 3597 stabat
1141 3544 1198 3597 sub
1218 3556 1264 3600 to-

144 3621 209 3675 leno
228 3620 263 3671 de
300 3626 365 3669 uteo
385 3615 496 3676 Donati,
516 3622 592 3668 etta
610 3612 708 3666 venisti
726 3614 833 3668 trabere
851 3632 950 3687 squam
969 3616 1004 3668 de
1019 3613 1078 3685 ipsu
1095 3624 1207 3683 puteo,
1234 3625 1263 3669 et

142 3691 254 3746 incaute
279 3635 404 3738 dimisisti
432 3686 576 3746 telenum,
599 3691 630 3737 et
645 3685 722 3742 venit
741 3703 823 3757 super
837 3694 943 3758 patrem
959 3702 1056 3750 suum,
1084 3695 1114 3740 et
1130 3695 1263 3740 mortuus

144 3762 197 3818 tuis
213 3777 262 3834 per
278 3758 367 3828 ipsum
384 3756 517 3808 telenum.

228 3823 435 3892 CXXXVII.
476 3822 693 3903 (LXXXIV.)
732 3826 814 3886 Item
832 3824 970 3887 relatum
992 3832 1039 3886 est
1058 3823 1166 3902 nobis,
1182 3847 1263 3888 cum

143 3915 276 4000 quidam
294 3909 392 3970 homo
411 3906 620 3990 praestitisset
636 3909 814 3969 iumentum
830 3929 923 3970 sunm
949 3906 1042 3969 alteri
1063 3907 1197 3969 homini
1221 3911 1262 3988 ad

143 4007 323 4070 recturam,
357 3999 390 4052 et
415 3991 526 4074 pulius
557 3997 598 4076 r)
632 3990 807 4054 indomitus
836 3999 965 4054 secutus
991 3988 1093 4052 fuerit
1117 4001 1263 4056 matrem

147 4127 485 4153 ........---—-

213 4212 249 4285 q)
266 4203 375 4262 Herold.
394 4204 491 4260 tabuit
506 4204 588 4269 lotos,
608 4206 722 4264 tulisset.
760 4205 789 4290 r)
807 4189 954 4264 sistunt.
971 4203 1099 4279 polleuus
1109 4224 1120 4273 ,-
1145 4207 1262 4274 potem,
