2648 4874
243 257 356 360 ur'crs
372 301 661 369 w1s1sornoaun
680 301 744 360 na.
764 301 802 359 n.
820 302 894 358 nr.
908 305 963 387 rs.
1106 287 1179 366 455

70 441 114 509 dis
135 441 293 506 omnibns
314 441 551 504 inconvulsum.
604 441 647 507 Et
666 450 773 502 tamen
795 440 820 506 si
844 441 889 520 is,
911 443 964 504 cui
986 443 1112 510 licitum
1132 460 1186 513 est·

67 548 123 610 per
143 547 205 586 sex
227 545 354 586 menses
377 525 455 587 vitia
486 525 616 586 testium
644 541 811 600 accusare,
846 523 1021 605 legitimam
1046 529 1180 594 fortasse

68 611 151 670 infra
173 608 388 670 constitutum
407 616 531 690 tempus
552 605 774 688 probationem
803 607 983 686 invenerit,
1010 631 1074 693 qua
1103 635 1179 696 pro-

68 695 170 755 latum
189 699 318 770 contra
335 711 368 751 se
394 697 507 751 testem
535 689 687 762 infamem
717 688 816 770 possit
845 689 1056 771 convincere,
1084 717 1182 793 supra

69 798 123 838 cos
145 794 230 855 quos
256 769 404 835 visentes
422 771 566 854 potuerit
589 771 761 849 infensare,
783 771 908 832 licitum
931 773 1000 834 erit
1016 777 1181 852 causidico

69 858 247 918 adductum
274 864 387 918 testem
399 855 605 937 producere..
651 851 786 922 Na'mui
811 855 952 936 aliquem
974 856 1014 919 de
1046 880 1181 924 numero

40 1013 43 1020 ⁴
69 941 204 1000 illorum
225 937 380 1013 testium,-
405 936 463 1018 qui
487 936 627 1019 primum
653 936 774 998 iurasse
795 947 991 1017 noscuntur,
1030 943 1187 1004 cunctim-¹

69 1023 113 1084 rit
138 1022 238 1082 fuisse
267 1021 477 1094 defunctum,
510 1020 638 1080 nullum
657 1041 754 1102 snper
778 1029 939 1082 mortuum
960 1020 1181 1086 testimonium

69 1101 211 1166 dabitur.
252 1103 321 1163 Nec
342 1101 376 1184 in
401 1100 520 1161 talibus
542 1101 595 1164 rel
624 1101 825 1183 quibuslibet
850 1103 921 1164 aliie
948 1107 1065 1168 caussis
1087 1108 1181 1170 testi-

69 1188 218 1260 monium
239 1185 306 1248 riri
332 1205 429 1265 snper
451 1193 612 1244 mortuum
629 1185 816 1246 ullomodo
844 1184 1044 1249 admittetur:
1067 1211 1146 1252 exce

54 1273 104 1332 'to
127 1270 154 1334 si
183 1289 242 1351 per
263 1267 443 1349 legitimum
466 1266 725 1330 etmanilestum
749 1267 925 1350 scripturae
945 1277 1089 1344 textum,
1125 1295 1143 1334 u
1171 1271 1182 1331 i

70 1354 139 1436 ipse
177 1352 235 1433 qni
268 1351 439 1410 defunctus
474 1357 538 1426 est,
576 1358 632 1410 aut
655 1371 747 1414 reum
782 1371 815 1410 se
851 1349 997 1413 criminis
1029 1373 1097 1416 esse
1124 1377 1180 1437 ag-

70 1456 211 1496 noscens
243 1431 448 1512 subscripsit,
485 1441 540 1492 aut
578 1430 663 1494 iusto
690 1430 861 1514 aequitatis
894 1431 1018 1495 iudicio
1048 1437 1179 1519 publice

70 1519 241 1581 denotatus
267 1513 424 1598 apparuit.
472 1513 515 1576 Et
537 1511 617 1576 hacc
639 1513 774 1596 quidem¹
795 1513 835 1576 de
857 1513 1082 1597 infamatione,
1101 1539 1180 1601 qua

69 1599 219 1682 quisquis
249 1597 307 1658 ille
330 1595 505 1675 obnoxius,
528 1596 575 1666 ‘ad
600 1596 775 1659 dicendum
801 1597 1021 1659 testimoninm
1047 1621 1111 1660 non
1126 1602 1180 1662 ad-

70 1685 237 1758 mittatur,
273 1678 361 1742 dicta
391 1677 559 1744 sufficiant.
615 1680 784 1740 Caeterum
809 1679 836 1740 si
864 1679 1008 1741 debitum
1032 1681 1180 1744 defuncti

70 1765 125 1828 vel
148 1761 364 1846 praesumptio
394 1770 581 1837 accusetur,
612 1761 703 1822 iuxta
731 1761 836 1844 legem
857 1759 951 1824 aliern
969 1761 1092 1825 licitum
1117 1767 1180 1826 erit

70 1846 267 1923 caussidico,
298 1853 353 1905 ant
384 1865 443 1925 per
473 1843 655 1908 veridicum
679 1851 811 1924 testem,
839 1853 895 1905 aut
920 1864 980 1926 per
1004 1844 1182 1928 legitimam

68 1930 279 2012 scripturam,
319 1925 463 1988 debitum
493 1926 611 1988 mortui
642 1926 695 1989 rel
722 1925 1015 2009 praesumptionem
1041 1929 1180 1994 convin-

69 2033 146 2076 cere
167 2021 201 2074 et
225 2009 426 2096 propositum
446 2009 546 2091 partis
574 2029 649 2070 suae
677 2007 843 2091 negotium
856 2029 1099 2078 consummare.

440 2123 532 2192 VIII.
554 2146 615 2192 rue.
637 2145 722 2186 cuns.
743 2145 812 2186 anx.

72 2211 122 2272 De
147 2209 198 2272 iris
222 2211 279 2292 qui
301 2204 348 2268 acl
362 2205 485 2290 salsum
510 2210 719 2268 testimonium
750 2204 920 2267 dicendam
951 2206 1032 2268 alios
1062 2228 1181 2291 proco·

175 2306 267 2370 cant,
296 2291 351 2349 uel
376 2309 480 2351 servos
500 2290 619 2350 alienos
638 2286 684 2350 a‘d
708 2289 882 2351 libertatem
904 2288 1078 2372 impellunt.
1167 2297 1175 2312 “

155 2374 189 2436 si
221 2374 295 2456 quis
314 2381 427 2434 contra
455 2370 620 2433 hominem
648 2372 826 2454 ingenuum
846 2380 879 2432 et
906 2371 1059 2435 adversus
1080 2372 1181 2436 liber-

72 2466 144 2519 tum
172 2456 313 2540 aliquem
348 2475 538 2538 provocasse
579 2453 787 2516 convincitur
812 2449 929 2514 falsum
957 2453 1066 2516 dicere
1089 2458 1181 2518 testi-

70 2539 237 2618 moninm,
256 2539 382 2600 tantum
399 2537 450 2598 illi
468 2545 637 2620 componat
658 2557 756 2618 quern
776 2556 836 2618 per
856 2535 968 2598 falsam
988 2538 1184 2604 testificatio·

71 2645 149 2699 nem
182 2621 359 2683 conabatur
387 2619 536 2682 addicere
563 2619 615 2681 rel
645 2619 794 2681 damnare
806 2662 819 2695 „
848 2630 1023 2701 quantum,
1053 2622 1080 2682 si
1099 2622 1181 2684 inste

71 2703 281 2781 obtinuisset,
318 2711 444 2788 poterat
465 2701 505 2764 de
534 2710 617 2764 statu
638 2700 693 2763 rel
716 2700 872 2762 derebus
902 2701 972 2764 eins
1001 2704 1182 2786 adquirere.

71 2789 105 2849 Si
129 2804 209 2849 vero
224 2785 313 2849 testis
345 2784 536 2867 simpliciter
562 2781 604 2844 ala
623 2782 687 2844 alio
709 2781 750 2844 ad
779 2783 1000 2846 testimonium
1027 2786 1182 2850 inritatus

70 2871 151 2932 falsa
172 2879 284 2931 contra
308 2869 489 2951 ingenuum
518 2876 614 2948 atque
638 2865 790 2927 libertum
820 2867 1002 2929 testificasse
1036 2869 1179 2931 dinosci-

71 2963 145 3030 tur,
172 2952 314 3034 qualiter
332 2971 393 3026 per
412 2949 480 3011 eins
501 2948 722 3010 testimonium¹
741 2947 774 3006 in
804 2947 993 3030 servitutem
1013 2952 1182 3033 quisquam

70 3034 320 3112 humiliaretur,
339 3042 371 3094 et
390 3041 496 3093 tamen
519 3031 600 3110 ille,
633 3031 690 3112 qui
711 3037 824 3090 testem
851 3032 1005 3112 protulit,
1033 3037 1184 3096 conscius

71 3116 193 3178 fraudis
211 3115 309 3177 huius
327 3135 392 3175 non
416 3115 596 3190 invenitur,
618 3114 705 3174 solus
727 3112 814 3173 testis
836 3113 903 3192 ipse
924 3115 1084 3196 superiori
1104 3139 1181 3177 sen-

71 3201 173 3260 tentia
186 3198 370 3259 multandus
393 3207 440 3258 est
448 3242 458 3275 ,
480 3197 513 3259 id
536 3204 602 3274 est,
626 3196 709 3256 sicut
730 3194 788 3255 ille
806 3194 862 3278 qui
878 3205 992 3256 testem
1006 3198 1045 3257 ed
1064 3199 1181 3260 falsum

70 3281 289 3362 testimoninm
304 3278 508 3364 provocarit,
531 3277 573 3356 ei,
594 3299 690 3360 quem
701 3299 759 3338 suo
770 3278 952 3339 testimonio
964 3275 1181 3361 deciperesvo-

68 3363 143 3437 luit,
160 3363 319 3425 obnoxius
335 3372 471 3426 maneat.
492 3363 541 3422 lta
555 3370 591 3420 ut
605 3363 631 3422 si
645 3381 710 3420 non
725 3359 874 3420 habuerit
893 3360 979 3426 unde
991 3373 1179 3444 componat,

68 3447 105 3506 in
126 3455 284 3528 potestate
306 3445 392 3521 eins,
421 3465 496 3506 curn
515 3444 577 3504 hoc
599 3443 687 3526 qnod
707 3441 826 3503 habere
849 3443 997 3522 videtur,
1029 3447 1178 3525 perenni-

67 3539 120 3591 ter
132 3528 309 3590 serviturus
328 3527 482 3589 tradatur.
521 3527 562 3588 ld
583 3536 690 3586 antem
708 3525 793 3587 etde
815 3525 881 3586 illis
903 3526 1105 3588 decernimus
1127 3529 1181 3588 ob·

69 3611 289 3687 servandum,
322 3611 379 3692 qni
414 3620 449 3671 nt
471 3631 581 3671 servos
603 3609 726 3668 alienos
748 3607 789 3668 ad
818 3608 999 3682 libertatem
1023 3611 1181 3692 perduce-

67 3703 166 3771 rent,
196 3703 250 3754 aut
270 3693 385 3753 falsum
406 3691 626 3754 testimonium
648 3689 765 3750 dixisse
788 3689 1012 3771 reperiuntur,
1035 3702 1179 3754 autenm

67 3776 286 3838 intentionem
298 3775 451 3836 adhibere
469 3773 574 3835 conati
587 3781 682 3848 sunt,
707 3781 750 3845 nt·
759 3771 797 3830 ab
813 3771 858 3832 eis
873 3775 1036 3853 provocati
1057 3797 1117 3857 per
1128 3799 1180 3837 eo·

66 3883 142 3922 rum
162 3857 348 3920 instantiam
377 3857 417 3917 ad
438 3856 647 3940 ingenuitatis
679 3853 858 3915 libertatem
887 3852 1029 3917 indetrita
1055 3858 1179 3941 possint

66 3945 272 4026 aliquatenus
298 3935 508 4004 insultatione
538 3938 670 4004 venire.¹

455 4055 510 4120 lx.
531 4077 593 4116 rus.
614 4076 700 4120 acus.
721 4074 790 4114 nur.

260 4141 307 4215 In,
320 4131 431 4215 quitos
453 4139 572 4198 caussis
590 4139 713 4220 possint
733 4129 903 4217 testificari
919 4135 1015 4201 servi.

119 4275 123 4282 .
149 4219 248 4304 Quod
278 4221 408 4286 utilitati
437 4221 612 4286 multorum
639 4229 687 4286 est
712 4238 910 4303 congruam,
940 4240 1006 4280 non
1036 4227 1086 4282 est
1123 4240 1182 4282 no-
