2640 4838
438 267 606 321 aurorum
641 269 819 323 norruuus
1115 257 1182 345 721
1256 301 1259 306 ·

139 415 217 467 Patre
235 417 269 464 te
287 405 413 478 appellat
432 405 585 469 Martinus,
605 408 681 480 quod
698 417 728 461 tu
753 427 781 463 es
799 423 863 460 sum
882 407 990 474 aldius,
1011 419 1039 464 et
1055 414 1127 467 malo
1147 433 1189 468 or.

68 487 135 540 ilinc
152 501 179 537 te
197 480 337 536 subtrahis
357 479 391 530 dc
410 495 459 529 sua
476 478 626 534 aldiaricia.
664 479 744 531 Liber
759 499 819 533 sum
832 479 990 542 nascendo,
1010 490 1039 533 et
1051 482 1103 536 tibi
1121 487 1189 554 quid

68 553 210 630 pertinet?
244 552 340 604 Aldius
357 565 434 599 meus
451 548 566 600 sociavit
592 557 705 602 matrem
724 558 799 602 tuam
824 548 855 600 in
873 550 1047 617 coniugium,
1075 563 1104 606 et
1121 556 1189 608 iecit

69 626 222 681 mundium.
259 624 315 674 Aut
329 615 429 689 probet
446 618 607 684 mundium,
627 630 675 671 aut
692 629 794 672 taceat.
1093 637 1097 640 ’

140 695 195 748 Sed
220 693 260 745 ita
278 691 313 741 sit
334 689 490 758 responsio:
518 689 588 742 Vere
615 705 642 741 es
665 689 753 742 libera
770 689 927 754 nascendo,
955 688 1004 741 sed
1030 706 1088 744 esse
1106 691 1191 747 debes

68 768 161 831 aldis,
192 762 259 833 quia
277 759 365 811 aldius
384 777 460 811 meus
480 766 531 811 etc.

156 831 341 897 ccxvnt
385 829 618 890 Simmaam
653 825 1192 902 fflmmujincmaabmaad

70 919 222 981 maritam
243 911 430 984 intraverit,
467 920 500 972 et
527 932 659 972 servum
679 914 829 974 maritum
850 912 981 988 tulerit,
1011 911 1193 975 libertatern

71 1025 162 1065 suam
184 998 317 1058 amittat.
360 995 405 1058 Et
433 993 460 1063 si
480 993 638 1055 Dominus
667 995 736 1056 eius
759 991 943 1077 neglexerit
963 1014 1034 1054 eam
1054 997 1194 1078 replica-

72 1104 108 1148 re
131 1083 172 1144 ad
194 1078 377 1156 servitium,
402 1085 530 1138 mortuo
552 1086 658 1136 tamen
681 1077 795 1138 marito
818 1077 933 1150 vadat,
956 1075 1012 1136 ubi
1034 1079 1192 1158 voluerit,

73 1167 177 1228 libera
199 1183 263 1223 una
284 1182 360 1221 cum
381 1159 493 1222 liberis
522 1159 605 1238 suis,
643 1167 676 1220 et
703 1181 778 1220 curn
808 1157 957 1221 omuibus
984 1159 1080 1221 rebus
1107 1163 1193 1241 suis,

72 1257 210 1332 quantas
242 1245 275 1303 in
297 1242 356 1302 illo
378 1251 522 1326 ternpore
543 1263 651 1304 secum
680 1241 832 1321 adduxit,
862 1241 994 1323 quando
1023 1244 1063 1303 ad
1095 1244 1194 1304 mari·

72 1341 143 1392 tum
165 1327 308 1388 intravit.
349 1325 429 1388 Nam
457 1326 594 1410 amplius
621 1325 744 1386 nullam
772 1347 840 1386 rem
870 1335 1108 1406 consequatur,
1137 1327 1196 1388 sed

74 1412 192 1473 vitium
212 1430 307 1471 snam
322 1407 391 1470 ,sibi
411 1418 561 1492 reputet,
585 1429 623 1469 eo
645 1409 735 1490 qnod
755 1429 847 1472 servo
865 1409 1067 1471 consenserit
1080 1410 1195 1473 volun·

76 1496 169 1565 iffi&
233 1493 400 1556 naua
668 1511 671 1522 s
1177 1505 1259 1534 ,-

144 1592 226 1628 roan.
263 1571 352 1626 Maria
371 1589 433 1626 eum
454 1579 504 1624 tuo
527 1578 618 1626 tutore
640 1573 719 1626 Petro
740 1579 769 1625 te
791 1572 914 1644 appellat
937 1570 1090 1636 Martinus,
1120 1592 1179 1645 quo.

74 1655 110 1702 tu
136 1664 163 1698 es
189 1663 239 1697 sua
258 1643 379 1706 ancilla,
402 1653 431 1696 et
452 1645 524 1694 malo
542 1645 635 1695 ordine
657 1642 793 1695 subtrahis
810 1652 840 1695 te
865 1644 899 1696 de
925 1661 974 1700 suo
995 1641 1112 1696 servitio.
1151 1647 1206 1698 Li·-

78 1717 145 1770 bera
163 1732 223 1768 sum
248 1732 298 1787 per
316 1711 433 1778 eadam,
459 1731 542 1783 quam
573 1721 604 1765 tu
629 1713 696 1765 mibi
715 1713 813 1766 fecisti.
849 1713 891 1766 Tu
922 1713 1005 1764 debes
1031 1714 1143 1782 perdere
1163 1715 1198 1767 li-

74 1787 227 1850 bertatem,
269 1785 334 1856 quia
362 1784 468 1836 intrasti
490 1784 519 1834 in
546 1799 635 1836 casam
657 1782 823 1848 Marcoardi,
849 1790 877 1835 et
901 1800 1008 1836 servum
1031 1785 1088 1834 eius
1108 1784 1198 1838 tulisti

80 1857 117 1909 ad
135 1857 269 1908 maritum.
311 1856 372 1906 Non
400 1855 462 1907 feci.
498 1856 554 1906 Aut
585 1853 699 1924 probet,
727 1863 775 1906 aut
798 1851 916 1908 taceat(
951 1853 992 1915 Si,¹
1010 1853 1125 1906 dixerit:
1153 1856 1197 1907 Tu

79 1927 176 1980 misisti
198 1926 398 1993 neglegentiam
414 1924 546 1994 replicare
562 1925 597 1977 ad
616 1924 758 1976 servicium
777 1941 820 1977 me
843 1923 953 1977 vivente
979 1923 1038 1992 ipso
1064 1941 1157 1977 servo:
1175 1924 1197 1975 si

79 1997 216 2070 potuerit,
250 1994 364 2066 probet,
385 1996 462 2065 quod
482 1995 555 2047 misit
578 1994 780 2060 negligentiam.
828 1993 856 2045 si
879 2012 934 2047 non
961 1995 1103 2062 potuerit‚·
1126 1995 1198 2048 iuret

81 2069 227 2127 dominus,
257 2065 332 2135 quod
350 2083 406 2116 non
425 2065 498 2117 misit
516 2065 733 2130 neglegentiam,
764 2073 792 2117 et
808 2065 856 2117 fiat
880 2064 991 2117 ancilla.

167 2137 302 2202 CCXIX.
344 2136 379 2196 si
393 2135 495 2198 aldius
511 2138 741 2216 cuiuscumque
755 2135 894 2210 aldium,
917 2143 972 2192 aut
987 2132 1134 2193 libertam
1145 2137 1179 2211 o)
1188 2178 1198 2210 ,

81 2219 223 2281 alienam
243 2239 379 2280 uxorem
401 2218 532 2294 tulerit,
562 2218 588 2280 si
611 2217 693 2278 filios
716 2239 756 2278 ex
778 2217 864 2278 coitu
886 2215 1199 2300 habuerit,patrena

19 2295 1115 2385 ‘mwmmmfflmffiffmfflmmmlhad

165 2383 289 2444 CCXX.
333 2385 367 2446 si
395 2385 499 2446 aldins
523 2384 673 2446 ancillam
694 2405 782 2452 snam
797 2390 854 2443 aut
874 2380 1007 2442 alterius
1025 2381 1139 2442 tulerit
1158 2381 1199 2443 ad

81 2488 235 2542 uxorem,
274 2465 353 2545 filii,
388 2467 445 2550 qni
477 2489 518 2528 ex
546 2466 614 2548 ipsa
641 2465 760 2528 ancilla
796 2474 975 2546 naseuntur
1007 2463 1074 2526 sint
1111 2465 1198 2527 ser'vi

78 2551 171 2628 eius,
211 2548 303 2610 onius
326 2558 359 2611 et
383 2560 486 2611 mater
509 2549 627 2611 ancilla
648 2558 704 2614 est.
769 2545 812 2614 ll.
839 2549 938 2614 1ιό.
1056 2551 1059 2560 ’
1191 2546 1192 2552 '

165 2632 313 2697 CCXXI.
357 2634 390 2693 si
415 2632 534 2700 ancilla
559 2632 792 2714 cuiuscumque
815 2631 848 2690 in
878 2651 980 2693 casam
1003 2625 1135 2691 alterius
1157 2629 1198 2692 ad

80 2716 231 2777 maritum
257 2715 444 2794 intraverit,
468 2724 500 2776 ct
528 2736 659 2776 servum
681 2716 812 2791 tulerit,
848 2710 932 2775 nibil
960 2713 1000 2774 de
1031 2711 1099 2796 ipsa
1125 2733 1198 2776 casa

80 2799 198 2941 ariarito
219 2808 346 2860 mortno
368 2809 603 2882 consequatur,
644 2797 708 2860 nisi
739 2806 897 2882 quantum
920 2817 1031 2859 seeum
1053 2795 1198 2864 adduxit.

82 2883 252 2948 Ista&
935 2905 936 2910 ¹

167 2961 335 3028 CCXXII.
376 2961 411 3024 Si
440 2983 553 3024 servus
580 2959 716 3022 liberam
748 2961 934 3042 mulierem,
971 2969 1026 3024 aut
1054 2961 1198 3044 puellam

83 3067 179 3106 ansus
209 3047 310 3110 fuerit
342 3045 403 3108 sibi
419 3045 452 3105 in
464 3043 622 3127 coniugio
641 3045 786 3122 sociare,
815 3045 939 3108 animae
958 3066 1034 3106 suae
1051 3045 1197 3105 incurrat

83 3127 286 3208 periculum:
324 3129 480 3206 atillam,
521 3149 604 3210 qnae
625 3129 718 3190 servo
747 3128 846 3189 suerit
872 3127 1097 3201 consentiens,
1137 3125 1196 3184 ha-

83 3211 182 3271 beant
205 3221 353 3293 parentes
373 3220 562 3294 potestatem
583 3208 768 3287 occidendi,
806 3220 862 3271 ant
889 3211 968 3272 foris
999 3208 1199 3290 provinciam

84 3293 358 3371 transvendendi,
387 3303 419 3354 et
444 3295 483 3354 de
509 3294 605 3354 rebus
635 3293 734 3375 ipsias
767 3292 912 3354 mulieris
939 3291 1080 3353 faciendi
1108 3291 1199 3372 qnod

85 3371 1207 3458 vmmmEmspmmwmmfflmmmmmmmq

86 3477 161 3517 cere
193 3457 397 3536 distulerint,
429 3468 507 3520 tunc
536 3459 631 3520 liceat
658 3457 820 3518 Gustaldio
853 3458 965 3540 Regis,
988 3465 1044 3516 aut
1076 3455 1197 3533 actori,

86 3539 1199 3625 thQQmstmmianmRQumoem,mmm

85 3619 228 3708 pensiles
250 3623 383 3685 ancillas
413 3623 618 3686 constituere.
661 3624 704 3689 ll.
726 3645 755 3703 9.
777 3644 804 3687 2.

157 3719 236 3756 rora.
273 3707 360 3759 Maria
381 3704 492 3759 insimul
512 3723 572 3759 curn
588 3709 696 3759 Donato
722 3713 771 3756 tuo
789 3713 880 3756 tutore
902 3705 997 3758 Petrus
1015 3712 1044 3757 tc
1063 3705 1195 3776 appellat,

84 3773 163 3845 quod
180 3784 212 3828 tu
236 3791 263 3826 es
279 3793 328 3828 sua
348 3778 467 3841 aneilla,
481 3786 515 3837 ,et
537 3777 609 3828 malo
641 3777 734 3828 ordine
749 3774 884 3827 subtrahis
902 3784 931 3826 te
955 3777 989 3826 de
1013 3794 1061 3831 suo
1078 3776 1198 3843 servitio,

85 3843 185 3898 Libera
212 3847 269 3898 sum
297 3849 435 3900 nascendo
461 3857 488 3900 et
520 3847 572 3900 tibi
597 3847 666 3917 qnid
687 3845 813 3917 pertinet.
844 3845 887 3898 Tu
907 3855 936 3900 te
952 3845 1058 3898 sociasti
1080 3848 1108 3897 in
1131 3863 1198 3897 eon·

85 3913 160 3980 iugio
188 3931 251 3967 cum
275 3917 435 3971 Marcoardo
460 3936 521 3970 meo
545 3935 636 3981 servo,
656 3922 756 3970 et'est.
766 3915 894 3968 transitus
911 3934 1005 3970 annus.
1044 3917 1071 3968 Si
1088 3917 1196 3968 dixerit:

85 3984 148 4036 Non
166 4002 211 4037 me
230 3987 347 4053 sociavi;
374 3999 438 4052 aut,
463 4007 518 4042 non
540 3988 593 4041 feei
616 4005 661 4040 me
685 3987 803 4054 seiente3
830 3995 893 4050 aut,
920 4006 976 4042 nou
1004 3996 1045 4040 est
1068 3986 1196 4040 transitus

86 4071 189 4121 annus;
220 4066 270 4108 aut
290 4058 388 4129 probet
411 4059 459 4131 qui
484 4059 621 4131 appellat,
652 4066 701 4112 aut
718 4066 820 4113 taceat.
877 4109 880 4115 ,
945 4046 949 4062 ¹

156 4234 189 4293 a)
208 4223 259 4276 nn.
280 4222 347 4278 coa.
365 4225 474 4278 eirena.
528 4209 578 4294 s)
593 4221 635 4278 tr.
656 4222 744 4277 coar.
761 4221 884 4274 usuram.
