2632 4822
240 316 243 326 ,
334 266 550 324 ereremum
571 267 698 320 iacun
726 269 788 322 tn.
808 265 872 323 vn·
893 278 898 293 .
1094 249 1170 326 803

63 413 123 474 vel
152 417 305 494 argento,
333 408 545 486 vestimento,
571 385 784 483 ferramento,
808 415 863 468 aut
889 407 915 469 si
937 407 1087 472 animalia
1113 411 1171 472 mi·

64 506 162 573 nuta,
184 495 238 558 vel
270 492 440 576 quodlibet
458 491 576 574 pignus
603 488 719 565 fuerit,
742 489 877 551 1111111
905 511 1082 554 censemus.
1123 493 1171 556 ll.

64 598 113 639 21.
134 576 184 642 25.

35 643 36 650 ¹
63 697 67 706 .
131 677 212 712 roan.
247 659 326 710 Petre
348 665 377 709 te
402 655 522 726 appellat
539 651 690 715 Martinus,
713 653 788 722 quod
809 661 840 706 tu
855 653 1000 724 pignerasti
1017 671 1079 706 eum
1098 652 1170 710 malo

64 728 159 783 ordine
180 731 209 780 in
226 745 311 780 unum
334 743 413 778 auum
435 725 572 778 caballum
590 723 739 784 domitum,
765 723 812 794 qui
838 723 947 776 valebat
971 725 1020 776 sol.
1045 727 1074 778 1,.
1130 729 1171 780 Dc

63 809 144 854 torto.
181 799 210 852 Si
228 795 340 850 dixerit:
365 798 475 864 Propter
489 795 542 845 hoc
560 803 588 845 te
606 791 762 862 pigneravi,
781 794 855 862 quod
872 802 903 846 tu
922 793 1004 846 debes
1020 795 1086 847 mihi
1108 797 1172 851 dare

64 871 96 926 C.
116 869 166 922 sol.
209 869 313 921 Tamen
331 884 386 917 non
408 865 526 918 debuisti
540 863 679 932 pignerare
695 879 738 914 me
755 861 784 912 in
803 863 910 916 caballo
931 863 1040 920 domito.
1074 867 1172 930 Debui,

64 939 130 1011 quia
155 945 186 988 tu
211 937 280 989 mihi
303 935 467 989 concessisti.
518 934 615 985 Probet
638 932 713 1000 ipse,
749 933 796 1003 qui
818 934 987 1002 pigneravit,
1019 935 1094 1004 quod
1116 937 1173 1006 ipse

65 1004 200 1062 concessit
217 1006 277 1060 sibi.
320 1001 348 1057 si
366 1023 422 1056 non
437 1003 571 1074 potuerit:
598 1005 671 1054 iuret
690 1001 766 1073 lpse,
794 1003 859 1073 quia
880 1019 936 1056 non
956 1005 1100 1057 concessit.
1141 1007 1173 1060 Si

65 1078 182 1130 dixerit:
207 1077 364 1148 imperator
379 1075 447 1126 mihi
469 1071 682 1128 commendavit:
709 1078 756 1123 aut
779 1071 894 1143 probet,
923 1081 972 1127 aut
998 1074 1094 1127 reddat
1114 1077 1173 1146 pig·

64 1153 116 1202 nus
135 1145 187 1198 sihi
203 1163 314 1199 nonum.

134 1219 212 1269 Petre
237 1225 267 1268 te
289 1213 411 1285 appellat
431 1212 585 1273 Martinus,
605 1212 679 1283 quod
694 1220 725 1264 tu
749 1211 896 1282 pigueraati
918 1227 980 1280 eum
998 1213 1027 1264 in
1050 1233 1105 1266 uno
1123 1233 1172 1269 suo

64 1285 135 1340 11111
155 1285 275 1348 domito,
296 1284 475 1356 qui'valebat
499 1285 547 1335 sol.
572 1284 603 1334 X.
658 1283 735 1334 Tene
757 1291 835 1333 tuum
854 1280 970 1343 bovem,
998 1293 1026 1335 et
1047 1284 1082 1335 da
1106 1285 1173 1336 mihi

65 1355 197 1410 debitum.
241 1356 296 1422 Ego
313 1362 343 1407 te
361 1351 519 1425 appellavi,
554 1349 628 1424 quod
645 1361 676 1405 tu
697 1345 786 1404 iecisti
810 1368 872 1403 cum
898 1369 992 1421 operas
1017 1351 1087 1406 infra
1108 1353 1171 1409 Xll.

65 1436 214 1548 noctl'sctre
234 1500 262 1546 te
289 1492 411 1562 appellat
430 1491 578 1552 Martinus,
605 1491 680 1560 quod
696 1500 727 1542 tu
746 1490 892 1560 pignerasti
912 1490 1026 1545 eumin
1050 1511 1105 1546 uno
1123 1513 1173 1548 suo

67 1565 175 1620 caballo
194 1562 310 1625 domito,
330 1561 379 1631 qui
398 1561 509 1613 valebat
528 1561 576 1612 sol.
601 1563 632 1614 C.
669 1561 857 1629 Propterhoc
879 1562 1074 1631 tepigucravi,
1099 1565 1175 1633 quod

64 1645 97 1688 tu
117 1635 199 1688 debes
216 1632 283 1684 mihi
298 1633 362 1684 dare
380 1632 428 1683 sol.
449 1631 478 1682 C.
516 1631 592 1682 Tene
614 1640 674 1683 tuos
688 1631 827 1694 denarios,
848 1638 876 1682 et
893 1632 977 1686 redde
998 1632 1065 1683 mihi
1084 1651 1174 1688 meum

66 1706 212 1758 caballum.
248 1703 378 1754 Denarios
396 1700 546 1770 accipiam,
571 1701 619 1752 sed
631 1699 768 1752 caballum
791 1719 846 1752 non
866 1701 992 1766 reddam,
1026 1703 1090 1771 quia
1105 1721 1176 1757 mor-

65 1785 129 1828 tuus
149 1784 197 1826 est.
233 1775 292 1826 Hoc
309 1782 337 1824 te
354 1771 481 1841 appello,
507 1770 582 1841 quod
608 1780 638 1822 tu
657 1771 729 1822 irato
758 1771 848 1822 animo
874 1771 967 1824 ausisti
988 1789 1068 1833 eum,
1100 1774 1175 1843 plus·

67 1861 151 1914 quam
170 1852 249 1895 tunm
271 1842 380 1894 animal.
421 1841 489 1892 Non.
528 1839 704 1902 satisfaciat,
724 1848 755 1891 ut
772 1840 817 1893 hic
835 1840 911 1893 dicit.
953 1841 987 1894 Et
1011 1841 1032 1892 si
1058 1842 1174 1898 dixerit:

66 1914 127 1967 Non
150 1913 282 1975 reddam,
309 1910 374 1982 quia
392 1909 520 1963 transacti
545 1919 609 1962 sunt
635 1911 715 1964 XXX.
735 1909 808 1972 dies,
833 1920 883 1964 aut
905 1910 978 1974 LX,
1005 1921 1033 1963 ct
1054 1909 1176 1966 habuisti

65 1983 268 2049 neglegenciam
303 1982 333 2033 in
365 1980 429 2050 ipsis
465 1979 688 2051 dispignerandiu
738 1981 865 2050 Unquam
894 1998 950 2032 non
975 1990 1039 2032 sunt
1061 1981 1175 2050 peracti.

68 2054 124 2104 Sed
146 2052 285 2122 approbet.
330 2050 366 2102 Et
388 2051 410 2101 si
434 2050 519 2102 dixit:
547 2053 607 2104 Nou
632 2049 717 2102 habui
739 2049 941 2117 neglegentiam
965 2050 1175 2121 dispignerandi.

62 2122 202 2180 Habuisti.
237 2123 306 2175 Non.
341 2119 488 2190 ¹Approbet.
523 2119 649 2184 Aut‚ise
674 2121 792 2174 idoneet.

151 2191 219 2254 CX.
260 2189 394 2266 (Lvtl.)
437 2191 471 2250 Si
496 2193 568 2272 quis
592 2199 819 2268 servum,·aut
849 2188 1001 2256 ancillam
1023 2189 1174 2268 alienam,

66 2275 141 2336 loco
162 2273 317 2358 pignoris¹
333 2272 493 2348 tenuerit,
515 2283 547 2334 et
573 2275 695 2334 furtum
721 2281 776 2332 aut
797 2273 965 2351 damnum,
992 2283 1049 2336 aut
1072 2272 1175 2333 homi·

68 2356 207 2433 cidium,
232 2366 287 2416 aut
312 2354 482 2437 quodlibet
505 2355 625 2416 malum
650 2355 785 2432 fecerit,
811 2376 876 2416 non
908 2363 1078 2438 reputetur
1102 2377 1175 2439 pro·

65 2438 138 2523 prio
163 2438 293 2501 domino
323 2459 399 2515 suo,
439 2435 501 2497 nisi
529 2438 576 2515 ei,
613 2437 671 2517 qui
702 2457 776 2497 eum
800 2437 958 2509 tenuerit3
986 2438 1063 2520 quia
1084 2449 1174 2520 post-

65 2543 163 2604 quam
188 2542 261 2580 enm
281 2541 339 2601 pro
362 2519 470 2581 debito
493 2541 551 2580 suo
577 2518 838 2601 comprehendit,
871 2519 917 2582 sic
941 2520 1102 2581 custodire
1120 2521 1175 2580 de·

64 2603 154 2681 buit,
184 2611 222 2662 ut
248 2603 382 2686 aliquod
408 2603 529 2662 malum
554 2603 661 2664 facere
696 2623 762 2664 non
792 2611 906 2684 posset.
948 2598 983 2664 Si
1004 2624 1081 2664 vero
1117 2623 1173 2661 an-

65 2687 143 2748 cilla
167 2685 285 2763 fuerit,
319 2695 351 2746 et
378 2706 452 2747 cum
485 2707 521 2747 ea
545 2684 631 2766 ipse,
664 2684 720 2764 qui
752 2683 838 2766 cepit
864 2684 1002 2766 pignus,
1029 2694 1084 2746 aut
1110 2704 1175 2746 ser·

63 2791 123 2830 vus
137 2768 205 2829 eius
221 2767 460 2845 adulteraverit,
490 2775 563 2826 ante
579 2775 701 2848 tempus
719 2789 816 2846 supra
835 2766 1059 2842 constitutum,
1084 2765 1174 2848 quod

65 2872 162 2932 supra
192 2851 416 2933 proposuimus
447 2850 487 2911 dc
512 2848 615 2910 XXX.
648 2849 700 2910 vel
728 2847 798 2916 LX.
832 2849 963 2926 diebus,
1002 2853 1174 2930 componat

66 2933 260 2994 adulterium
296 2934 400 3015 ipsum
429 2931 559 3015 proprio
593 2930 749 3007 Domino,
787 2931 878 2993 cuius
910 2932 1031 2993 ancilla
1064 2930 1172 2992 fuerit.

65 3015 144 3077 Post
170 3015 378 3078 coustitutum
400 3035 476 3076 vero
496 3012 592 3074 XXX
610 3013 662 3075 vel
686 3013 751 3073 LX.
774 3015 899 3075 dierum
920 3015 1057 3096 spatium
1074 3012 1115 3074 sit
1136 3012 1170 3071 iu

65 3104 221 3178 potestate
242 3097 329 3176 eins,
364 3097 423 3178 qui
444 3095 643 3180 pignoravit,
675 3095 702 3156 si
733 3095 818 3180 ipse,
849 3094 941 3158 cuius
970 3097 1087 3174 fuerit,
1117 3114 1172 3156 re·
1213 3111 1216 3120 ·

66 3176 222 3259 colligere
247 3179 435 3260 neglexerit.
492 3180 534 3244 11.
554 3199 602 3238 21.
624 3177 673 3240 26.

66 3292 116 3354 Dc
138 3313 249 3371 servo,
292 3305 346 3354 aut
368 3291 505 3354 Aldione
533 3292 819 3434 perdconludium,
849 3305 1016 3378 componat
1040 3293 1166 3376 ipsum,

497 3377 566 3434 uasi
619 3396 634 3434 1
676 3388 757 3437 urto.

150 3454 234 3528 CXI.
274 3458 423 3530 (LVIII.)
463 3373 1172 3539 81(111111111111111111111111111111111111111

67 3537 246 3602 colludium
265 3539 535 3622 comprehendere
556 3539 797 3620 praesumserit,
821 3537 980 3599 dicendo.
1007 3540 1096 3621 quod
1118 3561 1170 3600 su·

65 3643 126 3706 per
145 3623 268 3683 furtum
289 3643 382 3682 suum
409 3620 720 3702 comprehendisset,
748 3629 802 3680 aut
822 3620 917 3682 tacite
948 3621 981 3681 in
1002 3632 1092 3683 curte
1114 3643 1171 3682 sua

66 3705 171 3766 noctis
191 3715 334 3786 tempore
351 3703 543 3781 invenisset,
576 3713 608 3763 et
634 3701 812 3763 colludium
843 3703 946 3785 ipsum
974 3705 1170 3788 apparuerit,

65 3797 100 3848 et
121 3797 208 3849 certa
232 3787 348 3848 veritas
368 3785 469 3847 fuerit
499 3787 687 3866 approbata,
709 3795 880 3866 componat
902 3785 986 3869 ipse,
1020 3786 1170 3868 quicum

63 3869 208 3953 pertale
239 3868 418 3930 colludium
446 3868 688 3950 apprehendere
718 3870 983 3950 praesumpserit,
1022 3869 1052 3930 ei
1077 3869 1170 3930 cuius

64 3953 165 4013 fuerit
190 3973 319 4030 servus,
342 3961 397 4011 aut
421 3952 542 4026 aldius,
563 3961 719 4030 quantum
739 3953 806 4031 ipse
828 3971 1020 4032 componere
1046 3951 1168 4011 dehue-

64 4042 132 4112 rat,
157 4035 183 4095 si
206 4035 329 4117 absque·
345 4033 488 4096 colludio
510 4042 542 4093 et
566 4033 679 4093 fraude
699 4053 771 4094 curn
794 4032 1105 4113 comprehendisset;
1135 4031 1168 4092 id

65 4117 114 4176 111
140 4117 262 4177 furtum
292 4117 412 4199 ipsum,
445 4115 533 4198 quod
552 4114 744 4196 quaerebat,
775 4114 809 4174 in
832 4115 963 4196 octogilt
987 4123 1168 4198 componat,

65 4209 99 4263 et
114 4199 306 4284 proillicita
320 4198 576 4284 praesumptione
598 4207 767 4281 componat
791 4197 883 4264 solid.
902 4199 967 4261 XL.
1007 4199 1049 4261 Et
1073 4198 1101 4262 si
1126 4197 1167 4263 do
