2648 4874
276 279 380 334 caera
397 273 685 334 wincoruocun
704 278 774 336 arr.
790 279 936 338 namu
954 279 1007 337 rr»
1122 263 1201 343 Μ

91 419 213 492 mulieri
229 418 346 503 procul
363 417 461 480 dubio
474 419 690 494 profuturam,
710 428 743 480 et
759 419 800 481 de
813 419 910 485 rebus
920 421 1065 486 ciusdem
1082 427 1197 493 mulie·

91 512 129 570 ris
148 505 233 564 nihil
257 523 290 562 se
313 501 497 561 habiturum
518 521 586 562 esse
609 512 789 582 cognoscat.
829 503 894 565 Sed
914 507 1075 588 quidquid
1097 512 1196 574 etiam

89 593 126 652 de
146 586 303 647 facultate
326 584 423 665 ipsius
445 583 588 643 mulieris
609 587 663 644 sel
685 583 841 646 alienasse
871 587 926 648 vel
958 591 1123 654 fraudasse
1144 595 1197 656 di·

88 670 249 743 noscitur,
284 667 323 727 ad
346 669 503 746 integrum
523 665 735 747 distringente
754 666 862 728 indice
884 670 1015 731 mulieri
1037 675 1199 740 restituat,

87 753 184 832 Quod
205 751 232 812 si
255 750 373 810 mulier
393 747 451 809 sub
480 759 567 808 metu
596 749 656 810 riri
686 749 738 810 sui
766 751 961 831 consistens,
996 772 1197 840 quoeunque

87 841 277 918 argumento
298 851 444 914 persuasa
466 830 534 891 sive
562 830 714 913 decepta,
748 831 888 913 aliquam
915 835 956 896 de
985 836 1052 898 suis
1085 839 1196 920 rebus,

87 918 120 979 in
142 915 276 977 nornine
298 915 386 974 illins
407 913 469 974 riri
500 912 557 995 qui
584 935 654 974 cam
681 914 857 996 relinquit,
895 917 1085 1001 scripturum
1115 945 1197 986 cona

86 996 272 1082 scripserit,
301 995 486 1058 huiusmodi
514 996 671 1077 scriptura
700 998 824 1060 unllam
850 999 985 1060 somnino
1009 1000 1197 1071 firmitatem

85 1081 236 1143 babebit:
259 1079 316 1141 sed
335 1077 503 1154 universa,
534 1099 616 1173 quae
631 1099 690 1161 per
708 1079 843 1141 eandem
864 1082 1055 1167 scripturam
1077 1087 1197 1152 mulier

86 1165 238 1243 dederat,
260 1161 325 1224 iuri
340 1183 399 1224 suo
414 1171 603 1244 perenniter
626 1160 812 1229 vindicabit.

378 1275 422 1342 ΙΙ.
451 1297 521 1341 nov.
542 1297 617 1337 auu.
638 1297 698 1342 ras.
720 1299 805 1340 cans.
826 1299 897 1342 arx.

341 1392 389 1454 Ne
410 1393 494 1453 inter
512 1391 657 1472 coniuges
680 1391 849 1454 divortium
858 1392 937 1479 fiat.

170 1476 208 1540 Si
223 1475 360 1540 alienam
378 1475 549 1555 coniugem
564 1475 704 1553 violare,
726 1495 778 1536 res
799 1476 869 1538 sine
885 1477 1021 1540 crimine
1039 1499 1105 1540 nou
1123 1467 1194 1542 εειἶ

87 1571 211 1646 quanto
229 1559 326 1642 magis
345 1559 434 1619 illam
452 1566 679 1636 contemnere,
701 1577 796 1638 quam
811 1570 923 1641 sponte
940 1583 996 1622 sua
1016 1561 1195 1644 unusquis*

87 1667 156 1726 que
166 1642 392 1726 possidendam
402 1638 531 1701 sortitus
549 1649 605 1701 est.
648 1640 733 1718 Quia
749 1662 824 1724 ergo
838 1642 1008 1724 plerosque
1022 1652 1086 1702 tam
1100 1667 1195 1726 prae·

87 1727 204 1810 capitas
226 1725 322 1785 habet
354 1723 405 1784 vel
428 1743 535 1782 rerum
561 1722 793 1802 ambitio,.vel
824 1724 973 1786 effrenata
997 1724 1098 1786 libido
1108 1771 1118 1801 ,
1156 1751 1175 1788 u

86 1810 227 1892 quadarn
241 1806 365 1883 fraude,
387 1804 577 1886 coningibus
594 1805 659 1866 suis
672 1805 803 1891 spretis,
824 1805 902 1868 alias
921 1807 1093 1870 rideantur
1113 1812 1196 1872 nso'

86 1913 138 1956 rec
162 1899 332 1974 appetere,
353 1887 589 1948 constitutionis
609 1887 707 1951 buius
729 1899 776 1952 est
796 1888 985 1969 perenniter
1006 1892 1105 1954 forma
1127 1896 1192 1958 serf

89 1975 211 2036 venda:
256 1981 292 2032 ut
312 1971 421 2030 nullus
441 1969 602 2048 virorum,
628 1981 761 2054 excepta
781 1969 948 2032 manifesta
968 1965 1194 2036 fornicationis

88 2077 217 2134 caussa,
251 2075 386 2115 uxorem
412 2073 501 2114 suam
527 2052 702 2133 aliquando
731 2052 916 2132 relinquat,
949 2063 982 2116 et
1004 2075 1112 2137 neque
1135 2045 1198 2139 pcr

87 2147 223 2214 testem,
254 2157 359 2218 nequa
377 2155 436 2218 per
457 2134 666 2216 scripturam,
700 2134 767 2198 sire
792 2135 852 2196 sub
874 2155 1071 2219 quocunque
1097 2155 1195 2221 argu·

88 2228 220 2291 mento,
243 2220 349 2279 facere
372 2217 548 2278 divortium
563 2215 649 2278 inter
669 2239 702 2280 se
719 2227 752 2279 et
768 2239 858 2280 susim
871 2218 1044 2302 coniugem
1067 2221 1193 2284 audeat·

89 2303 153 2365 Sed
177 2301 204 2363 si
240 2300 417 2362 adulteram
443 2299 575 2362 maritus
605 2299 724 2362 dixerit
754 2302 886 2361 fortasse
918 2303 1194 2384 redarguendamr

88 2386 178 2445 iuxta
197 2383 304 2464 legem
326 2383 441 2460 aliam,
475 2381 543 2442 eius
564 2382 693 2464 publice
718 2383 840 2446 scelere
859 2384 1091 2468 comprobato,
1108 2407 1126 2445 a
1143 2386 1196 2446 iu-

88 2467 161 2528 dice
182 2466 243 2527 sibi
263 2465 405 2526 faciendi
418 2465 457 2526 de
477 2485 514 2525 ea
526 2465 614 2545 quod
633 2465 788 2543 voluerit,
810 2463 851 2527 sit
868 2462 919 2528 illi
929 2477 1079 2564 potestas.
1116 2466 1195 2530 Cer-

87 2559 120 2611 te
134 2549 161 2610 si
176 2547 396 2609 conversionis
413 2547 453 2608 ad
469 2546 634 2608 dominum
645 2549 792 2610 voluntas
808 2547 970 2627 extiterit,
991 2571 1194 2612 communem

89 2651 252 2692 assensum
265 2630 328 2692 riri
345 2630 470 2690 seilicet
483 2638 515 2691 et
528 2629 673 2691 mulieris
686 2631 834 2692 sacerdos
848 2629 1018 2693 evidenter
1027 2643 1194 2716 agnoscat:

89 2723 128 2774 ut
158 2713 250 2772 uulla
272 2712 478 2796 postmodum
503 2711 641 2774 cuilibet
663 2733 778 2774 eorum
804 2711 844 2774 ad
868 2714 1072 2797 coniugalem
1099 2717 1196 2776 aliam

87 2796 241 2876 copulam
270 2793 457 2857 revertendi
487 2794 650 2856 excusatio
677 2793 865 2857 intercedat.
920 2797 1018 2876 Quod
1044 2798 1071 2860 si
1102 2798 1196 2860 aliter

85 2879 227 2962 quisque
251 2896 386 2939 uxorem
416 2899 504 2939 suam
534 2897 705 2958 spernens,
734 2897 961 2961 quamcunque
985 2880 1195 2942 calliditatem

84 2961 320 3042 scripturarum
351 2959 390 3019 ab
420 2981 457 3020 ea
493 2959 555 3021 sibi
583 2958 713 3041 suisque
742 2960 959 3043 voluptatibus
992 2963 1195 3045 profuturam

86 3043 250 3124 exegerit,
284 3063 349 3101 non
378 3041 484 3102 solum
516 3040 578 3100 tale
606 3041 771 3103 vinculum
803 3043 1000 3125 quaudoque
1030 3055 1195 3128 repertum

83 3127 208 3202 fuerit,
240 3124 323 3184 nihil
348 3125 481 3185 omnino
502 3122 660 3185 firmitatis
679 3123 825 3186 habebita
855 3125 912 3188 sed
934 3125 1045 3188 eadem
1065 3128 1194 3204 mulier,

85 3219 150 3269 tam
171 3207 358 3268 facultatem
379 3228 485 3283 suam,
513 3203 609 3288 quam
637 3205 744 3270 dotem
771 3207 811 3268 ab
838 3205 908 3288 ipso
927 3207 998 3269 viro
1020 3219 1193 3292 acceptam,

85 3289 147 3353 sibi
168 3290 203 3348 in
225 3288 372 3350 omnibus
384 3289 579 3351 vindicabit:
610 3297 642 3349 et
665 3289 691 3350 si
717 3288 798 3373 quid
818 3289 907 3350 aliud
925 3291 1087 3352 facultatis
1108 3293 1195 3352 eius·

85 3375 160 3434 dem
189 3371 318 3454 pessimi
346 3370 407 3432 viri
434 3373 550 3451 fuerit,
583 3371 709 3434 cunctis
735 3393 847 3433 eorum
869 3371 945 3434 filiis
970 3373 1010 3434 ad
1031 3375 1193 3456 integrum

84 3453 274 3539 pertinebit.
325 3454 423 3531 Quod
446 3447 473 3514 si
494 3466 549 3516 aut
569 3476 753 3516 communes
774 3451 858 3530 filii,
891 3463 946 3514 aut
967 3456 1110 3518 eiusdem
1131 3455 1196 3518 viri

85 3558 129 3598 ex
150 3535 303 3618 coniugio
322 3536 529 3618 praecedenti
551 3559 615 3598 non
638 3535 782 3607 fuerint,
806 3535 987 3598 unirersam
1005 3539 1069 3599 viri
1089 3540 1195 3600 facul-

84 3629 184 3682 tatem
201 3619 329 3696 mnlier,
351 3639 432 3700 quae
455 3640 512 3701 per
533 3619 711 3699 nequitiam
731 3618 820 3679 illius
842 3640 859 3678 a
880 3618 1033 3702 coniugio
1053 3621 1195 3682 resoluta

86 3710 151 3778 est,
174 3702 401 3761 incunctanter
420 3702 540 3782 poterit
554 3701 713 3766 obtinere.
752 3702 794 3762 Et
808 3699 891 3761 hanc
907 3701 1124 3764 causationem
1141 3705 1196 3766 vel

85 3784 341 3859 accusationem,
379 3781 406 3842 si
434 3783 603 3846 mulierem
633 3782 815 3844 constiterit
833 3783 966 3844 fortasse
993 3784 1191 3865 defunctam,

86 3867 156 3928 eius
176 3865 237 3926 filii
258 3865 292 3924 in
315 3865 537 3946 cuiuscunque
554 3867 720 3928 voluerint
732 3864 937 3949 proponendi
954 3865 1078 3929 iudicio
1094 3869 1195 3931 lieen-

85 3949 162 4008 tiam
182 3949 324 4008 habituri
340 3957 428 4009 sunt:
453 3958 489 4008 ut
508 3958 637 4030 reperto
659 3949 716 4009 tali
736 3947 871 4010 crimine
890 3947 940 4009 vir
957 3947 1072 4029 utique
1094 3950 1193 4013 huius

85 4031 235 4106 sceleris,
266 4028 458 4112 istinslegis
477 4030 842 4101 mulctetursententia;
870 4038 902 4091 et
928 4030 1077 4092 omnibus
1105 4032 1193 4111 filiis,
1281 4066 1283 4069 ·

86 4133 144 4174 seu
161 4136 203 4175 ex
224 4115 338 4175 eodem
350 4107 420 4197 pari
439 4113 609 4196 coniugio,
633 4113 698 4174 sire
714 4134 755 4174 ex
776 4109 983 4194 praecedenti
1000 4113 1101 4196 ipsius
1120 4114 1194 4192 riri,

87 4205 123 4257 ut
146 4197 304 4278 diximus,
335 4195 530 4282 procreatis,
558 4195 737 4280 aequaliter
758 4194 895 4258 facultas
919 4194 989 4260 eius
1017 4195 1195 4274 obtinenda
