2648 4874
140 253 221 339 stt
400 279 506 338 areis
523 237 821 352 wtsteorttonnn
832 285 897 340 ars.
915 285 953 340 u.
978 285 1051 346 rin
1069 289 1093 349 r.

139 423 292 494 huuo‘de
309 422 376 488 vita
400 443 459 489 sua
486 443 553 485 non
576 422 747 486 humiliter
772 433 804 486 et
826 423 962 489 silenter
982 425 1157 500 idmonere
1173 447 1251 514 pro·

100 533 101 538 ¹
141 515 253 588 curet,
285 507 341 570 sed
359 505 437 566 huic
456 506 594 590 superbe
610 514 644 568 et
664 508 898 570 contumeliose
917 509 1074 574 insultare
1089 519 1252 596 pertemp-

139 599 205 668 tet,
241 591 311 653 sire
332 588 430 651 etiam
453 587 488 648 in
511 589 752 652 detrectationis
779 589 849 651 eius
867 591 1063 672 ignominia,
1085 593 1194 678 turpia
1220 603 1253 658 et

138 672 298 734 iniuriosa
321 680 519 754 praesumats
550 673 578 733 si
614 693 655 734 ex
685 672 849 733 nobilibus
880 673 1072 757 idoneisque
1103 677 1251 758 personis

138 755 257 834 fuerit,
282 753 353 816 sire
381 754 425 816 sit
445 752 633 836 religiosus,
655 753 720 817 sive
743 756 838 818 etiam
865 755 966 817 laicus
999 779 1075 819 mox
1103 758 1251 821 detectus

136 837 237 900 fuerit
259 845 293 900 et
310 836 476 912 inuentus,
498 837 663 900 dimidiam
680 838 825 900 omnium
845 857 954 900 rernm
973 861 1103 902 suarum
1126 850 1252 924 partem

140 921 279 998 amittet,
303 914 425 1003 deque
451 918 538 980 idem
561 919 717 1003 Princeps
737 920 896 997 faciendi,
927 922 1014 1004 quod
1036 922 1098 984 sibi
1120 924 1251 1006 placue-

139 1002 204 1080 rit,
224 1010 414 1087 potestatem
436 1000 589 1066 obtineat.
641 1001 721 1064 Nam
746 1003 772 1068 si
797 1001 837 1063 de
859 1002 1030 1066 vilioribus
1061 1005 1249 1069 humiliori-

138 1084 265 1170 busque
287 1084 433 1168 personis
458 1084 578 1164 fuerit,
607 1093 662 1146 eut
684 1094 771 1147 certe
798 1105 896 1166 quem
917 1086 1010 1146 nulla
1031 1086 1171 1170 dignitas
1190 1110 1249 1151 ex·

71 1205 73 1210 ·
141 1167 284 1241 ornarit,
313 1167 403 1252 quod
428 1165 469 1228 de
497 1165 575 1246 illo,
599 1166 653 1229 vel
680 1168 719 1228 de
742 1167 839 1228 rebus
861 1167 931 1231 eIus
960 1168 1115 1253 Princeps
1140 1170 1251 1234 volue-

138 1249 200 1326 rit,
223 1248 388 1310 iudicandi
409 1248 575 1311 licentium
593 1248 751 1316 habebit·
774 1249 881 1311 Simili
906 1269 1038 1333 quoque
1064 1262 1249 1336 praecepto,

140 1332 295 1394 defuncto
316 1331 412 1393 etiam
431 1330 586 1414 Principi
599 1354 712 1394 ausum
736 1343 916 1415 opportune
943 1333 1166 1400 interdicimus
1192 1335 1250 1396 de-

139 1413 300 1481 trahendi.
358 1415 523 1478 Incassum
555 1416 676 1476 etenim
705 1414 732 1476 is
759 1416 818 1496 qui
856 1413 940 1477 vivit
975 1415 1185 1480 detractionis
1214 1417 1248 1479 iu

139 1496 330 1559 defunctum
356 1496 460 1558 iacula
483 1495 600 1572 mittit,
621 1519 696 1559 cum
721 1497 784 1557 iam
809 1497 981 1561 defunctus
1009 1519 1070 1562 nee
1089 1497 1250 1562 constitu·-

137 1578 418 1656 tionibusimbui,
443 1599 505 1639 uec
529 1579 807 1662 increpationibus
824 1581 925 1664 possit
943 1581 1044 1663 argui.
1086 1582 1151 1647 Sed
1171 1580 1249 1664 quie

137 1681 199 1743 pro
225 1671 314 1723 certo
339 1661 428 1722 illins
452 1661 576 1722 insania
597 1662 790 1739 innotescit,
817 1663 877 1746 qui
895 1664 1012 1730 frustra
1038 1663 1072 1724 in
1093 1684 1158 1725 non
1179 1685 1250 1726 sen-

137 1745 275 1810 tientem
296 1743 503 1807 detractionis
521 1744 617 1806 rerba
638 1744 842 1817 transmittit,
865 1744 941 1808 ideo
962 1745 1048 1808 idem
1067 1767 1251 1830 praesumpr.

138 1835 191 1887 tor
221 1827 259 1893 L.
281 1826 674 1909 verberibusvapulebit,
697 1836 730 1890 et
753 1827 1007 1911 praesumptioni
1028 1849 1104 1890 suae
1130 1849 1250 1911 oppor-

138 1917 219 1971 tuna
253 1908 386 1971 silentia
417 1909 520 1986 dabit,
548 1918 710 1972 reservata
737 1909 863 1973 cunctis
892 1911 953 1972 hec
985 1909 1114 1993 plenius
1148 1911 1249 1978 libers

139 1999 223 2070 tate,
251 2001 288 2053 ut
310 1993 463 2075 Principe
483 2002 548 2053 tem
569 1993 757 2074 superstite,
786 2015 882 2074 quam
895 2001 1041 2070 mortuo,
1062 1995 1158 2056 licent
1182 1991 1251 2053 uni·

139 2074 260 2157 cuique
286 2097 345 2160 pro
377 2075 515 2158 negotiis
543 2096 580 2138 ac
603 2074 699 2136 rebus
722 2076 885 2155 omnibus,
923 2085 955 2145 et
980 2075 1072 2157 loqui
1093 2077 1182 2156 quod
1208 2075 1251 2140 ad
1296 2140 1298 2147 ,

139 2177 281 2223 caussam
307 2158 467 2240 pertinet,
493 2165 530 2218 et
559 2159 756 2222 contendere
777 2158 861 2220 sicut
881 2158 996 2229 decet,
1033 2167 1066 2220 et
1093 2158 1250 2222 indicium

138 2240 317 2321 promereri
339 2241 426 2323 quod
447 2239 552 2308 debet.
595 2240 643 2300 Ita
672 2240 759 2301 enim
782 2261 905 2324 ponere
932 2239 1068 2306 nitimur
1089 2239 1249 2316 humanae

137 2320 548 2470 reserefitiamdignitati,
576 2331 613 2385 ut
640 2321 790 2388 devotius
815 2343 945 2396 seruere
963 2321 1137 2409 probemur
1155 2321 1250 2389 iuste

138 2402 218 2472 tiam
277 2403 319 2468 ei.
907 2429 909 2434 ·
948 2445 951 2450 ι

505 2515 566 2588 IX.
607 2542 670 2602 rus,
693 2541 777 2586 cros.
817 2541 886 2582 anx.

250 2707 254 2711 .
330 2637 381 2702 Dc
412 2638 541 2700 remotis
565 2636 740 2701 alienorum
764 2637 903 2716 gentium
929 2633 1057 2715 tegibus

220 2717 357 2781 Alienae
375 2719 480 2802 gentis
505 2719 632 2800 legibus
655 2720 695 2781 ad
719 2719 910 2780 exercitium
931 2715 1078 2780 utilitatis
1100 2714 1202 2785 imbui
1218 2725 1253 2780 et

137 2801 369 2884 permittimus,
397 2811 430 2864 et
449 2811 611 2884 optamuss
643 2802 683 2862 ed
704 2804 910 2883 negotiorum
922 2821 999 2862 vero
1019 2798 1252 2868 discussionem

139 2893 171 2947 et
192 2884 384 2946 resultamus
406 2894 438 2946 et
463 2883 682 2962 prohibemus.
725 2883 877 2962 Quamvis
906 2883 995 2950 enini
1021 2881 1159 2962 eloquiis
1181 2883 1251 2963 pol·

138 2963 246 3039 iennt,
279 2975 385 3029 tamen
412 2967 653 3037 difficultatibus
675 2965 827 3026 haerent:
855 2966 936 3028 adeo
959 2985 1031 3032 cum
1054 2963 1191 3024 sufficiat
1210 2963 1252 3022 ad

138 3047 278 3118 iustitiae
303 3047 560 3134 plenitudinem,
589 3059 622 3111 et
650 3046 866 3132 perscrutatio
898 3046 1083 3126 rationum,
1110 3054 1143 3112 et
1174 3066 1251 3108 eon·

136 3130 320 3214 petentium
337 3133 416 3200 ordo
436 3133 626 3211 verborum,
648 3152 731 3212 quae
758 3130 881 3202 codieis
903 3128 999 3197 huius
1026 3127 1126 3190 series
1141 3147 1254 3208 ugnos·

139 3215 226 3285 citur
247 3215 433 3290 continere,
465 3216 616 3276 nolumus
637 3215 703 3276 sive
732 3213 882 3277 Romanis
909 3210 1066 3293 legibus„
1081 3209 1149 3273 aire
1175 3208 1253 3272 alie*

139 3297 191 3359 nis
210 3296 469 3361 institutionibus
490 3297 605 3359 amodo
633 3296 771 3380 amplius
793 3295 980 3362 convexari.

411 3435 453 3497 X.
494 3457 567 3498 rior.
588 3455 705 3502 nnnsr.
726 3456 787 3500 rus.
808 3453 895 3499 rcus.
916 3453 985 3501 aar.

141 3557 190 3620 Ne
216 3565 350 3642 arrepto
376 3553 470 3615 talem
491 3551 624 3629 librum,
649 3549 752 3634 quotis
774 3551 824 3610 laio
851 3551 908 3632 qui
936 3567 1038 3631 nuper
1062 3559 1110 3610 est
1128 3545 1253 3625 editus,

374 3635 507 3702 alterum
534 3636 664 3718 quisque
689 3645 872 3718 praesumat
892 3631 1016 3697 habere.

223 3716 341 3779 Nullus
365 3740 495 3802 prorsus
516 3738 557 3778 ex
580 3715 728 3778 omuibus
745 3715 843 3797 regni
871 3712 991 3790 nostri,
1016 3719 1143 3795 praeter
1163 3711 1254 3780 hunc

139 3801 263 3868 librum
284 3802 345 3882 qui¹
372 3822 476 3884 nuper
507 3799 630 3878 editus,
673 3809 768 3879 atque
801 3795 981 3858 secundum
1006 3795 1123 3856 seriem
1155 3794 1257 3858 buius

140 3885 259 3954 amodo,
277 3885 469 3950 translatum
495 3881 615 3946 librum
641 3880 740 3948 aliurn
760 3881 870 3963 legum
890 3899 949 3959 pro
974 3897 1171 3959 quoeunque
1199 3899 1254 3938 ne·

140 3969 232 4050 gotio,
249 3967 352 4035 iudici
375 3966 489 4034 offerre
513 3971 693 4046 pertentett·
714 3965 802 4045 quod
823 3963 850 4038 si
863 3960 1130 4046 praesumpserit,
1151 3961 1255 4026 XXX.

139 4052 238 4113 libras
263 4052 332 4116 euri
350 4051 426 4111 fiseo
442 4047 610 4131 persolvat.
652 4047 754 4108 Iudex
771 4066 902 4126 quoqne
925 4042 951 4104 si
978 4043 1113 4110 vetitum
1134 4042 1256 4112 librum

139 4135 202 4198 sitii
237 4143 349 4218 postes
372 4131 517 4196 oblatum
546 4129 747 4210 disrumpere
775 4130 908 4188 fortasse
941 4123 1121 4203 distulerit,
1160 4147 1256 4207 praes

142 4218 249 4282 dietae
278 4212 514 4302 dampnationis
549 4212 722 4298 dispendio
751 4208 954 4279 subiacebit·
994 4206 1076 4277 lllos
1103 4216 1209 4276 tamen
1237 4229 1256 4296 {⁸
