2684 4868
153 265 227 343 588
344 285 449 343 caess
467 285 760 343 vusreoruouuu
786 285 852 340 us.
871 287 951 348 vsu.
968 291 1042 347 r1r.
1061 293 1108 347 ιν.

150 411 238 513 gellu¹
254 411 425 512 suscipiet,
455 425 618 510 Ingenuus
640 445 717 488 vero
747 425 894 510 quinque
925 427 1045 491 solidos
1066 431 1130 499 det,
1190 438 1270 502 Nam

149 512 341 576 si'eundem
363 509 494 592 dampni
517 511 688 571 commovit
710 510 847 589 iniuria,
869 519 905 570 ut
926 533 1001 572 eum
1022 515 1185 581 occideret
1213 532 1271 585 aut

150 593 356 672 debilitaret,
396 592 540 677 pretium
567 593 702 676 pecudis
730 602 785 654 aut
812 593 959 656 animalis
985 597 1139 662 reddatur
1166 607 1267 670 occisi

148 679 203 741 vel
225 675 401 767 debilitati,
437 685 471 738 et
492 674 577 738 nihil
596 677 738 762 patiatur
760 675 909 744 iniuriae.

588 822 648 892 1x.
690 845 838 901 auricus.

270 920 390 1015 aiissbos
416 939 538 1004 alienus
565 942 634 1004 sine
655 937 779 1004 domini
806 943 963 1005 voluntate
990 945 1138 1032 operibus

214 1094 217 1103 ¹
235 1077 240 1092 .
614 1022 804 1104 subiugetur.

159 1101 162 1108 ⁵
231 1101 267 1175 Si
289 1105 361 1192 quis
381 1105 499 1169 bovem
520 1106 665 1170 alienum
687 1105 831 1168 iunxerit
850 1106 920 1171 sine
943 1110 1143 1173 conscientia
1164 1111 1266 1174 domi-

147 1184 261 1278 nius&
280 1190 321 1253 ad
341 1189 467 1286 aliquid
488 1189 735 1268 carricandum,
763 1190 830 1253 sive
858 1213 916 1274 pro
937 1193 1105 1256 voluntate
1133 1217 1192 1256 sua
1212 1215 1266 1258 re-

146 1266 342 1353 tinendum,
372 1271 517 1336 eiusdem
537 1271 648 1337 meriti
669 1293 744 1336 cum
766 1294 805 1336 eo
826 1271 927 1336 alium
948 1275 1082 1340 domino
1101 1278 1227 1347 reddat.

591 1425 629 1488 X
678 1439 828 1500 armona.

152 1543 192 1606 Si
222 1543 452 1626 qualiacunque
490 1539 641 1601 animalia
672 1539 776 1599 aliena
809 1539 933 1600 tuturis
960 1561 1053 1602 areae
1073 1539 1264 1624 fatigentur.

232 1626 266 1685 Si
288 1625 361 1710 quis
381 1623 543 1686 caballum
565 1629 621 1682 aut
641 1620 731 1681 aliud
747 1622 965 1705 quodcunque
982 1624 1101 1684 animal
1123 1627 1267 1686 alienum

146 1707 185 1770 lu
206 1727 311 1769 aream
333 1708 476 1784 miserit,
518 1725 578 1789 par
597 1703 726 1785 singula
755 1705 860 1787 capita
881 1707 1028 1789 singulos
1048 1707 1170 1770 solidos
1192 1711 1266 1770 red-

146 1791 220 1853 dat:
261 1800 295 1852 et
323 1793 349 1853 si
371 1811 432 1874 per
457 1790 543 1852 hanc
570 1787 773 1848 occasionem
803 1790 921 1850 animal
951 1800 1115 1851 mortuum
1143 1793 1266 1869 fuerit,

147 1863 289 1936 s'lllidum
309 1875 440 1954 reddat,
476 1882 507 1936 et
533 1869 680 1934 eiusdem
699 1868 807 1932 meriti
834 1872 954 1934 animal
977 1871 1109 1936 domino
1131 1885 1266 1958 cogatur

147 1955 324 2047 eisolvere.
1255 1969 1259 1976 '

579 2069 641 2136 XI.
682 2093 831 2150 narseus.

181 2216 195 2233 ·›
222 2183 226 2238 ἶ
259 2187 300 2249 Si
321 2205 418 2272 pecus
446 2185 563 2268 absque
589 2186 728 2271 dampno
755 2187 974 2248 inclusarum·
996 2185 1152 2254 mittatur.

151 2285 156 2298 ¹
213 2270 295 2349 Qui
320 2270 440 2351 absque
461 2269 572 2351 aliquo
594 2270 734 2353 dampno
764 2269 928 2332 inclusum
953 2290 1052 2351 pecus
1082 2270 1259 2333 detinuerit

145 2350 307 2432 alienum,
330 2353 357 2414 si
383 2355 502 2414 'servus
523 2353 587 2415 hoc
606 2353 772 2416 nesciente
796 2353 928 2416 domino
956 2352 1091 2430 fecerit,
1121 2362 1258 2415 tantum-

144 2435 241 2494 modo
262 2435 475 2518 quadragiuta
495 2433 577 2498 ictus
606 2435 745 2520 accipiat
772 2433 982 2519 flagellorum.
1035 2436 1069 2496 Si
1097 2436 1259 2520 ingenuus

144 2517 265 2594 fuerit,
302 2539 363 2600 per
393 2517 459 2578 duo
481 2519 585 2600 capita
614 2522 793 2581 tremissem
823 2536 942 2596 unum,
980 2515 1011 2576 ei
1038 2518 1131 2579 cuius
1161 2540 1259 2604 pecus

142 2596 409 2678 inlitisum'est,
438 2610 573 2681 cogatur
598 2603 775 2665 exsolvere.
826 2598 924 2679 Quod
950 2597 977 2658 si
999 2619 1041 2660 ex
1061 2600 1139 2682 ipsis
1161 2623 1258 2686 peco-

143 2681 234 2764 ribus
256 2681 382 2763 aliquid
403 2679 608 2744 debilitatum
639 2694 695 2746 aut
714 2694 879 2747 mortuum
898 2680 1017 2761 fuerit,
1048 2681 1139 2746 iuxta
1162 2707 1258 2770 supe-

144 2763 388 2847 rlo'rem'legem
409 2766 598 2850 compositio
620 2765 685 2834 fiat.

571 2881 645 2950 Xll.
666 2902 815 2960 surmus.

148 3021 150 3024 ·
206 2995 248 3059 ui
274 2995 394 3056 enimsi
415 2999 587 3083 cuicunque
605 2997 712 3080 faciat
738 2999 944 3082 quodcunque
976 2999 1193 3084 dampnosum.

226 3077 262 3140 Si
290 3079 514 3163 cuiuscunque
529 3084 712 3166 quadrupes
730 3084 856 3166 aliquid
871 3084 986 3146 fecerit
998 3085 1130 3146 fortasse
1148 3082 1255 3166 damp-

142 3181 275 3240 nosum,
309 3162 344 3222 iu
376 3165 499 3226 domini
534 3174 691 3248 potestate
727 3166 900 3243 consistat,
931 3178 1041 3229 utrum
1070 3166 1255 3250 quadrupe·

140 3244 215 3306 dem
232 3246 371 3307 noxium
391 3248 512 3322 tradat,
535 3270 575 3307 au
598 3248 630 3309 ei
650 3248 709 3331 qui
730 3250 904 3333 dampnum
924 3250 1075 3333 pertulit,
1110 3251 1164 3312 rel
1195 3247 1255 3309 ali-

140 3327 222 3410 quid
243 3329 372 3414 excepit
393 3327 518 3394 adversi
526 3375 537 3411 ,
569 3331 660 3394 iuxta
690 3331 808 3396 iudicis
838 3332 1096 3396 aestimationem
1122 3353 1256 3417 compo·-

137 3421 223 3477 nats
1133 3453 1135 3460 ·

553 3517 648 3583 XIII.
690 3541 838 3596 surinus.

131 3625 421 3716 1ᾧ·Ηφιριίειιηιμισ
457 3627 577 3690 animal
603 3647 786 3711 quacunque
822 3631 1027 3712 percussione
1069 3627 1256 3707 debilitetur

148 3763 207 3796 w,
238 3768 241 3777 ‚
566 3724 621 3771 aut
654 3709 826 3773 occidatur.

145 3851 160 3873 ,.
193 3792 256 3861 'Si
278 3793 351 3878 quis
384 3793 528 3856 alienum
556 3793 736 3854 iumentum
767 3793 981 3877 percusserit,
1016 3791 1061 3854 ita
1082 3800 1128 3868 ut⁸
1147 3789 1254 3853 debile

135 3852 318 3967 efficiatur,
337 3888 392 3939 aut
413 3873 453 3949 de
482 3879 550 3960 ipsa
570 3876 702 3939 fortasse
723 3877 929 3960 percussione
951 3887 1116 3942 mortuum
1136 3875 1254 3952 fuerit,

139 3957 196 4045 ille
219 3961 278 4044 qni
299 3961 476 4048 percussit,
507 3961 605 4020 alium
628 3959 772 4020 eiusdem
798 3961 902 4021 meriti
926 3959 1057 4022 dosuino
1079 3960 1255 4021 reformare

137 4027 291 4128 cogatur,
327 4048 358 4104 et
389 4042 481 4104 aliud
510 4042 617 4104 debile
639 4063 714 4104 suae
741 4043 886 4104 uindicet
914 4043 1072 4128 potestati.
1096 4039 1205 4126 ,Quod
1228 4039 1255 4101 si

137 4128 320 4208 iumentum
344 4147 410 4188 non
434 4126 601 4206 habuerit,
629 4124 770 4208 pretium
800 4125 890 4188 iuxta
918 4125 1173 4188 aestimationem
1196 4123 1278 4182 do·-

138 4206 386 4277 mino'iuineuli
404 4209 565 4288 restituat,
605 4208 649 4275 Et
676 4203 790 4280 similis
811 4210 911 4290 ordo,
940 4219 1006 4272 tam
1039 4209 1080 4272 de
1108 4207 1255 4285 caballo,
