2640 4838
4 361 8 372 Ι
122 261 196 336 730
497 277 662 335 amcrun
696 279 873 336 norman
918 285 921 290 ·

119 443 172 483 cas
194 419 272 502 iugo
293 415 427 481 domitas
445 416 667 503 pignoraverit
689 421 759 485 sine
781 419 922 485 iussione
941 420 1057 506 Regis,
1092 419 1159 484 sibi
1180 445 1238 485 uo-

119 501 339 568 numreddat.
402 500 566 570 11.21.6.

201 581 329 668 CCLV.
371 582 406 646 si
428 585 501 668 quia
523 586 581 646 alii
601 585 738 656 wadiam
757 586 904 662 dederit,
937 595 969 648 et
990 608 1059 647 eum
1082 587 1236 672 recipere

119 667 265 750 neglexit
294 688 353 749 per
383 665 626 746 fideiussorem,
663 679 696 732 et
725 671 811 752 apud
842 693 917 732 eum
951 673 1145 732 remanserit
1175 695 1239 744 una

119 759 227 830 nocte,
250 757 305 810 aut
326 749 463 830 duabus,
477 751 533 812 vel
553 753 668 832 tribus,
691 753 774 814 nihil
796 762 977 836 componat.
1020 754 1054 813 Si
1077 776 1236 817 remanse-

118 836 162 899 rit
184 842 324 916 quatuor
344 833 504 912 noctibus,
526 847 698 916 componat
718 833 838 897 solidos
861 835 1052 908 duodecim,
1070 837 1097 897 si
1115 859 1237 898 reman-

118 917 366 998 serit‘quinque
384 917 546 996 noctibus,
566 929 736 1000 componat
754 918 874 980 solidos
894 917 1014 985 xxiv,
1057 919 1093 982 Si
1115 943 1237 981 reman-

118 999 196 1064 serit
217 1021 274 1060 sex
306 999 477 1080 noctibus,
500 1008 672 1082 componat
700 1001 819 1064 solidos
848 999 1002 1062 xxxvl.
1054 1003 1100 1063 Et
1120 1006 1147 1065 si
1169 1004 1235 1080 ille,

117 1083 175 1168 qui
198 1105 270 1146 eam
289 1081 424 1143 wadiam
445 1085 618 1166 acceperit,
641 1105 713 1144 eam
732 1083 869 1146 reddere
892 1085 1074 1168 neglexerit
1088 1108 1147 1168 per
1162 1087 1235 1148 lide·

118 1168 291 1244 iussorem,
324 1173 356 1224 et
376 1165 462 1247 apud
483 1187 557 1226 eum
578 1167 779 1244 remanserit,
802 1165 848 1228 sic
869 1164 1050 1251 componat,
1072 1169 1236 1251 quomodo

117 1250 189 1330 ille,
212 1248 269 1330 qui
290 1246 426 1310 wadiam
447 1269 539 1308 suam
564 1250 708 1330 recipere
732 1249 922 1331 neglexerit,
965 1255 1083 1316 11.2=.
1113 1273 1160 1314 ro.

186 1349 267 1385 roam
302 1331 428 1382 Petrete
447 1331 569 1452 appellat
593 1333 743 1396 Martinus,
770 1332 846 1404 quod
869 1341 898 1385 tn
928 1333 1028 1386 dedisti
1054 1333 1109 1384 sibi
1138 1333 1235 1406 vadia,

118 1399 194 1472 qnod
211 1411 243 1454 tu
271 1399 347 1452 dares
365 1399 408 1451 illi
435 1419 483 1454 so.
505 1402 535 1456 C.
555 1401 584 1454 in
607 1401 669 1454 Kal.
690 1401 767 1466 Maii,
794 1411 822 1454 et
847 1401 968 1456 habuisti
984 1403 1192 1471 neglegentiam
1203 1405 1235 1458 de

119 1472 237 1526 liberare
252 1471 344 1536 vadia,
365 1479 395 1524 et
412 1472 590 1527 remanserint
608 1472 682 1544 apud
700 1487 762 1525 eum
779 1489 828 1544 per
846 1473 892 1528 lv.
912 1481 1018 1531 noctes.

205 1571 344 1669 CCLVI,
386 1571 420 1671 Si
438 1573 518 1671 'quis
541 1573 624 1636 liber
645 1573 755 1651 homo,
774 1575 832 1660 qui
854 1575 980 1674 debitor
1001 1583 1060 1656 est,
1083 1575 1164 1639 alias
1186 1599 1234 1639 res

119 1677 185 1721 uon
206 1655 357 1717 babuerit
385 1677 445 1718 nisi
478 1657 637 1734 caballos,
667 1657 841 1720 authores
863 1659 1015 1734 domitos,
1043 1681 1102 1722 seu
1126 1683 1234 1722 vaccas

119 1740 308 1818 iunctorius,
328 1748 408 1800 tunc
429 1739 499 1820 ille,
527 1739 583 1822 qui
612 1727 757 1804 debitum
776 1740 933 1838 requirit,
957 1741 1050 1802 radat
1071 1745 1113 1806 ad
1141 1743 1235 1805 Scul-

120 1823 235 1900 dahis,
258 1821 314 1904 qui
341 1821 374 1880 in
400 1823 472 1884 loco
493 1817 662 1886 ordinatus
685 1833 743 1902 est,
764 1833 796 1885 et
818 1824 946 1886 mtimet
958 1831 1110 1886 caussam
1125 1826 1235 1908 ipsam,

118 1905 209 2050 prod
232 1905 358 1968 debitor
378 1903 478 1990 ipsius
500 1904 577 1967 alias
598 1927 650 1968 res
672 1919 736 1968 non
765 1905 900 1985 habeat,
928 1905 991 1968 nisi
1021 1909 1111 1990 quod
1141 1929 1236 1991 supra

135 1989 251 2074 egitur.
299 1987 396 2051 Tunc
421 1987 591 2049 Sculdahis
619 1991 713 2051 tollat
741 1988 840 2050 boves
870 1998 924 2050 aut
951 1989 1091 2052 caballos
1124 1993 1235 2074 ipsius,

119 2081 152 2132 et
174 2081 273 2154 ponat
293 2093 348 2132 eos
370 2093 469 2154 penes
495 2071 699 2151 creditorem,
716 2073 794 2132 dum
821 2093 924 2154 usque
953 2073 1108 2136 iustitiam
1132 2077 1236 2138 faciat.

119 2155 153 2216 Si
175 2154 346 2216 sculdahis
369 2154 552 2216 dilataverit
572 2155 693 2234 facere,
712 2155 753 2216 sit
776 2154 948 2238 culpabilis
972 2155 1004 2216 in
1028 2158 1147 2240 palatio
1170 2159 1235 2220 Re·

119 2237 168 2384 gis
190 2238 285 2300 solid.
305 2237 364 2306 xl.
393 2245 424 2302 el
445 2245 517 2322 post
537 2235 691 2302 iustitiam
715 2239 834 2301 factam
853 2237 971 2322 pignus
992 2241 1193 2308 restituatur.

118 2324 134 2382 l
157 2367 165 2384 .
187 2343 236 2382 21.
259 2342 288 2402 7.
807 2348 811 2370 π

189 2419 271 2457 roan.
306 2404 387 2456 Pctre
404 2402 545 2456 Sculdasci
567 2401 699 2456 Martinus
724 2411 754 2458 te
779 2403 910 2474 appellat,
937 2405 988 2474 qai
1010 2410 1051 2458 est
1076 2402 1237 2460 Adsecutus

119 2472 157 2526 de
173 2481 250 2552 perte
268 2473 399 2535 Publica,
425 2474 501 2542 quod
526 2491 596 2526 uuus
620 2473 702 2526 homo
724 2475 855 2527 reclamat
874 2493 905 2528 se
930 2476 966 2528 ad
991 2483 1022 2528 te
1047 2474 1082 2525 de
1105 2493 1162 2526 uuo
1187 2495 1239 2528 suo

119 2542 255 2603 debitore,
282 2543 404 2611 quinon
426 2543 511 2598 babet
528 2545 579 2596 uisi
598 2544 736 2598 caballum
755 2545 907 2607 domitum,
925 2553 955 2598 et
979 2553 1010 2598 tu
1035 2545 1159 2598 dilatasti
1183 2548 1238 2598 tol-

118 2613 177 2664 lere
197 2610 334 2664 caballum
353 2613 494 2678 debitoris,
514 2624 541 2668 et
554 2614 663 2668 mittere
679 2615 751 2685 apud
770 2613 942 2680 creditorem,
963 2615 1117 2686 usquedum
1136 2616 1163 2670 ei
1180 2616 1238 2670 ius·

120 2683 211 2737 ficiam
227 2683 339 2736 faceret.
813 2700 814 2709 ¹

205 2775 365 2839 CCLVlI.
403 2777 495 2838 Nulli
513 2777 609 2839 liccat
621 2800 680 2858 pro
694 2779 841 2858 quolibet
859 2778 967 2842 debito
985 2786 1085 2839 cesam
1104 2779 1237 2843 emlinu-

117 2870 184 2921 tam
198 2859 401 2921 tributariam
414 2861 487 2920 loco
507 2860 652 2944 pignoris
671 2864 799 2939 tollere,
817 2863 878 2925 nisi
896 2883 1033 2937 servum,
1055 2869 1110 2919 aut
1128 2862 1235 2921 ancil·

117 2944 194 3021 lam,
210 2962 321 3008 uacuas
338 2952 394 3004 aut
408 2961 542 3025 pecora:
569 2943 614 3002 ita
634 2953 672 3003 ut
691 2945 796 3027 ipsura
820 2946 948 3028 pignus,
970 2942 1058 3027 quod
1079 2941 1158 3005 tulit
1172 2964 1233 3024 per

78 3077 80 3082 .
116 3049 207 3090 suam
228 3025 415 3101 custodiam,
438 3025 562 3086 salvum
582 3025 678 3087 faciat
696 3049 797 3109 usque
819 3029 859 3088 ad
871 3027 1073 3111 praefinitum
1090 3035 1233 3107 tempus,

117 3110 203 3172 siout
221 3108 332 3170 subter
354 3129 518 3168 annexum
540 3118 611 3185 est,
642 3110 728 3170 inter
749 3131 803 3172 eas
827 3131 997 3192 personas,
1031 3129 1113 3191 quae
1143 3108 1234 3170 intra

117 3200 253 3255 centum
274 3189 425 3264 milliaria
441 3189 587 3251 habitant
616 3190 699 3252 intra
722 3192 791 3253 dies
812 3191 888 3254 XX.
936 3194 1026 3256 Etsi
1050 3193 1135 3250 intra
1157 3191 1235 3252 istos

31 3319 50 3344 ·.
117 3269 188 3336 dies
209 3274 281 3340 XX.
297 3279 327 3354 gl
351 3273 479 3335 debitor
498 3274 615 3357 pignus
635 3295 743 3352 suum,
763 3275 915 3336 iustitiam
936 3275 1071 3352 faciens,
1092 3283 1125 3334 et
1145 3274 1235 3350 debi-

115 3366 187 3418 ιιι]
207 3357 359 3435 reddens,
382 3377 450 3416 nou
471 3356 630 3434 liberavit,
652 3363 772 3440 etpost
790 3367 966 3420 transactos
987 3359 1057 3419 dios
1073 3355 1139 3418 XX.
1158 3378 1235 3417 con·

118 3441 229 3524 tigerit
249 3461 290 3501 ex
311 3440 381 3519 ipso
408 3439 543 3521 pignore
567 3439 776 3522 mancipium,
797 3450 854 3502 aut
874 3441 1046 3523 quodlibet
1066 3439 1235 3517 peculium

117 3524 214 3601 mori,
235 3531 291 3582 aut
316 3521 545 3601 homicidium,
574 3532 630 3583 aut
654 3523 806 3584 damnum
831 3524 921 3596 freni,
951 3534 1008 3585 aut
1031 3523 1109 3582 olibi
1132 3531 1235 3582 trans·

117 3607 269 3689 flugitare,
291 3614 370 3666 tunc
393 3606 521 3666 debitor
541 3605 575 3664 in
601 3625 695 3667 suum
717 3606 869 3667 damnum
895 3615 1042 3689 reputet,
1065 3605 1152 3686 qnod
1175 3627 1234 3665 aua

116 3690 255 3776 pignora
279 3686 415 3749 liberare
437 3688 629 3770 neglexerit.
677 3689 756 3750 Nam
782 3689 808 3750 si
834 3689 918 3750 intra
952 3690 1016 3754 XX.
1047 3688 1116 3751 dies
1146 3687 1234 3748 servi

119 3783 175 3832 aut
197 3770 334 3832 ancillae
356 3771 475 3831 mortui
496 3771 629 3847 suerint,
652 3781 707 3831 aut
728 3772 892 3854 peculium
913 3771 1065 3853 perierit,
1099 3779 1153 3830 aut
1175 3770 1232 3829 bo·

115 3853 297 3928 ἸῘῑιέιέῐάἰιιῐιιη,
315 3863 370 3914 aut
388 3854 538 3914 damnum
556 3853 692 3931 dederit,
712 3854 779 3934 ipse
801 3855 858 3936 qui
879 3855 1070 3935 pignoravit,
1088 3853 1235 3914 insnum

115 3939 456 4018 dumpuummcputet,
475 3947 508 3996 et
530 3936 628 4018 priori
651 3937 785 3998 domino
803 3936 983 3998 satisfaciat.
1025 3936 1113 3997 Etsi
1136 3955 1236 4016 supra

119 4031 250 4083 centum
272 4019 422 4079 milliaria
453 4020 538 4079 inter
558 4041 591 4080 se
621 4018 764 4081 creditor
793 4030 826 4083 et
846 4019 973 4083 debitor
1001 4017 1236 4098 habitaverint,

75 4321 79 4328 Ι
189 4252 218 4325 g)
236 4251 277 4306 At.
297 4249 382 4304 Codd.
401 4267 505 4322 seniper
522 4247 637 4312 babeat,
658 4247 717 4305 dies
734 4248 838 4320 XXX..
