2632 4822
25 251 99 329 704
290 265 507 326 aromatum
542 265 670 328 trouu
705 267 768 326 nu.
785 267 839 328 ur.

1238 209 1250 357 l

93 413 172 466 Petra
186 417 217 466 te
235 407 519 481 amnuntiandum,
536 409 610 480 quod
624 417 655 466 tu
674 409 776 465 dedisti
789 409 842 464 sibi
859 409 953 477 vadia,
972 409 1054 484 quod
1072 410 1151 466 dares
1246 422 1249 483 l

24 483 77 538 sibi
93 485 143 537 sol.
166 483 197 536 l..
213 482 242 534 in
262 481 325 534 Kal.
345 481 420 536 Maii.
444 477 485 535 De'
503 483 681 554 quadraginta
692 481 756 536 dedi
771 483 868 546 vadia,
882 501 940 536 nou
958 483 994 538 de
1012 483 1151 555 pluribus.

1248 497 1250 560 l

104 553 192 618 XVI.
234 553 324 627 (ll.)
364 552 400 611 st
422 551 495 635 quis
508 553 704 618 mutuaverit
725 553 845 615 solidos
861 555 1064 638 cuicumque
1093 553 1151 613 ho-
1246 583 1248 609 l

23 636 106 700 mini
128 656 188 718 per
209 635 406 714 cautionem,
436 635 464 697 si
486 633 571 696 intra
598 635 746 720 quinque
776 646 877 698 annos
904 637 1052 700 creditor
1072 639 1150 722 pul·

23 717 165 794 saverit,
195 726 229 780 et
254 717 381 782 debitor
408 739 475 780 non
502 717 652 780 habuerit
681 718 771 781 unde
804 719 934 799 solvat,
963 729 1149 784 renovetur

23 802 218 884 cnutioipsa
239 819 342 883 usque
380 801 421 864 ad
445 821 546 863 annos
566 802 606 870 X.
646 801 689 864 Et
714 801 742 864 si
764 801 850 864 intra
878 824 981 865 anuos
1007 803 1052 866 X.
1072 803 1149 886 pul·

23 895 109 950 satus
133 886 243 963 luerit,
260 893 292 946 et
317 904 382 945 non
404 883 601 964 reddiderit,
621 885 679 950 sed
700 884 883 953 dilataverit
904 907 1012 970 usque
1034 887 1076 947 ad
1093 907 1147 950 an·

24 989 83 1030 nos
108 965 204 1046 XX.‚
238 975 270 1029 et
301 966 401 1028 fuerit
426 967 571 1050 pulsatus
601 978 657 1029 aut
681 989 742 1052 per
768 966 976 1053 Principem,
1002 979 1061 1030 aut
1087 989 1146 1052 per

22 1050 166 1113 iudicem
192 1048 342 1126 civitatis,
364 1061 397 1110 et
420 1049 591 1136 probatum
618 1050 718 1112 fuerit
741 1068 800 1133 per
824 1049 924 1134 ipsam
946 1053 1144 1127 cautionem,

23 1134 169 1196 debitum
190 1135 257 1218 ipse
283 1142 339 1192 aut
366 1131 503 1196 heredes
518 1131 596 1195 'eius
622 1133 806 1217 persolvant
834 1131 881 1218 l).
920 1137 1006 1198 Nam
1033 1136 1061 1198 si
1087 1156 1144 1196 nec

22 1217 130 1278 cautio
150 1218 250 1278 fucrit
268 1215 351 1276 intra
369 1215 482 1278 decern
504 1237 606 1277 annos
626 1221 666 1293 m)
682 1216 732 1280 bis
746 1227 911 1296 renovata,
929 1239 1041 1302 neque
1051 1219 1145 1280 Priu-

21 1299 87 1382 cipi
111 1299 162 1362 rol
192 1298 292 1360 iudici
318 1307 445 1360 ostensa
472 1299 541 1360 sire
569 1301 769 1360 manifestata
792 1301 958 1381 usquead
990 1301 1064 1370 XX.
1095 1323 1145 1361 an·

23 1403 99 1461 nos,
124 1381 283 1456 iuhemus,
311 1389 347 1440 ut
366 1381 507 1442 creditor
528 1383 732 1466 postmodum
755 1391 857 1445 taceat
877 1393 911 1445 et
935 1383 1064 1447 nullam
1087 1383 1145 1446 ha·

20 1465 96 1526 beat
113 1464 297 1526 facundiam
320 1462 511 1542 requirendi
535 1464 696 1527 debitores
713 1487 798 1545 suos,
817 1476 955 1550 excepto
971 1467 1000 1528 si
1024 1467 1056 1529 ci
1076 1487 1145 1547 cap·

22 1549 129 1611 tivitas
155 1547 312 1610 evenerit.
354 1547 402 1607 De
428 1547 632 1608 cautionibus
656 1557 780 1627 antem,
810 1571 893 1632 quae
917 1571 1024 1634 usque
1050 1551 1144 1613 modo
1248 1579 1249 1582 ¹

23 1632 58 1691 in
85 1629 246 1716 praesenti
268 1629 453 1691 Indictione
474 1629 530 1692 ΙΙΙ.
570 1631 674 1692 factae
691 1641 779 1710 sunt,
805 1633 891 1694 intra
918 1633 1069 1717 quinque
1094 1654 1145 1694 au·

23 1735 83 1794 nos
109 1715 186 1774 istos
211 1711 421 1774 advenientes
442 1710 611 1782 iubemus,
645 1723 681 1774 ut
702 1727 906 1778 renoventur
934 1724 991 1778 aut
1016 1715 1145 1800 exigan-

22 1804 86 1860 tur.
126 1795 207 1857 Nam
227 1796 260 1856 si'
274 1795 462 1857 distulerint
483 1793 567 1855 iutra
590 1797 630 1860 V.
657 1815 759 1860 annos
783 1798 945 1860 debitores
968 1819 1045 1860 suos
1068 1797 1144 1881 pnl-

23 1899 112 1954 sare‚
132 1890 168 1939 ut
194 1877 360 1939 cautiones
383 1888 601 1950 renoventur,
627 1890 683 1940 aut
708 1879 816 1942 debita
839 1879 1024 1963 exigantur,
1044 1891 1077 1944 et
1099 1879 1144 1943 sic

24 1962 256 2046 negligentiam
285 1960 440 2034 feceriut,
464 1982 528 2022 non
553 1961 693 2023 habeant
719 1964 924 2046 postmodum
956 1963 1144 2026 facundiam

22 2045 91 2128 ipsa
119 2044 227 2106 debita
251 2043 452 2125 requirendi.
493 2045 542 2106 De
567 2044 618 2106 his
642 2052 750 2106 autem
771 2043 996 2122 cautionibus,
1026 2046 1144 2128 q‘uaea

1236 659 1254 1007 l

1250 1062 1258 1432 l

1242 1657 1262 2025 t

22 2129 120 2190 modo
139 2131 242 2192 factae
263 2127 399 2212 fuerint,
423 2127 470 2188 sic
485 2127 549 2207 liat,
570 2127 655 2190 sicut
675 2149 772 2214 supra
787 2127 1023 2214 praemisimus,
1046 2137 1143 2212 atque
1258 2178 1261 2189 i

21 2212 202 2281 statuimus.
284 2210 327 2272 11.
349 2231 399 2271 ur.
425 2211 472 2278 13.
1258 2220 1261 2237 ¹

105 2318 212 2382 xvtt.
254 2319 361 2396 (ΙΙΙ.)
404 2318 438 2381 Si
461 2319 561 2382 frater
581 2342 674 2382 sunm
689 2319 820 2384 fratrem
836 2313 995 2384 occiderit
1018 2319 1053 2380 in
1067 2341 1145 2403 pec-
1254 2367 1256 2382 i

24 2399 103 2465 catis
127 2410 143 2476 (
153 2423 347 2486 quamquam
369 2401 511 2466 anterius
534 2403 686 2466 Edictum
715 2403 899 2480 contineat,
935 2412 973 2464 ut
1002 2403 1145 2485 proximi

23 2495 175 2567 parentes
204 2484 386 2548 homicidae
417 2485 604 2562 succedant,
631 2508 691 2566 nos
721 2495 830 2548 autem
861 2486 1040 2570 proximos,
1079 2487 1145 2546 ira-

24 2576 88 2628 tres
102 2565 340 2649 appellamus),
365 2567 391 2630 si
416 2569 516 2628 irater
537 2569 670 2631 relictus
689 2567 808 2646 fuerit,
831 2567 864 2628 in
887 2590 939 2630 res
960 2567 1145 2630 homicidae

23 2651 125 2710 frater
141 2651 302 2724 succedat,
324 2651 367 2710 ita
385 2662 422 2715 ut
438 2651 617 2748 secundum
631 2652 818 2734 qualitatem
833 2673 1001 2734 personae,
1023 2651 1064 2712 de
1078 2652 1148 2731 ipsa
1191 2693 1195 2702 ·

23 2729 200 2794 substantia
214 2730 417 2810 homicidae,
433 2734 458 2794 si
476 2733 534 2794 ille
558 2757 615 2816 qur
635 2735 759 2796 occisus
782 2744 840 2810 est,
855 2735 937 2796 filios
957 2733 1145 2812 reliquerit,

24 2812 290 2894 compositionem
304 2816 371 2877 illis
383 2817 458 2876 dare
472 2815 595 2877 debeat.
616 2817 790 2896 Reliquum
805 2827 919 2890 autem,
931 2813 1017 2894 qnod
1027 2833 1144 2894 super·

25 2898 137 2974 fuerit,
160 2895 222 2958 sthi
238 2895 362 2962 habeat.
397 2899 439 2958 Et
458 2897 484 2958 si
496 2899 633 2981 pecunia
651 2898 750 2981 ipsius
766 2899 943 2960 homicidae
963 2899 1143 2974 intantum

21 2981 124 3041 fuerit
138 2979 204 3040 sub
217 2979 449 3060 aestimatione,
464 2992 620 3062 quantum
631 2981 695 3061 ipsa
712 2983 899 3064 compositio
912 2991 969 3060 est,
983 2987 1038 3039 aut
1055 2979 1143 3040 forte

24 3064 144 3139 minus,
159 3061 301 3124 habeant
321 3084 389 3124 eam
408 3063 466 3122 filii
484 3064 594 3146 ipsius,
613 3063 670 3147 qui
695 3064 819 3126 occisus
834 3075 892 3127 est.
911 3061 1053 3142 Quodsi
1073 3083 1142 3122 uon

22 3147 196 3229 reliquerit
220 3147 346 3221 fratres,
361 3167 463 3208 unum
485 3157 540 3208 aut
557 3150 667 3231 plures
685 3145 710 3207 is
730 3146 787 3228 qui
807 3149 932 3210 occisus
955 3156 1015 3223 est,
1035 3165 1144 3228 quan·

23 3239 234 3311 tumcumque
261 3229 363 3292 fuerit
394 3228 569 3291 substantia
595 3228 798 3306 homicidae,
833 3230 894 3290 filii
917 3230 1041 3311 ipsius,
1084 3225 1146 3310 qui

24 3314 150 3387 occisus
175 3320 233 3389 est,
256 3310 290 3370 in
313 3333 351 3373 ea
374 3311 548 3374 succedere
574 3313 702 3377 debent.
742 3314 838 3389 Quod
861 3313 889 3374 si
905 3333 971 3372 non
992 3310 1143 3373 habuerit

25 3396 110 3458 filios
130 3395 319 3476 legitimos,
355 3393 494 3480 proximi
520 3397 695 3458 succedant
720 3405 868 3478 parentes
903 3416 964 3476 per
996 3393 1141 3475 gradum.

25 3479 123 3557 Quod
149 3479 177 3540 si
199 3498 260 3538 nec
288 3489 437 3562 parentes
465 3477 611 3556 fuerint,
641 3476 701 3559 qni
731 3478 762 3537 ei
789 3477 932 3560 legitime
965 3477 1142 3536 succedere

23 3559 172 3644 possint,
212 3561 364 3622 succedat
385 3561 414 3622 ei
441 3561 546 3623 Curiis
575 3562 684 3641 Regia.
722 3561 771 3620 De
794 3561 899 3620 anima
927 3580 1006 3620 vero
1031 3557 1142 3617 hoini-

25 3645 117 3706 cidae
146 3643 235 3706 illius
255 3643 297 3706 sit
319 3644 352 3704 in
375 3653 531 3726 potestate
554 3645 673 3728 Regis,
698 3642 782 3704 sicut
802 3644 836 3703 in
860 3640 1024 3702 anteriore
1044 3641 1142 3701 Edic-

24 3735 59 3789 to
87 3727 217 3809 legitur.
300 3727 326 3793 l.
354 3749 399 3793 10.
421 3749 450 3792 a.

94 3827 178 3863 roan..
209 3809 288 3862 Petro
305 3819 333 3863 tc
357 3810 478 3880 appellat
499 3807 649 3872 Martinus,
676 3807 752 3880 quod
777 3816 807 3860 tu
832 3803 958 3882 occidisti
983 3797 1153 3857 huselrnnm¹

25 3897 105 3936 suum
122 3879 240 3944 fratrem,
260 3889 288 3934 et
307 3889 392 3934 tuum.
429 3881 472 3933 Dc
488 3887 569 3931 torto.

94 3953 173 4006 Patre
199 3959 228 4004 ts
254 3951 376 4022 appellat
397 3950 540 4014 Martinus,
557 3948 632 4021 quod
650 3948 786 4004 lohannes
801 3943 904 4000 occidit
925 3941 1041 3998 Paulum
1062 3959 1145 3996 suum

88 4135 182 4216 l)t1.
203 4146 269 4197 Coil.
289 4144 438 4212 probatum
447 4141 559 4212 scierit:
580 4126 674 4210 ¹ipsam
694 4142 848 4193 cautionem
867 4133 977 4189 debitor
994 4146 1043 4186 aut
1063 4134 1145 4188 here-

25 4217 71 4273 des
89 4219 282 4272 eiusirotrnnr.
354 4216 392 4283 in)
410 4213 451 4266 hl.
471 4211 557 4268 Codd.
576 4211 638 4264 XX.
658 4227 757 4271 astrios.
993 4223 997 4234 =
1128 4231 1145 4242 ..
