2684 4868
123 237 201 318 584
319 252 424 315 mats
436 251 734 313 ‘wssrnoruonuu
753 252 821 308 urs.
839 253 915 308 vm.
933 255 1004 308 nr.
1024 257 1077 309 ur.

200 476 203 484 Ι
545 389 607 458 XL
647 411 808 468 ursana.

163 509 415 581 'usbsuiuslibet
430 507 581 570 animalia
600 509 635 568 iu
649 505 801 591 frugibus
824 507 962 594 dampna
986 511 1173 578 concutiant.

134 598 157 712 Ἴ,
178 598 247 700 Si
269 600 457 694 cuiuslibet¹
474 616 716 702 qualiacunque
745 617 895 678 animalia
922 617 1050 680 vineam
1074 620 1235 710 velxmcs-

122 701 194 781 seui
212 700 391 767 'everterint
410 700 566 777 alienam,
596 699 653 762 ille
679 700 770 762 cuius
785 700 935 761 animalia
956 701 1125 784 dampnum
1147 705 1232 764 intu-

121 772 402 865 leitbt2'“tsntum
430 783 544 846 vineae
571 783 626 847 rel
656 783 724 866 agri
754 805 828 844 cum
856 783 1003 866 frugibus
1030 783 1097 846 eins
1125 788 1232 848 meriti

122 869 257 934 domino
279 868 318 928 de
341 889 400 927 suo
421 865 593 928 restituere
616 887 683 926 uon
704 876 864 943 moretur,
900 875 1057 948 quantum
1085 870 1231 929 extermi-

121 963 235 1014 natum
256 971 324 1012 esse
346 949 576 1031 cognoscitnrs
604 949 652 1022 ita,
668 957 705 1008 ut
726 948 870 1010 collectis
896 949 1042 1031 frugibus
1064 951 1121 1012 ille
1148 952 1234 1013 reci-

121 1036 208 1120 piat,
240 1031 455 1114 qnidedisse
485 1031 623 1094 videtur.
665 1032 761 1111 Quod
791 1031 818 1092 si
846 1051 912 1092 non
941 1031 1094 1095 habuerit
1124 1056 1236 1118 agrum

123 1128 180 1179 aut
205 1101 335 1177 vineam
363 1114 451 1177 unde
476 1121 670 1196 componat,
707 1123 831 1174 tantum
860 1114 900 1176 de
927 1114 1075 1195 frugibus
1103 1117 1236 1194 reddat,

121 1197 337 1284 walliam&
358 1195 486 1279 aequali
505 1205 597 1281 parte
618 1194 686 1280 agri
704 1197 760 1261 rel
775 1195 889 1260 vineae
907 1197 1007 1259 fuerit
1023 1199 1237 1263 aestimntnm.

134 1327 174 1356 11η
215 1350 218 1359 Ι

133 1407 164 1444 m
230 1426 233 1436 Δ
257 1411 269 1428 ,Ι
548 1339 620 1400 XII.
669 1355 832 1414 surrent.

131 1493 189 1526 ..Η
260 1452 301 1517 'Si
317 1464 446 1539 pratum
466 1449 632 1534 defensum
653 1477 673 1514 a
693 1454 859 1538 pecoribus
879 1450 1096 1532 naufragetur.

134 1600 140 1608 ,
193 1535 273 1619 ,Qui
305 1538 338 1599 in
375 1546 502 1619 pratum
535 1557 573 1597 eo
604 1546 748 1618 tempore
785 1537 1091 1618 qnodefenditnr,
1136 1558 1238 1620 pecn-

121 1620 323 1697 amiserit,
352 1627 390 1684 ut
413 1619 617 1703 postmodum
648 1621 687 1683 ad
712 1619 886 1680 secandum
913 1640 979 1680 non
1010 1619 1111 1702 possit
1136 1621 1238 1684 bcrba

121 1723 344 1774 succumberes
379 1701 407 1766 si
438 1723 549 1765 servus
580 1711 650 1780 est,
689 1701 746 1784 qni
782 1700 845 1763 boc
875 1702 1007 1780 fecerit,
1047 1701 1116 1770 XL,
1154 1705 1236 1776 ictus

121 1785 325 1869 flagellorum
339 1784 492 1868 accipiat,
516 1793 548 1845 et
564 1784 697 1847 foenum
708 1784 862 1845 reddatur
875 1785 1007 1846 domino
1023 1784 1115 1863 eius,
1136 1809 1237 1869 qnan-

121 1878 192 1936 tum
227 1869 327 1932 luerit
359 1867 571 1940 aestimatum.
631 1867 667 1927 Si
702 1866 787 1928 liber
815 1876 847 1928 et
873 1866 1037 1939 inferioris
1063 1868 1129 1928 loci
1159 1892 1235 1952 per·

121 1968 201 2022 sorta
230 1957 301 2030 est,
339 1972 396 2032 pro
431 1950 555 2012 dnobus
584 1949 740 2033 capitibus
769 1950 948 2012 tremissem
974 1971 1077 2010 unum
1101 1952 1234 2024 reddat;

120 2031 255 2106 foenum
281 2033 495 2101 nihilominus
522 2032 611 2094 iuxta
642 2031 894 2094 aestimationem
923 2031 953 2094 ei
981 2032 1038 2115 qui
1059 2032 1234 2118 dampnum

118 2117 257 2198 pertulit
276 2113 485 2190 ¹redditurus.
534 2115 569 2177 si
594 2137 674 2180 vero
694 2114 796 2175 maior
824 2137 959 2197 persona
983 2124 1047 2191 est,
1070 2136 1128 2195 pro
1150 2116 1233 2178 duo-

119 2200 179 2262 bus
200 2191 359 2283 capilibus
380 2200 520 2262 solidum
532 2220 636 2261 unum
658 2199 794 2279 reddat,
817 2207 849 2260 et
865 2199 999 2262 foenum
1019 2196 1232 2262 habitaaesti·

120 2285 262 2345 matione
292 2283 450 2350 restituat.

537 2421 630 2490 XlIl.
650 2438 811 2499 surrent.

101 2595 103 2598 .
151 2572 167 2599 .·
214 2535 441 2618 Sivsmstifsra
459 2536 531 2598 lora
552 2538 591 2600 ab
617 2538 802 2600 animalibus
820 2534 948 2619 suerint
973 2536 1138 2622 dissipata.

89 2669 92 2676 .
202 2619 334 2700 Siquis
362 2619 524 2683 caballum
544 2627 599 2680 aut
621 2641 719 2702 pecus
747 2619 913 2698 alienum,
947 2619 982 2679 iu
1007 2620 1120 2701 vinea,
1151 2641 1230 2685 mes·

119 2713 320 2786 mqrpratn,
350 2702 403 2762 vel
435 2701 531 2764 horto
562 2701 742 2778 invenerit,
775 2724 841 2762 non
876 2703 1017 2784 expellat
1045 2702 1166 2785 iratus,
1190 2726 1232 2766 ne

118 2785 258 2869 demde
286 2784 426 2866 dampno
444 2783 597 2868 expellit,
616 2794 758 2846 evertat:
779 2785 835 2845 sed
855 2786 895 2846 ad
916 2787 1045 2847 domum
1067 2809 1157 2848 snam
1179 2788 1232 2848 in-

120 2871 270 2936 dusarm
293 2867 447 2945 adducat,
481 2877 513 2928 et
534 2867 700 2928 dominum
721 2867 917 2930 caballorum
940 2869 991 2929 vel
1013 2889 1167 2949 pecorum
1188 2871 1232 2930 fn·

121 2954 202 3016 uiat-
225 2949 423 3030 certiorem,
464 2958 496 3010 ut
538 2950 760 3032 praesentibus
796 2949 845 3010 his
879 2960 935 3012 aut
965 2951 1081 3012 vicinis
1119 2973 1231 3012 eorum

39 3057 42 3062 ·
120 3036 314 3118 dampnum,
362 3032 451 3114 qnod
486 3032 613 3093 illatum
651 3033 767 3110 fuerit,
806 3033 1006 3110 aestimetur,
1038 3043 1070 3094 et
1092 3034 1230 3095 adcum-

119 3139 197 3201 pum
220 3129 376 3198 nauaque
401 3126 506 3198 partes
540 3115 754 3188 conveniant;
797 3125 829 3177 et
862 3125 1029 3198 postquam
1058 3116 1232 3198 dampnum

122 3199 346 3284 inspexerint,
383 3220 455 3281 pars
479 3199 601 3280 campi,
626 3197 678 3260 vel
702 3199 836 3277 vineae,
867 3197 936 3258 sive
958 3199 1063 3282 prati,
1086 3202 1139 3261 vel
1154 3223 1233 3262 mes·

118 3283 161 3346 sis
198 3303 281 3365 quae
316 3282 457 3344 defracta
485 3283 606 3358 fuerat,
647 3290 870 3357 mensuretur,
906 3290 938 3340 et
974 3283 1078 3342 donec
1109 3283 1234 3346 fructus

118 3366 334 3446 colliga-ntur,
357 3373 564 3446 expectetur,
586 3372 622 3423 ut
645 3365 838 3428 ¹tantundem
860 3364 900 3425 de
925 3363 1059 3446 impasto
1087 3364 1161 3426 loco
1183 3366 1233 3443 ei,

118 3448 173 3513 cni
198 3450 374 3529 dampnum
400 3447 570 3525 intulerit,
592 3447 674 3508 facta
702 3445 796 3528 spatii
822 3448 1052 3528 exaequatione
1076 3449 1233 3526 tradatur,

120 3540 152 3590 et
172 3529 394 3614 praesentibus
415 3530 550 3592 testibus
571 3539 603 3591 et
633 3530 673 3590 de
697 3551 735 3591 eo
761 3529 834 3590 loco
856 3528 913 3610 qui
947 3551 1075 3592 eversus
1101 3541 1169 3608 est,
1201 3541 1235 3592 et

34 3659 41 3667 -
118 3614 159 3682 ds
189 3635 229 3677 eo
254 3613 312 3695 qui
346 3621 395 3674 cst
424 3611 569 3695 integer,
600 3612 724 3674 fructus
758 3613 972 3695 colligantur:
1008 3621 1040 3673 et
1070 3613 1234 3697 quidquid

118 3696 226 3765 minus
255 3696 289 3759 in
317 3695 370 3758 bis
393 3695 492 3774 locis,
517 3715 601 3778 qnae
624 3717 641 3754 a
663 3695 833 3776 pecoribus
861 3715 972 3757 eversa
1001 3695 1144 3775 fuerint,
1179 3718 1235 3758 re-

117 3780 261 3860 ponitur,
290 3779 348 3847 ille
374 3778 468 3840 cuins
490 3799 608 3860 pecora
629 3778 770 3854 fuerint,
793 3779 969 3839 reformare
992 3787 1133 3859 cogatur,
1168 3779 1234 3840 Pe-

119 3880 195 3930 num
232 3883 312 3922 reru
340 3870 509 3944 postquam
540 3861 682 3942 ipsorum
715 3860 861 3922 locorum
890 3860 989 3941 spatia
1023 3882 1235 3923 mensurave-

118 3944 391 4022 riut,.,si‹rut1est
412 3944 446 4008 in
471 3943 598 4026 legibus
626 3943 854 4022 constitutum,
892 3943 1024 4004 domino
1058 3946 1236 4005 reformen-

118 4035 183 4095 tura
232 4027 333 4109 Etsi
363 4049 500 4110 pecora,
532 4025 609 4089 dnm
629 4046 696 4108 per
727 4025 929 4090 iracundiam
957 4026 1235 4089 immoderationis

119 4110 275 4196 suppli-it,
317 4109 488 4186 everterit,
533 4109 665 4176 domino
698 4130 853 4192 pacorum
898 4110 1074 4191 dampnum
1121 4109 1237 4193 simpla

117 4192 342 4280 tautummodo
362 4186 580 4265 satisfactione
600 4191 767 4274 restituat,
803 4203 837 4256 et
866 4191 927 4256 sibi
946 4213 1031 4276 qnae
1054 4191 1239 4258 debilitavit
