2640 4838
253 263 358 318 mors
375 262 668 321 wrsrcoraoauu
686 263 750 320 un
775 265 842 321 ru.
884 263 929 317 rr.
950 262 988 318 u
1106 249 1180 324 ott

391 403 499 470 XVII.
540 423 604 466 rte.
631 423 696 470 cus.
726 423 787 470 cm.
820 425 889 488 aas.

354 519 405 581 De
428 517 664 584 Iudaizantibus
686 517 886 587 Christianis.

151 603 243 665 Sicut
261 601 449 664 deflendum
476 611 523 664 est
545 623 563 660 a
583 599 772 662 Christianis
791 623 902 662 eorum
919 601 1042 683 scelus,
1087 605 1121 670 ui
1147 607 1182 676 in

64 686 198 752 Christo
221 685 487 770 praevaricatores
510 682 672 746 existunt:
704 684 747 746 ita
769 684 872 746 modis
894 686 1044 750 omnibus
1064 627 1183 754 decer·
1225 725 1227 732 ·

65 771 237 848 nendum,
272 777 308 830 ut
335 767 610 829 nullusomnino
631 767 759 828 veniam
780 777 957 845 mereatur,
994 769 1051 852 qui
1072 793 1183 840 ame.

64 853 141 915 liori
169 851 333 936 proposito
365 851 406 912 ad
434 849 576 912 deterius
605 849 784 912 declinasse
815 851 1027 915 convincitur.
1097 858 1184 936 Quia

65 957 144 1020 ergo
174 935 314 996 crudelis
346 943 379 995 et
408 932 565 1016 stupenda
601 933 837 1016 praesumptio,
883 933 1056 998 crudeliori
1085 939 1184 1004 debet

64 1017 220 1102 extirpari
243 1016 424 1100 supplicio:
453 1016 527 1077 ideo
548 1015 630 1100 legis
651 1014 747 1078 huius
769 1015 876 1078 edicto
899 1015 1125 1100 decernimus,
1148 1031 1185 1084 ut

63 1102 254 1186 quicunque
278 1100 497 1175 Christianus,
530 1107 563 1158 et
583 1099 769 1180 praesertim
790 1121 808 1158 a
831 1098 1018 1160 Christianis
1039 1104 1184 1186 parenti.

62 1185 126 1250 bus
148 1193 246 1260 ortus,
268 1205 362 1244 sexus
383 1181 508 1242 scilicet
527 1181 693 1264 utriusque
711 1181 1001 1263 circumcisionem,
1021 1187 1073 1246 vel
1093 1187 1184 1270 quod

64 1289 197 1350 cunque
217 1267 298 1326 ritus
319 1265 466 1326 Iudaicos
494 1263 677 1325 exercuisse
703 1273 870 1348 reppertus
900 1274 968 1344 est,
997 1267 1049 1328 vel
1071 1273 1186 1354 (quos.

63 1354 155 1414 Deus
177 1353 306 1426 avertat)
327 1348 445 1430 poterit
464 1345 599 1408 ulterius
620 1348 775 1430 reperiri,
798 1347 1037 1428 conspiratione
1055 1361 1087 1412 et
1108 1353 1183 1416 zeld
1236 1388 1238 1396 v

65 1431 330 1510 Catholicorum,
363 1441 427 1492 tam
456 1429 546 1492 novis
576 1439 608 1490 et
636 1431 796 1490 atrocibus
817 1431 932 1512 poenis
953 1433 1088 1495 afflictus
1108 1444 1182 1498 turo

63 1515 198 1600 pissima
220 1523 321 1575 morte
351 1511 546 1596 perimatur,
584 1533 681 1594 quam
714 1513 915 1573 horrendum
947 1524 980 1576 et
1001 1518 1182 1579 execrabil-

64 1600 190 1661 malum
219 1606 289 1674 est,
326 1595 414 1678 quod
445 1595 484 1656 ab
512 1615 550 1655 eo
572 1605 695 1657 constat
717 1595 912 1677 nequissime
934 1609 1183 1681 perpetratume.
1218 1667 1220 1670 ,

62 1683 188 1746 Eorum
209 1701 285 1741 vero
306 1678 390 1740 bona
411 1676 472 1738 sibi
492 1678 606 1761 procul
629 1677 726 1740 dubio
748 1681 843 1740 fiscus
866 1677 1048 1742 adsumata'
1069 1683 1095 1744 si
1122 1683 1183 1746 lie·

63 1765 160 1826 redes
188 1760 241 1825 vel
269 1762 472 1844 propinquos
500 1759 614 1822 talium
643 1782 853 1846 personarum
874 1761 951 1822 facti
973 1761 1070 1828 huius
1092 1786 1182 1830 error

63 1844 303 1910 consentiendo
325 1843 548 1906 commaculet.

371 1998 374 2006 ⁴
427 1989 556 2072 XVHJ.
617 2011 713 2054 screa
754 2013 844 2056 arx..

409 2106 459 2168 De
476 2103 620 2194 pefidia
640 2105 836 2172 iudaeorum.
863 2131 865 2136 ¹

154 2229 263 2305 Quum
283 2221 382 2285 sacris
404 2222 597 2286 edoceamur
617 2222 742 2300 edictis,
763 2232 799 2283 ut
819 2222 886 2284 sive
904 2243 962 2308 per
978 2226 1183 2292 occasionem

63 2331 126 2377 seu
155 2329 215 2391 per
241 2305 426 2369 charitatem
455 2313 579 2366 tantum
602 2306 746 2367 Christus
768 2306 828 2367 Dei
850 2307 952 2370 Filius
984 2311 1175 2384 nunciatum

67 2401 266 2476 oportunum
287 2388 362 2450 satis
385 2398 448 2465 est,
483 2388 577 2450 etad
605 2389 702 2449 fidem
732 2389 939 2452 christianam
967 2396 1180 2476 convenicus,

68 2487 107 2538 ut
128 2474 210 2536 sicut
231 2473 344 2534 fideles
363 2470 519 2533 trahimus
541 2470 706 2533 libertatis
719 2472 759 2532 ad
779 2473 930 2553 gratiam,
967 2476 1011 2536 ita
1031 2477 1182 2544 infideles

66 2577 279 2642 provocemus
301 2554 475 2631 advitam,
510 2562 544 2615 et
564 2554 652 2636 quod
674 2554 753 2616 fides
776 2555 896 2617 Christi
918 2557 951 2616 in
975 2559 1067 2621 nobis
1088 2569 1183 2623 aucta

68 2640 187 2703 finibus
208 2645 341 2717 crescat,
364 2644 397 2697 et
413 2637 600 2700 iudaeorum
620 2635 867 2718 praevaricatrix
884 2640 967 2702 actio
985 2645 1094 2704 evulsa
1108 2646 1182 2705 furs-

68 2722 156 2786 ditus
175 2722 312 2782 subruat.
356 2719 498 2780 Proinde
519 2719 689 2781 devotione
711 2721 827 2781 mentis
850 2723 980 2786 decreto
999 2747 1180 2804 censemus,

66 2813 106 2866 ut
124 2804 321 2886 quicumque
356 2801 510 2884 deinceps
541 2823 581 2864 ex
609 2802 732 2884 perfida
759 2803 972 2868 hebraeorum
1000 2810 1096 2891 plebe
1129 2810 1182 2871 vir

66 2886 269 2950 aeufemiae
290 2886 331 2946 ad
354 2884 532 2946 catholicae
554 2884 629 2945 fidei
649 2885 877 2948 rectitudinem
898 2909 956 2971 per
975 2909 1084 2953 veram
1104 2913 1183 2953 con·
1273 2908 1276 2918 ¹

65 2970 281 3033 versationem
316 2967 381 3029 sive
413 2966 645 3050 professionem
676 2968 828 3042 redierit3
867 2970 1020 3054 idemque
1049 2989 1181 3036 suumin

64 3053 188 3116 rituum
218 3071 361 3112 errorem
391 3051 445 3112 vel
474 3049 692 3112 caeremonias
722 3051 885 3132 abnuens,
932 3055 1182 3118 christianornm

65 3155 157 3197 more
180 3133 338 3194 tramitem
358 3130 441 3194 vitae
470 3153 545 3194 suae
575 3132 721 3206 duxerit3
752 3134 791 3194 ab
820 3135 909 3196 omni
938 3135 1020 3198 liber
1051 3145 1181 3200 maneat

65 3237 166 3280 onere
187 3214 384 3292 functionis,
416 3237 514 3298 quam
532 3214 668 3298 pridem
689 3214 844 3277 iudaismo
867 3218 1047 3282 consistens
1068 3221 1180 3303 publi-

64 3300 114 3362 cis
135 3299 326 3379 utilitatibus
347 3319 421 3358 usus
441 3299 545 3360 fuerat
563 3298 774 3382 persolvisse:
797 3298 839 3360 ita
860 3301 1032 3382 videlicet,
1053 3313 1089 3365 ut
1110 3302 1179 3365 illis

65 3381 326 3444 exsolutionibus
348 3379 417 3441 eius
436 3381 562 3442 functio
585 3389 717 3459 crescat,
742 3402 823 3463 quos
845 3383 951 3444 adhuc
973 3385 1178 3448 detestandae

64 3464 302 3526 incredulitatis
322 3463 426 3524 fuscat
446 3464 609 3546 nequitia,
639 3471 674 3524 et
700 3464 873 3547 parentalis
906 3486 996 3527 error
1024 3470 1179 3530 manifes-

63 3557 118 3610 tus
138 3555 287 3609 retentat.
338 3545 496 3606 iniustum
528 3567 668 3628 namque
701 3555 749 3607 est
780 3545 854 3608 illos
884 3548 1047 3612 censionis
1079 3567 1178 3613 onere

47 3625 282 3714 praegravari,
321 3629 375 3689 vel
405 3627 540 3690 iudaicis
574 3628 712 3711 amplius
742 3628 977 3694 indictionibus
1006 3633 1185 3718 implicari,

64 3712 124 3795 qui
154 3713 268 3795 iugum·
295 3710 414 3773 Christi
450 3712 545 3773 dulce
579 3711 711 3794 eiusque
742 3733 823 3772 onus
853 3713 925 3775 lere
957 3735 1017 3796 per
1048 3717 1178 3800 dignam

64 3795 344 3857 conversationem
365 3794 545 3856 noscuntur
574 3793 733 3878 excipere.
784 3795 908 3871 Quibus
940 3799 1037 3858 etiam
1069 3815 1185 3862 veram·
1264 3859 1267 3866 ,

63 3879 164 3940 fidem
184 3879 326 3962 perfecte
349 3877 573 3955 credentibus,
596 3876 658 3939 erit
678 3877 865 3940 omnimodo
886 3878 1013 3941 licitum
1034 3901 1180 3944 mercan-

63 3960 98 4022 di
126 3983 188 4022 usu
215 3980 385 4044 properare
416 3960 456 4023 ad
483 3961 664 4043 cataplum,
701 3969 736 4022 et
764 3981 838 4021 cum
869 3961 1053 4025 christianis
1080 3976 1186 4048 agere!

64 4043 241 4107 christiano
261 4063 351 4104 more
372 4042 618 4105 commercium:
652 4042 696 4102 ita
717 4051 753 4104 ut
773 4043 800 4105 si
821 4043 960 4125 quilibet
981 4047 1176 4109 christiano·-

61 4147 137 4188 rum
159 4128 198 4190 de
220 4127 354 4187 illorum
388 4126 630 4189 conversatione
659 4126 844 4210 incognitus
872 4127 1101 4212 quodcumque
1132 4133 1175 4194 de

62 4208 140 4292 ipsis
169 4230 275 4273 emere
303 4209 460 4288 voluerit,
497 4231 564 4271 non
595 4209 690 4290 aliter
718 4211 747 4273 ei
772 4209 902 4290 licebit,
938 4211 999 4273 nisi
1021 4213 1112 4301 prius
1134 4236 1175 4277 ex

927 4327 973 4400 41
