2640 4838
77 254 153 334 690
315 311 319 324 .
435 267 603 326 snrcrmt
638 269 818 334 nonnus

94 435 97 442 ·
149 415 230 473 Petne
251 419 282 468 te
297 409 420 486 appellet
434 411 588 476 Martinus,
607 409 683 483 quod
697 411 757 482 ipse
777 410 884 468 invenit
898 411 930 466 iu
947 418 1026 466 corte
1046 427 1099 466 sua
1118 413 1204 468 nunu

79 493 159 543 tuum
177 501 292 545 seruum.
338 484 379 536 De
396 491 469 536 torto
493 501 537 538 me
562 482 715 553 appellaret

120 543 321 633 [XXXIV.
353 552 387 616 Si
398 553 471 634 quis
483 550 516 614 in
527 563 616 615 curte
631 551 764 614 alterius
775 550 855 612 irato
872 552 981 612 animo
994 552 1204 635 sagittaverit,
1272 560 1292 621 ,’

79 630 135 702 sint
150 628 305 702 'lanceam
325 633 507 714 iactaverit,
541 647 596 698 aut
617 635 657 696 de
684 635 763 698 foris
791 656 867 716 sepe
895 635 997 698 alium
1026 637 1204 720 plagaverit

80 727 167 815 ipfra
185 728 330 799 curtem,
367 728 540 814 componat
562 717 682 782 solidos
705 719 770 779 XX.
798 728 935 801 excepta
966 720 1202 803 compositione

99 794 265 890 jugerum,
300 811 356 864 eut
384 801 570 878 foratarum,
605 801 631 864 si
656 799 788 880 fecerit,
821 801 906 866 sicut
933 800 969 863 in
998 803 1067 866 hoc
1088 804 1203 868 Edicto

79 831 221 980 iegitur,
244 893 427 970 componat.
488 887 516 948 1.
539 887 589 964 alp
611 885 641 949 3.

85 1031 115 1059 ,Η
145 1030 148 1038 ,

118 1045 198 1128 Post
219 1039 300 1122 hauc
321 1060 420 1142 legem
441 1053 608 1120 Heroldus
628 1068 792 1142 sequentes
809 1057 1032 1143 paragr-aplius
1052 1057 1178 1130 edidit.

165 1189 301 1274 Siquis
320 1187 354 1247 in
378 1195 503 1248 curtem
524 1185 664 1247 alienam
691 1184 785 1248 hoste
815 1186 923 1248 animo
943 1186 1115 1274 ingressus
1135 1193 1202 1254 fue-

81 1273 145 1356 rte,
166 1275 235 1341 XX.
257 1271 380 1334 solidos
399 1277 574 1353 componat
594 1267 626 1330 ei
648 1267 741 1330 cuius
762 1270 862 1331 cuntis
886 1281 944 1332 est.
1224 1291 1227 1296 ’

105 1363 120 1381 ’“
168 1357 287 1418 Mulier
309 1353 409 1415 curtis
437 1361 604 1436 rupturam
620 1354 743 1434 ‚facere
777 1373 845 1413 uon
872 1363 997 1438 potest,
1039 1355 1097 1417 vel
1129 1376 1203 1417 rue·

84 1441 190 1526 guorf,
212 1438 288 1536 quia
309 1436 483 1498 absurdum
503 1435 642 1513 videtur,
666 1444 701 1496 ut
723 1435 843 1496 mulier
863 1437 983 1518 libera,
1005 1447 1064 1516 aut
1086 1437 1203 1506 ancilla

79 1519 176 1610 qussi
198 1541 247 1583 vir
269 1541 349 1581 oum·
365 1519 460 1580 armis
480 1517 546 1580 vim
567 1519 673 1579 facere
718 1518 804 1580 ossit.

81 1625 84 1632 ’
167 1606 202 1666 si
222 1602 296 1687 quis
318 1603 484 1687 peculium
504 1621 599 1662 suum
618 1599 658 1662 de
674 1541 821 1663 ciisusnra
841 1600 947 1664 aliena
960 1603 1079 1665 tulerit
1100 1602 1204 1668 occul·

84 1698 138 1768 te,
160 1697 194 1748 et
207 1707 273 1749 non
292 1686 468 1770 rogaverit,
491 1691 663 1770 componat
683 1683 782 1747 curtis
797 1695 963 1770 rupturam
974 1733 984 1767 ,
1007 1687 1044 1750 id
1065 1695 1120 1749 est
1135 1707 1204 1749 suc-

83 1768 214 1858 ·goranit
237 1769 330 1831 solid.
349 1770 419 1830 XX.
705 1829 708 1837 ,

104 1864 109 1876 “
149 1853 300 1916 'XXXV.
342 1851 378 1912 Si
403 1849 478 1932 quis
505 1849 540 1911 in
564 1847 713 1910 Ecclesia
738 1850 928 1913 scandalum
955 1849 1202 1936 perpetraverit,

85 1937 156 2004 XL.
177 1935 272 1996 solid.
291 1935 331 1997 sit
348 1932 519 2017 culpabilis
540 1932 602 2016 ipsi
623 1934 800 1995 venerabili
819 1935 909 2013 loco,
933 1946 1074 2020 excepto
1100 1937 1203 2020 plagas

86 2031 148 2083 aut·
160 2019 271 2080 feritas
290 2018 344 2078 cui
365 2015 480 2098 lecerit
499 2025 681 2099 componat.
713 2018 755 2078 Et
770 2018 928 2100 praedicti
949 2021 1012 2080 XL.
1029 2019 1132 2081 solidi
1151 2038 1204 2102 per

87 2102 303 2180 scaldinium,
325 2109 381 2161 aut
397 2099 555 2177 iudicem,
576 2099 634 2196 qui
656 2098 690 2159 in
712 2100 786 2161 loco
807 2100 972 2168 ordinatus
993 2103 1117 2182 fuerit,
1139 2101 1204 2163 exi·-

85 2196 225 2274 gantur,
260 2194 293 2247 ct
323 2185 357 2245 in
385 2204 477 2245 sacro
501 2185 614 2262 altars,
652 2182 707 2244 ubi
739 2183 858 2244 iniuria
881 2187 965 2247 sacta
991 2185 1113 2265 fuerit,
1148 2207 1204 2269 po-

89 2278 222 2343 na'ntur.¹
271 2270 348 2335 Lu.
371 2289 400 2328 2.
513 2301 521 2313 ·

158 2369 238 2404 sona.
280 2353 359 2404 Petne
379 2359 409 2402 te
437 2347 559 2418 appellet
579 2349 731 2412 Martinus,
764 2349 812 2420 qui
832 2357 874 2403 est
889 2349 1048 2404 Advocatus
1073 2351 1111 2404 de
1133 2357 1203 2422 parte

86 2421 220 2484 Publica,
249 2422 324 2492 qnod
344 2419 502 2472 commisisti
521 2419 681 2472 scandalum
708 2420 738 2472 in
760 2419 811 2474 teli
838 2421 981 2486 Ecclesia,
1017 2440 1094 2494 qnae
1122 2431 1162 2476 cst
1178 2423 1204 2472 in

86 2492 256 2566 prpprietate
272 2491 382 2543 Donati.
418 2491 480 2572 Non
497 2490 606 2572 placeat
624 2492 692 2544 Deo.
859 2505 862 2510 '

174 2561 323 2622 XXXVI.
366 2559 400 2619 Si
414 2581 486 2640 quis
500 2569 582 2619 intra
595 2561 748 2641 palatium
763 2558 819 2621 ubi
832 2561 902 2623 Rex
916 2556 1053 2642 praeest,
1072 2559 1205 2622 scanda-

88 2642 160 2715 lum
184 2650 368 2724 perpetrare
386 2642 632 2723 praesumserit,
662 2642 785 2712 animae
810 2665 885 2704 suae
909 2643 1054 2706 incurrat
1078 2643 1206 2726 pericu·

91 2727 180 2802 lum,
203 2733 258 2784 aut
275 2724 414 2786 animam
427 2746 516 2788 suam
534 2725 686 2807 redimat,
708 2727 737 2787 si
756 2725 901 2788 obtinere
915 2727 1057 2810 potuerit
1072 2749 1093 2788 a
1112 2730 1206 2808 Rege.

2 2815 7 2833 '
89 2807 221 2884 l,2.3.

105 2936 108 2952 ,
161 2906 243 2944 rosa.
274 2889 354 2942 Petre
371 2899 399 2944 te
419 2890 540 2962 appellat
556 2890 689 2944 Martinus
704 2891 740 2944 de
752 2901 830 2963 parte
847 2891 973 2957 Publice,
991 2893 1068 2963 qnod
1083 2901 1118 2948 tn
1139 2910 1208 2948 com·

92 2958 188 3014 misisti
207 2958 366 3012 seandalum
382 2963 412 3014 in
429 2962 556 3024 Palaclo,
583 2960 630 3012 uhi
646 2965 704 3014 Rex
720 2972 786 3017 erat.
821 2963 882 3014 Non
903 2965 995 3033 placet
1013 2965 1081 3015 Deo.

176 3029 355 3092 xxxvia<
386 3032 419 3092 si
446 3032 518 3113 quis
546 3030 630 3091 liber
656 3033 754 3094 homo
778 3033 812 3093 in
840 3033 952 3094 eadem
974 3032 1125 3113 civitate,
1156 3032 1209 3094 ubi

67 3110 70 3114 ’
93 3121 220 3202 praeest
238 3114 326 3192 Rex,
347 3115 400 3178 vel
418 3125 497 3176 tunc
519 3114 682 3174 invenitur
700 3137 785 3194 esse,
815 3117 1002 3177 scandalum
1023 3127 1209 3201 perpetrare

93 3196 335 3287 Praesumserit;
352 3197 443 3258 idest
457 3197 483 3258 si
498 3197 686 3275 incitaverit,
706 3207 738 3260 et
749 3221 814 3259 non
824 3200 1030 3280 percusserit,
1047 3200 1090 3262 sit
1101 3203 1211 3285 culpa-

93 3279 170 3343 hilis
191 3278 224 3336 in
238 3279 357 3360 palatio
372 3279 467 3362 Regis
487 3279 664 3342 solidorum
681 3283 754 3343 Xll.
796 3283 875 3342 Nam
890 3281 915 3342 si
934 3284 1151 3366 percusserit,
1174 3283 1211 3344 sit

97 3360 269 3444 culpabilis
290 3363 473 3446 solidorumv
495 3365 633 3442 XXlV.,
665 3375 800 3448 excepto
825 3365 934 3447 plagas
961 3376 994 3427 et
1021 3366 1157 3447 feritas,
1187 3364 1212 3427 si
1295 3414 1296 3420 a

94 3445 229 3521 fecerit,
253 3445 337 3507 sicut
358 3448 643 3508 subteradnexum
665 3457 728 3525 est,
752 3457 931 3530 componat.
997 3449 1023 3510 l.
1047 3471 1076 3509 2.
1099 3453 1132 3527 [p.

165 3545 248 3588 nonu.
287 3530 364 3582 Petne
390 3540 420 3583 te
444 3530 567 3600 appellat
588 3529 738 3595 Martinus,
772 3533 820 3600 qui
842 3525 1055 3586 estAdvocatus
1079 3534 1117 3586 dc
1138 3541 1212 3604 purte

95 3597 228 3656 Publica,
256 3600 378 3668 quodtu
397 3601 553 3653 commisisti
580 3601 740 3652 scandalum
764 3603 793 3652 in
813 3602 906 3653 eadem
927 3602 1061 3665 Civitate‚
1088 3603 1139 3656 ubi
1159 3607 1213 3656 Rex

97 3679 172 3792 οἷαι,
192 3677 249 3790 aui)
256 3670 349 3724 statim
365 3672 458 3728 venire
483 3670 619 3739 debebat,
650 3679 678 3724 et
705 3673 814 3742 plagas,
840 3681 888 3724 aut
905 3672 997 3725 feritas
1015 3673 1118 3727 fecisti.
1154 3675 1213 3727 Non

95 3748 208 3814 peceat
252 3756 293 3792 eo.

67 3873 70 3880 ,
107 3863 120 3891 s,
183 3809 365 3881 XXXVIII.
407 3812 441 3872 Si
473 3810 545 3894 ans
572 3832 681 3872 servus
712 3810 745 3871 in
769 3813 881 3873 cadem
904 3811 1055 3891 civitate,
1093 3812 1130 3872 in
1153 3835 1215 3895 qua

98 3894 167 3966 Rex
189 3901 253 3966 est,
276 3893 463 3958 scandalum
485 3895 683 3972 incitaverit,
706 3903 737 3955 et
759 3916 825 3955 non
847 3895 1058 3978 percusserit,
1081 3895 1125 3958 sit
1147 3898 1215 3958 cul-

98 3977 216 4059 pabilis
238 3975 272 4034 in
294 3977 412 4060 palatio
433 3978 529 4060 Regis
550 3977 729 4040 solidorum
750 3978 808 4042 Vl.
831 3989 863 4040 et
884 3978 910 4038 si
935 3980 1157 4060 percusserit,
1179 3980 1217 4042 sit
1277 3982 1278 3986 ’

100 4058 270 4142 eplpabilis
292 4061 470 4122 solidorum
492 4061 579 4137 Xll.,
618 4070 753 4145 excepto
781 4063 889 4145 plagas
918 4072 950 4124 et
970 4060 1081 4124 feritas
1112 4065 1141 4125 si
1169 4067 1217 4126 le-

99 4143 197 4220 cerit,
222 4141 304 4202 sicut
324 4143 615 4206 subteradnexum
636 4154 702 4223 est,
726 4154 906 4229 componat.
970 4145 995 4206 Ι.
1019 4166 1048 4207 2.
1071 4147 1104 4210 5.

165 4224 347 4296 ,XXXlK
389 4227 425 4290 Si
451 4228 525 4310 quis
552 4228 636 4292 liber
668 4228 767 4292 homo
788 4230 825 4291 iu
844 4228 912 4295 alia·
929 4227 1057 4292 civitate
1079 4231 1219 4294 scanda-
