2648 4874
618 37 623 66 l

284 259 387 360 euers
405 303 693 372 wrsraoruoauu
712 303 775 357 aru.
794 301 840 356 iv.
859 300 932 358 rrr.
949 305 975 359 1.
1116 279 1189 358 not

86 465 179 506 nrore
212 441 369 504 videlicet
392 452 424 504 et
450 442 582 522 marito,
613 443 762 504 maritum
789 443 874 504 forte
897 437 1077 504 constiterit
1104 441 1190 506 inste

85 528 214 590 cuilibet
238 547 367 588 servum
399 526 579 598 addictum;
613 527 640 587 si
672 527 814 588 noluerit
837 527 957 587 mulier
981 544 1110 588 manere
1135 527 1189 588 vel

81 613 195 670 habere
209 610 312 669 illum
335 608 366 668 in
388 609 549 692 coniugali
569 631 677 672 recum
696 609 873 688 consortio,
896 609 1017 670 tamdiu
1037 630 1070 670 se
1091 626 1192 672 nore-

79 694 119 755 rit
138 701 245 752 castae
270 692 355 752 vitae
375 693 466 754 freno
487 713 616 753 manere
640 692 863 769 constrictam,
891 711 952 752 nec
975 690 1119 752 nubendi
1140 691 1189 751 al·

79 775 135 836 teri
153 775 229 836 viro
252 775 387 836 concedi
404 775 462 836 sibi
483 775 664 852 licentiam,
693 775 796 837 donec
817 775 886 836 eius
905 775 1038 836 maritus
1059 774 1100 836 de
1123 790 1192 857 quo

79 858 279 937 dictumest,
302 857 444 921 debitum
460 868 620 921 extremae
639 857 721 921 vitae
740 867 875 920 mortem
897 858 1052 922 exsolvat.

430 1003 494 1071 Ili.
535 1027 596 1067 rus.
631 1027 717 1072 rcus.
749 1025 828 1073 aux:

336 1117 385 1181 Ne
405 1120 488 1182 iuter
507 1117 648 1202 Sponsor
668 1119 837 1182 discidium
848 1119 927 1206 fiat.

161 1197 302 1282 Aequali
318 1203 426 1286 placet
443 1212 672 1286 transgressum
691 1203 893 1265 damnatione
912 1197 1079 1280 mulctari,
1100 1198 1189 1284 quod

77 1283 228 1346 illaesum
250 1285 377 1367 aequali
401 1283 578 1368 praestabat
599 1285 753 1370 dignitate
773 1307 913 1348 manere.
969 1285 1072 1370 Igitur
1097 1284 1190 1354 iuxta

76 1377 281 1451 praesentem
297 1367 495 1452 superiorem
517 1368 640 1451 legem,
663 1369 702 1430 de
725 1368 802 1430 viris
827 1377 859 1430 et
878 1365 1069 1429 mulieribus
1087 1387 1188 1449 spon-

78 1451 177 1528 satis,
198 1460 265 1510 tam
291 1450 326 1510 in
347 1451 492 1534 personis
511 1471 607 1532 qnam
627 1451 661 1514 in
689 1451 786 1514 rehua
811 1453 913 1513 forma
940 1449 1095 1512 servanda
1119 1458 1189 1510 esta

79 1533 137 1614 qui
168 1543 242 1615 post
263 1554 406 1594 arrarum
431 1533 655 1611 traditionem,
684 1545 738 1596 aut
757 1537 873 1598 iactam
897 1531 1075 1596 secundum
1098 1531 1187 1612 leges

79 1615 281 1679 delinitionis
295 1613 512 1697 sponsionem,
534 1615 702 1698 coniugale
720 1617 833 1680 foedus
842 1624 1095 1690 contemnentes,
1116 1613 1190 1676 aliis

79 1719 111 1761 se
133 1697 281 1782 personis
300 1699 333 1758 in
356 1697 542 1780 coniugium
565 1701 806 1781 copulaverint,
838 1723 896 1762 seu
922 1701 991 1760 sinc
1013 1696 1081 1780 pari
1106 1716 1188 1756 con-

79 1803 194 1856 sensu,
217 1790 273 1841 aut
292 1780 501 1862 aegritudinis
521 1784 651 1843 fortasse
671 1784 840 1846 manifesto
856 1782 1020 1865 periculo,
1043 1779 1082 1839 ad
1106 1776 1188 1837 reli-

79 1863 186 1946 gionis
203 1863 401 1946 propositum
411 1908 420 1940 ,
443 1864 616 1926 calliditate
633 1862 731 1948 magis
749 1887 844 1948 quam
862 1864 1034 1930 devotione
1048 1880 1187 1921 conver*

80 1945 234 2040 sationis,
255 1945 394 2028 aspirare
410 1945 696 2032 praesumpserint,
717 1948 917 2032 superiorem
937 1947 1043 2028 legem
1060 1941 1187 2028 praecl-

78 2049 185 2114 prmus
208 2049 409 2116 permanere.

120 2175 123 2180 ’
216 2205 300 2275 ma.
332 2208 391 2277 Ν.
429 2209 497 2294 nga
530 2209 754 2276 oarems
782 2205 1063 2276 uaruicum.

530 2357 558 2426 1.
598 2378 745 2434 aurrour.

408 2474 458 2535 De
476 2476 576 2559 primi
594 2475 712 2555 gradus
735 2487 859 2541 nature.

162 2560 272 2622 Primo
288 2557 390 2640 gradu
408 2558 619 2620 continentur
640 2557 798 2642 superiori
816 2557 921 2634 linea,
941 2563 1055 2640 pater,
1070 2561 1190 2616 mater:

80 2641 248 2784 infepppri,
278 2643 382 2721 filius,
414 2640 497 2702 lilia:
530 2641 647 2725 quibua
671 2642 782 2704 nullae
816 2639 899 2702 aliae
928 2658 1086 2724 personae
1112 2635 1190 2698 iun-

82 2745 149 2807 gun
207 2772 215 2790 .

328 2837 370 2900 ll.
411 2835 460 2898 De
482 2835 614 2898 sectandi
631 2835 750 2917 gradus
771 2833 942 2922 affinitate.

165 2920 316 2982 Secundo
334 2920 433 3004 gradu
453 2921 663 2982 continentur
678 2920 837 3002 superiori
857 2921 960 2995 linea,
982 2939 1080 2996 avus,
1101 2914 1190 2978 avia:

79 3005 252 3081 inferiori,
276 3025 393 3086 nepos,
415 3003 536 3087 neptis:
557 3013 754 3079 transversa,
776 3004 876 3063 frater
898 3012 931 3063 et
955 3022 1056 3062 soror.
1097 3001 1190 3078 Quae

79 3109 237 3170 personae
265 3086 481 3168 duplicantur.
523 3087 628 3164 ¹Avus
654 3085 799 3147 enimet
823 3085 913 3162 aria,
944 3093 1008 3143 tam
1035 3103 1076 3145 ex
1098 3093 1189 3165 patre

80 3191 175 3250 quam
193 3190 234 3229 ex
251 3180 367 3230 matre:
399 3189 516 3250 nepos,
539 3168 660 3249 neptis,
683 3178 800 3229 tamer
816 3167 901 3245 lilio,
924 3187 1019 3250 quiam
1039 3187 1079 3227 ex
1104 3165 1190 3227 filiai

78 3253 180 3312 frater
209 3260 242 3310 et
261 3273 367 3328 soror,
398 3258 460 3312 tam
486 3273 526 3312 ex
552 3261 640 3332 patre
665 3271 761 3332 quam
782 3273 822 3312 ex
849 3260 948 3310 matra
975 3249 1190 3330 accipinutur.

80 3335 173 3410 Quae
202 3354 359 3414 personae
386 3333 594 3416 sequentibus
621 3351 750 3414 quoque
774 3332 924 3416 gradibus
959 3331 1109 3393 similiter
1132 3351 1192 3413 per

79 3415 289 3476 substantiam
309 3437 434 3493 earum,
465 3415 598 3497 quaein
621 3437 752 3498 quoquo
772 3415 872 3498 gradu
891 3415 1088 3492 consistunt,
1120 3413 1192 3495 ipso

79 3499 194 3558 ordine
214 3497 430 3578 duplicantur.
471 3499 515 3560 Et
528 3498 604 3558 istae
618 3519 773 3579 personae
792 3499 824 3558 in
843 3498 986 3558 secundo
1002 3497 1101 3578 gradu
1115 3497 1192 3558 ideo

80 3580 230 3660 duplices
244 3581 466 3661 appellantur,
488 3580 564 3662 quia
584 3580 647 3641 duo
666 3579 735 3657 ari,
758 3591 790 3642 et
804 3590 955 3663 paternus
970 3589 1192 3640 etmaternusr

80 3661 157 3721 item
181 3662 247 3722 duo
276 3683 393 3744 genera
422 3673 575 3745 nepotum
599 3672 692 3740 sunt,
722 3661 790 3724 sive
813 3683 852 3723 cx
875 3661 942 3720 filio
964 3662 1031 3721 sive
1062 3661 1192 3722 exsilia

79 3743 255 3826 procreati.
306 3746 420 3804 Frater
440 3756 472 3804 et
497 3766 589 3806 soror
613 3766 653 3805 ex
681 3755 862 3805 transverso
888 3743 1044 3820 veniunt,
1076 3743 1190 3821 idest,

80 3827 181 3886 frater
197 3825 316 3908 patris,
339 3837 393 3887 aut
407 3829 505 3890 frater
520 3827 645 3901 matris,
667 3826 724 3907 qui
743 3836 797 3886 aut
811 3837 959 3910 patruus,
983 3835 1036 3885 aut
1049 3848 1193 3891 avuncu-

81 3906 131 3970 lus
149 3909 369 3970 nominantur.
409 3909 474 3988 Qui
493 3917 525 3972 et
538 3910 600 3995 ipsi
615 3909 676 3970 hoc
694 3907 808 3970 ordine
829 3909 1049 3992 duplicantur.

339 4053 403 4118 Ill.
449 4055 495 4115 De
516 4055 604 4116 tertii
620 4052 737 4134 gradus
756 4055 929 4140 parentela.

160 4138 277 4199 Tertio
295 4138 395 4221 gradu
423 4137 562 4200 ueniunt
582 4159 695 4217 supra,
724 4159 881 4221 proavus,
914 4137 1060 4220 proavia3
1094 4135 1192 4214 infra,

81 4240 266 4308 pronepos,
298 4223 481 4307 proneptis:
513 4243 556 4286 ex
577 4220 727 4306 obliquo,
757 4220 864 4284 fratris
889 4222 1072 4308 sororisque
1094 4219 1193 4299 filius,
