2684 4868
308 289 414 348 caess
431 285 724 348 msrcoraosnn
743 289 812 356 un·
826 286 876 349 vt
895 283 1015 352 nnn
1148 273 1222 350 oct

396 431 455 497 vl.
516 450 583 494 fras.
624 451 691 493 cns.
733 447 821 494 cana.
862 446 957 496 sarx.⁴

314 547 459 631 Qualiter
478 546 526 609 ad
543 564 648 629 regens
671 551 829 611 accusatio
850 549 1026 630 deseratur.
1202 623 1205 633 ⁴

188 631 225 695 Si
245 630 320 715 quis
340 629 486 716 Principi
509 641 621 693 contra
642 631 824 716 quemlibet
842 631 922 694 falsa
943 629 1159 716 suggesserit,
1180 631 1226 718 ita

102 726 143 780 nt
163 715 252 779 dicat
272 736 348 777 eum
368 714 522 778 adversus
541 713 681 798 Regem,
717 724 847 800 gentem
867 716 918 776 vel
940 713 1077 800 patriam
1099 714 1226 804 aliquid
1303 789 1307 796 ⁴

104 798 263 884 nequiter
296 797 487 862 meditatum
518 797 638 872 fuisse,
678 807 848 880 satagere
870 797 924 860 vel
946 797 1067 884 egisse:
1109 791 1224 862 seu'in

105 882 301 946 auctoritate
323 881 377 945 vel
408 879 588 978 praeceptis
610 880 718 966 regiae
740 881 927 968 potestatis,
957 888 1011 945 aut
1032 904 1146 944 eorum
1166 880 1225 971 qui

105 966 315 1030 ordinatione
347 961 518 1028 iudiciaria
554 963 754 1047 funguntur,
796 965 1023 1028 fraudulenter
1059 962 1226 1057 quippiam

105 1051 314 1127 immutasse,
346 1057 443 1130 atque
466 1047 561 1110 etiam
582 1047 775 1132 scripturam
795 1047 908 1111 falsam
920 1048 1043 1111 'fecisse
1066 1051 1116 1112 vel
1138 1052 1226 1130 reci-

104 1143 211 1210 tasse,
234 1132 413 1214 falsamque
434 1141 596 1193 monetam
615 1130 747 1193 fecisses
769 1130 826 1194 scd
848 1139 882 1193 at
901 1131 928 1194 si
956 1131 1151 1196 veneficium
1172 1133 1226 1201 vel

104 1215 319 1294 maleficium,
347 1223 402 1275 aut
419 1214 617 1276 adulterium
637 1213 746 1276 uxoris
767 1214 894 1277 alienae
915 1215 1048 1278 fortasse
1068 1217 1226 1305 prodide-

105 1300 167 1363 rit:
188 1297 307 1360 horum
325 1298 378 1361 vel
398 1295 555 1359 similium
574 1297 748 1360 criminum
770 1306 955 1378 accusator,
975 1322 1058 1384 quae
1077 1301 1118 1363 ad
1135 1301 1226 1386 eapi-

105 1383 149 1446 tis
169 1380 373 1466 pericnlum,
394 1380 448 1442 vel
469 1381 805 1443 rerum'amissionem
826 1380 990 1464 pertinere
1007 1381 1176 1461 videntur,
1198 1383 1226 1445 si

106 1486 186 1531 vera
204 1463 432 1548 repperiantur
452 1485 535 1546 quae
563 1464 701 1542 dixerit,
735 1463 859 1525 nnllam
880 1465 1014 1526 omnino
1031 1466 1227 1549 calumniam

106 1547 291 1612 sustinebit.
334 1546 368 1608 Si
391 1555 478 1609 certe
497 1547 586 1630 qnod
602 1543 738 1631 opponit
756 1546 874 1608 falsum
886 1565 953 1609 esse
971 1549 1171 1627 constiterit,
1194 1555 1228 1611 et

107 1653 169 1718 per
190 1632 291 1694 solam
312 1627 468 1691 invidiam
489 1629 523 1692 id
544 1629 660 1694 fecisse
681 1630 842 1714 patuerit,
866 1639 901 1690 ut
923 1629 1080 1695 iacturam
1101 1630 1227 1718 capitis,

109 1724 167 1776 aut
197 1715 429 1776 detrimentum
459 1713 619 1798 eorporis,
656 1714 710 1775 vel
743 1734 854 1775 rernm
883 1711 1022 1798 dampna
1049 1724 1226 1802 pateretur,

62 1845 66 1852 .
109 1819 210 1882 quem
230 1817 380 1860 accusare
402 1807 536 1859 conatus
557 1807 624 1876 est,
645 1795 679 1856 in
702 1804 891 1879 potestatem
912 1797 1057 1860 tradatur
1075 1799 1227 1871 accusati.

108 1882 173 1943 Ille
197 1879 281 1942 hanc
302 1901 441 1963 poenam
462 1881 495 1940 in
517 1901 551 1942 se
581 1880 714 1962 suisque
741 1881 838 1940 rebus
867 1879 1041 1964 suscipiat,
1078 1884 1136 1966 qui
1164 1881 1227 1944 hoc

109 1964 212 2025 alium
235 1962 445 2038 innocentem
466 1965 532 2047 pati
552 1963 702 2025 volucrit.
744 1965 792 2023 Ita
816 1970 852 2022 nt
874 1962 931 2024 ille
954 1961 1012 2044 qui
1033 1962 1122 2028 aliud
1143 1963 1228 2030 scire
1257 1981 1258 1984 ’

110 2069 144 2110 se
164 2046 261 2123 dicit,
291 2045 380 2131 quod
402 2046 442 2107 ad
464 2045 683 2130 cognitionem
710 2043 871 2127 Principis
901 2047 1002 2127 pessit
1024 2048 1229 2130 deduci,„et

110 2131 145 2191 in
167 2152 206 2190 eo
229 2129 301 2189 loco
316 2129 417 2190 fuerit
435 2129 491 2189 ubi
512 2139 593 2191 tunc
613 2127 737 2211 regiam
755 2135 944 2211 potestatem
957 2150 1025 2190 esse
1042 2127 1130 2193 conti
1154 2131 1228 2213 erit,

110 2222 167 2273 aut
182 2233 243 2310 per
260 2232 294 2273 se
310 2211 414 2272 statim
429 2223 579 2296 suggerat
595 2233 690 2272 omne
711 2211 799 2292 quod
819 2212 928 2292 novit,
951 2221 1006 2272 ant
1018 2235 1079 2298 per
1097 2213 1128 2310 fit
1143 2215 1229 2299 elem

109 2297 209 2378 Regis
229 2293 299 2356 eius
313 2293 476 2356 auditibus
495 2294 754 2356 denuntiandum
771 2303 934 2378 procuret.
986 2293 1082 2372 Quod
1103 2297 1130 2378 sa
1150 2319 1230 2380 pro-5

111 2381 167 2441 cul
190 2401 206 2437 a
230 2379 317 2460 Rege
347 2398 422 2438 eum
448 2399 516 2440 esse
540 2376 741 2461 provenerit,
779 2386 811 2437 et
833 2397 893 2459 per
917 2376 1059 2460 aliquem
1079 2376 1230 2464 Principi

110 2460 333 2522 mandandum
355 2459 550 2539 crediderit,
583 2459 671 2544 qnod
691 2460 731 2521 ad
757 2457 994 2522 accusationem
1019 2461 1230 2541 alterius'diss

112 2543 262 2605 noscitur
281 2544 465 2625 pertinere,
487 2563 595 2605 coram
616 2543 695 2619 illo,
718 2542 773 2604 cni
793 2539 855 2604 hoc
877 2545 1116 2626 suggerendum
1138 2569 1230 2608 com-

114 2627 229 2703 mittit,
250 2629 348 2687 talem
364 2625 532 2710 epistolam
549 2627 664 2704 faciat,
686 2647 745 2707 per
758 2648 855 2708 quam
866 2627 1125 2715 evidenterquid
1140 2653 1231 2700 man·

117 2709 176 2770 det
196 2730 233 2768 ex
257 2719 343 2776 anast.
398 2713 504 2788 Quam
525 2709 622 2772 etiam
642 2708 810 2789 epistolam
830 2719 895 2770 tres
917 2717 1034 2788 testes,
1067 2735 1148 2796 quos
1167 2707 1230 2776 sibi

116 2732 255 2852 noveniJ
266 2814 334 2854 csse
356 2791 488 2871 fideles,
515 2793 718 2855 evidentibus
739 2789 840 2874 signis
862 2800 923 2866 aut
936 2791 1231 2878 subscriptionibus

114 2873 211 2936 simul
240 2896 313 2936 cum
343 2875 414 2958 ipso
442 2875 653 2951 confirment,
694 2884 730 2937 ut
756 2883 867 2962 postea
894 2875 983 2960 quod
1003 2879 1228 2960 mandaverit,

114 2978 234 3042 negare
257 2979 323 3020 non
343 2957 455 3042 possit.

457 3074 531 3140 VII.
593 3096 656 3138 sss.
696 3095 782 3137 cuns.
824 3096 896 3138 unx.

259 3190 315 3251 .De
337 3202 500 3252 reseruata
519 3187 722 3276 Principibus
739 3205 895 3276 potestate
912 3191 1079 3278 parcendi,

200 3273 468 3356 Quotiescunque
482 3271 575 3336 nobis
589 3296 648 3357 pro
668 3274 737 3353 his,
760 3276 817 3356 qui
838 3275 872 3336 in
895 3276 1014 3338 caussis
1034 3273 1149 3338 nostris
1168 3275 1233 3336 nli-

116 3378 184 3439 quo
211 3356 347 3418 crimine
378 3355 535 3442 implicati
555 3367 631 3419 sunt
650 3357 869 3442 supplicatur,
900 3369 932 3423 et
949 3357 1145 3444 suggerendi
1168 3359 1232 3419 tri-

114 3440 247 3501 buimus
275 3439 416 3519 aditum,
450 3451 483 3501 et
509 3439 562 3523 pia
588 3440 794 3503 miseratione
824 3441 1090 3525 delinquentibus
1120 3443 1232 3526 culpas

115 3523 267 3584 omittere
288 3531 416 3584 nostrae
437 3523 585 3606 potestati
605 3545 780 3587 servamus.
821 3526 886 3586 Pro
907 3546 1016 3587 caussa
1033 3534 1139 3586 autem
1155 3532 1233 3610 gen·

114 3607 159 3668 tis
180 3614 212 3667 et
233 3605 356 3688 patriae
372 3604 561 3668 huiusmodi
579 3606 746 3668 licentiam
767 3607 973 3689 denegamus.
1015 3609 1112 3685 Quod
1130 3608 1156 3670 si
1180 3606 1231 3668 dt-

115 3689 195 3749 aina
217 3686 380 3750 miseratio
402 3699 467 3749 tam
487 3689 650 3752 sceleratis
670 3689 817 3772 personis
838 3711 896 3752 cor
908 3690 1069 3773 Principis
1086 3689 1232 3753 misereri

116 3771 329 3852 compulerit,
363 3793 438 3834 cum
460 3773 598 3834 adsensu
618 3773 841 3854 sacerdotum,
874 3774 1098 3860 maiorumque
1118 3772 1233 3860 palatii

117 3852 285 3915 licentiam
304 3851 480 3918 miserandi
500 3854 643 3917 libenter
660 3854 802 3924 habebit.
1088 3885 1089 3888 ¹

531 3971 624 4055 VIll,
664 3991 815 4050 narseus.
844 3991 846 4000 ’

147 4077 249 4172 pund
265 4079 322 4142 ille
342 4081 429 4144 solus
449 4079 618 4166 culpabilis
639 4081 720 4154 erit,
743 4081 800 4164 qui
819 4079 980 4164 culpanda
1000 4081 1203 4153 conamisenit,

202 4163 322 4224 Omnia
357 4164 493 4226 crimina
521 4185 595 4226 suos
622 4173 801 4248 sequantur
827 4172 984 4232 auctores.
1047 4166 1114 4227 Nec
1143 4173 1236 4248 pater

23 4281 27 4288 ·
118 4265 179 4328 pro
201 4245 290 4327 filio,
324 4266 387 4312 nec
405 4246 494 4312 filins
513 4269 573 4333 pro
593 4256 706 4333 patre,
729 4267 792 4312 nec
815 4268 899 4310 uxor
922 4269 982 4331 pro
1002 4247 1139 4326 marito,
1171 4270 1235 4310 nec
