2684 4868
123 269 199 348 sm
243 298 245 304 ·
304 284 409 348 mors
427 280 720 370 wrsruoruoruu
738 283 803 356 tn.
828 285 978 342 utrm
996 286 1043 342 vr.

307 494 396 566 Trr.
422 493 491 574 vt,
541 495 600 566 De
626 494 796 568 Falsariis
819 495 1065 575 Metellorum.

560 659 586 720 1.
648 680 798 734 anricus.

124 775 175 835 De
200 771 386 856 torquendis
409 775 511 834 servis
540 774 574 834 in
598 773 697 856 eapite
722 773 922 836 dominorum
949 788 1011 858 pro
1035 780 1232 864 corruptione

146 871 306 935 monetae,
338 866 496 918 eteorum
518 856 680 935 mercede,
709 859 764 939 qui
785 859 843 916 visi
863 859 1028 920 extiterint
1049 865 1211 930 revelasse.

208 941 324 1002 Servor
347 940 492 1021 torqueri
519 962 578 1023 pro
599 939 678 1000 falsu
699 948 827 1000 moneta
847 941 881 1000 iu
903 940 1006 1023 capite
1033 941 1154 1004 domini
1173 948 1234 1008 du-

124 1019 272 1084 minaeve
299 1041 366 1082 non
386 1031 546 1099 vetamus,
577 1032 613 1084 ut
639 1043 751 1083 eorum
774 1023 942 1085 tormentis
967 1023 1085 1086 veritas
1108 1027 1234 1090 facilius

123 1105 225 1188 possit
243 1102 396 1166 inveniri.
438 1105 487 1167 lta
511 1113 546 1165 ut
565 1105 591 1167 si
615 1125 727 1170 servus
749 1105 876 1167 alienus
899 1105 962 1166 hoc
981 1107 1180 1188 prodiderit,
1204 1119 1238 1172 et

124 1185 213 1270 quod
228 1186 410 1268 prodiderit
433 1208 547 1250 verum
568 1187 729 1265 extiterit,
757 1185 784 1250 si
813 1187 962 1250 dominus
986 1189 1055 1250 eius
1081 1193 1237 1274 voluerit,

123 1269 387 1330 manumittaturr
409 1277 442 1331 et
460 1269 591 1332 domino
609 1271 678 1332 eius
699 1291 716 1330 a
737 1269 813 1332 fisco
830 1271 977 1356 precium
997 1271 1106 1334 detur:
1134 1275 1162 1336 si
1182 1299 1240 1338 au·

125 1361 191 1414 tem
211 1351 371 1429 noluerit,
401 1351 507 1414 eidem
529 1373 624 1415 servo
646 1375 664 1412 a
684 1352 763 1415 fisco.
787 1363 851 1418 tres
873 1355 943 1415 auri
969 1354 1084 1414 unciae
1107 1355 1238 1426 dentur.

125 1435 161 1496 si
178 1453 257 1498 tero
281 1434 443 1578 ἱῖὅοιιιιω
463 1436 583 1512 fuerit,
609 1457 667 1500 sex
685 1435 797 1498 uncias
817 1437 888 1502 anri
908 1457 968 1522 pro
988 1438 1132 1503 revelate
1148 1442 1237 1505 reri-

115 1527 191 1582 “tate
211 1538 300 1583 mere
324 1527 399 1584 rtur.

427 1663 470 1729 ll.
533 1687 595 1729 rus.
636 1687 701 1730 cns.
743 1689 829 1730 acas.
870 1689 940 1731 aux.

249 1783 299 1846 De
320 1781 369 1843 itis
390 1783 446 1867 qui
465 1780 585 1844 solidos
606 1796 660 1844 aut
683 1798 838 1846 monetam
857 1784 1115 1854 adulteraverint.

208 1865 276 1945 Qui
307 1863 428 1928 solidos
458 1866 708 1944 adulteraverit,
744 1867 985 1930 circumciderit
1011 1869 1078 1930 sire
1103 1870 1236 1950 raserit,

124 1946 180 2011 ubi
202 1949 343 2033 primum
369 1949 432 2010 hoc
453 1947 553 2010 iudex
577 1949 763 2032 agnoverit,
791 1952 897 2012 statim
925 1973 1000 2013 eum
1021 1953 1238 2036 comprehen-

124 2033 197 2094 dat:
218 2041 252 2095 et
271 2032 297 2093 si
322 2053 437 2094 servus
452 2032 571 2110 fuerit,
607 2032 712 2093 eidem
736 2033 879 2094 dextrum
905 2055 1035 2095 manum
1060 2035 1236 2101 abscindat.

57 2127 60 2134 '
123 2117 193 2196 Qui
211 2115 239 2178 ei
254 2123 365 2199 postea
385 2115 418 2176 in
446 2113 563 2176 talibus
587 2116 705 2176 caussis
720 2116 819 2176 fuerit
835 2117 1007 2195 inventus,
1029 2119 1124 2200 Regis
1140 2140 1238 2201 prae·

124 2198 248 2261 seutiae
271 2198 469 2276 destinetur,
492 2197 610 2259 uteius
632 2198 765 2259 arbitrio
789 2220 886 2280 super
904 2221 978 2260 eum
996 2201 1158 2264 sententia
1181 2202 1237 2262 de·

122 2291 299 2364 promatur.
342 2279 480 2359 Quodsi
503 2279 564 2341 hoc
581 2281 800 2343 iudoxfacere
823 2282 1002 2361 distulerit,
1034 2283 1103 2367 ipse
1121 2284 1162 2344 de
1185 2303 1236 2345 re·

123 2384 197 2424 rum
215 2383 348 2426 suarum
361 2362 455 2424 bouis
476 2373 621 2444 quartam
638 2374 761 2445 purtem
777 2364 915 2442 amittat,
938 2387 1020 2447 quae
1042 2365 1235 2428 omnimodis

123 2443 202 2508 fisco
227 2444 383 2528 preficiat.
435 2444 534 2522 Quod
554 2446 580 2507 si
606 2446 767 2528 ingenuus
784 2447 825 2508 sit
844 2449 900 2529 qui
917 2447 996 2509 haec
1014 2450 1128 2526 iaciat,
1149 2449 1236 2508 bona

118 2526 195 2593 eius
217 2547 258 2590 ex
278 2525 450 2588 medietate
473 2527 567 2591 fiscus
592 2528 753 2610 acquirat:
777 2527 933 2592 humilior
951 2551 1031 2592 vero
1049 2541 1168 2592 statum
1187 2531 1236 2590 in-

123 2607 298 2691 genuitatis
322 2629 398 2670 suae
421 2609 552 2692 perdat,
585 2613 639 2673 eni
660 2612 729 2688 Rex
750 2605 898 2692 iusserit,
925 2613 1066 2675 servitio*
1079 2612 1237 2698 deputan-

124 2693 196 2758 dus.
238 2689 305 2770 Qui
318 2700 425 2753 autem
441 2691 554 2753 falsam
573 2702 733 2756 monetam
755 2695 925 2778 sculpserit
945 2695 1010 2758 sive
1035 2697 1234 2774 formaverit,

124 2793 342 2920 qualicunque
369 2794 510 2862 persona
534 2775 593 2858 sit,
629 2775 729 2839 simili
755 2779 934 2842 sententiae
956 2788 989 2842 et
1011 2801 1137 2865 poenae
1158 2779 1237 2843 rub·

124 2857 199 2929 iace
218 2857 254 2925 it.

558 2969 616 3038 tlt
659 2995 813 3052 surmus.-

164 3093 215 3156 De
236 3090 285 3154 tis
306 3093 363 3174 qni
380 3100 542 3172 acceptum
565 3111 676 3152 aarum
695 3091 826 3152 alterius
844 3091 964 3154 metelli
976 3090 1192 3179 permixtione

582 3175 791 3258 corruperint.
1225 3250 1227 3260 Ι

206 3255 276 3335 Qui
296 3275 412 3319 aurum
428 3253 470 3316 ad
487 3253 634 3318 iacienda
651 3265 838 3318 ornamenta
855 3253 1055 3340 susceperit,
1090 3264 1123 3318 et
1140 3255 1236 3318 edul-

122 3339 298 3417 terarerit,
322 3338 390 3402 sire
414 3338 497 3400 aeris
526 3347 581 3399 aut
609 3339 752 3422 argenti,
779 3339 832 3401 vel
860 3339 1085 3422 cuiuscunque
1109 3337 1236 3402 iilioris

122 3422 249 3486 metalli
268 3421 484 3509 permixtione
503 3423 704 3507 corruperit,
724 3444 784 3509 pro
804 3423 878 3488 iure
896 3431 1054 3486 teneatur.

413 3569 473 3636 lv.
535 3593 598 3636 rxs.
638 3593 705 3634 ors.
746 3595 834 3636 aens.
874 3596 946 3654 aar.

123 3687 162 3750 Si
182 3707 438 3775 quorumeunque
461 3688 657 3750 metallorum
671 3684 763 3768 febri
785 3688 826 3750 de
852 3688 944 3750 rebus
964 3687 1094 3751 creditis
1121 3709 1236 3776 reppe-

422 3774 547 3834 rientur
567 3770 693 3854 aliquid
710 3771 916 3833 subtraxisse.

206 3878 381 3951 Aurilices,
404 3877 597 3964 argentarii,
621 3877 672 3940 vel
690 3879 878 3963 quicunque
898 3877 1054 3957 artifices,
1076 3879 1103 3942 si
1123 3877 1163 3940 de
1181 3898 1235 3938 re-

122 3963 183 4028 bus
199 3965 261 4029 sibi
283 3964 457 4030 commissis
475 3971 532 4025 aut
546 3960 672 4028 traditis
692 3961 816 4049 aliquid
830 3961 1067 4041 subtraxerint,
1089 3961 1235 4046 profare

124 4059 309 4118 teneantur.
