2684 4868
285 267 290 272 ,
313 229 420 288 mers
436 223 728 290 wrsrcornoeou
747 231 811 285 nn.
830 232 864 304 v,
882 229 956 288 τιτ.
974 231 1039 296 vr.
1136 215 1210 290 529

44 397 47 403 ’
89 374 204 440 debito
224 373 278 438 vel
298 383 389 436 reatu
417 371 579 457 perpetim
598 370 791 436 serviturum
819 369 919 436 iudex
938 373 1122 460 petentibus
1143 349 1225 442 uas

89 461 170 527 dere
193 477 261 522 nou
276 457 422 541 desistat.
1086 467 1092 476 ·
1128 475 1131 482 .

436 595 495 666 vt.
544 617 609 660 rm.
652 615 740 666 canc.
782 617 852 664 nnr.

88 716 240 801 Qualiter
259 710 403 798 defuncti
424 711 566 776 debitum
589 721 645 806 arat
670 712 827 811 pietantia
851 727 927 799 post
956 727 1090 780 morum
1106 717 1210 803 posen
1284 765 1286 771 ,

557 817 560 822 ·
590 814 623 856 m
646 816 719 856 aare.

170 879 207 941 Si
228 876 367 943 virentis
389 875 564 939 cuiuslibet
584 812 754 940 miniteris
775 878 871 963 culpa
894 902 960 942 non
981 892 1125 965 apparet,
1148 903 1207 946 ne-

84 966 135 1026 fas
157 984 229 1026 esse
252 983 320 1023 non
342 961 556 1022 dubitandum
584 967 650 1037 est,
681 970 719 1022 ut
747 983 823 1023 enm
850 964 1022 1047 quisquam
1043 975 1116 1049 post
1135 967 1208 1028 obi-

82 1059 154 1109 tum
177 1045 330 1107 mansisse
354 1043 414 1105 sibi
428 1065 521 1105 rcum
538 1051 678 1104 accuset
716 1045 764 1107 Ne
788 1067 865 1130 ergo
888 1046 921 1108 in
943 1050 1055 1110 fraude
1077 1048 1208 1112 heredis

84 1129 236 1194 defuncti
256 1127 446 1212 quicunque
467 1125 642 1211 posthaec
662 1126 740 1187 talia
762 1140 897 1191 conetur
908 1151 1122 1227 praesumere,
1141 1132 1207 1192 bn-

83 1215 137 1276 ius
160 1212 242 1295 legis
263 1210 414 1292 redargui
435 1208 602 1272 sanctione
626 1229 659 1269 se
683 1211 828 1282 noverit:
851 1213 996 1292 scilicet,
1027 1224 1065 1276 nt
1085 1215 1112 1276 si
1133 1215 1206 1298 quis

83 1295 269 1380 quemlibet
296 1293 490 1355 defunctum
509 1291 570 1356 sibi
591 1289 791 1372 violentum,
821 1305 877 1357 aut
903 1317 1108 1378 pervasorem
1128 1319 1206 1360 suae

82 1379 155 1458 rei,
178 1378 244 1440 sire
267 1376 474 1459 direptorem,
496 1397 554 1437 seu
576 1373 753 1437 debitorem
773 1377 872 1440 fuisse
893 1380 1096 1458 adstruxerit,
1114 1399 1206 1442 eum·

83 1451 151 1546 qu'e
182 1460 404 1544 quodcunque
432 1457 595 1520 inlicitum
622 1459 802 1521 secundum
827 1462 1027 1544 superiorem
1058 1462 1206 1525 ordinem

83 1545 207 1610 dixerit
226 1553 443 1627 perpetrasse:
467 1562 534 1602 non
557 1540 653 1602 aliter
673 1541 744 1604 eius
765 1545 935 1606 assertioni
958 1546 1118 1619 credatur,
1141 1545 1205 1607 nisi

24 1676 28 1684 ,
83 1651 145 1714 per
173 1647 404 1710 quamcunque
436 1623 627 1707 scripturam
648 1630 715 1686 'aut
741 1626 1000 1689 testificationem
1029 1628 1206 1711 legitimam

83 1713 121 1775 id
140 1732 256 1773 verum
270 1729 338 1772 esse
367 1706 589 1770 indubitanter
627 1706 770 1771 edoceat.
812 1711 911 1788 Quod
935 1709 962 1773 si
989 1712 1054 1772 tale
1076 1710 1205 1794 aliquid

83 1794 224 1880 quisque
246 1791 434 1870 convicerit,
456 1797 490 1854 et
510 1791 685 1852 defunctus
712 1790 769 1853 ille
801 1792 840 1853 de
872 1813 938 1875 quo
968 1794 1090 1877 agitur,
1116 1793 1202 1857 filios

81 1900 152 1941 non
174 1875 375 1957 relinquens,
385 1873 573 1935 facultatem
593 1894 683 1935 snam
705 1874 770 1935 suis
791 1873 913 1938 libertis
929 1886 985 1938 aut
1023 1877 1203 1938 uibuscnn·
1290 1891 1294 1897 “

81 1983 149 2044 que
160 1960 306 2044 personis
319 1957 498 2019 dinoscitur
511 1957 702 2019 contulisse:
726 1957 787 2041 ipsi
806 1957 915 2020 liberti
929 1960 981 2022 vel
996 1899 1076 2022 iliae
1088 1981 1202 2041 perso-

67 2047 156 2122 nae,
178 2043 269 2103 iuxta
289 2041 378 2123 quod
398 2039 564 2123 possident
586 2039 626 2101 de
647 2039 742 2102 rebus
764 2040 921 2119 defuncti,
952 2061 1035 2124 quae
1063 2042 1200 2103 defunc·

79 2137 135 2190 tus
156 2123 269 2188 debuit
289 2126 342 2186 vel
365 2122 544 2202 commisit,
567 2121 732 2184 insistente
755 2122 874 2203 iudice,
898 2135 1030 2208 cogatur
1050 2125 1200 2201 exscire-

81 2233 131 2272 re.
171 2211 254 2270 Nam
275 2208 302 2268 si
322 2206 407 2268 filios
421 2205 602 2288 reliquerit,
624 2215 658 2266 et
675 2205 735 2289 ipsi
751 2227 880 2268 omnem
897 2208 966 2270 eius
981 2207 1129 2270 obtinent
1149 2208 1199 2269 fa·

80 2292 246 2369 cultatem,
260 2290 321 2374 ipsi
334 2290 450 2373 procul
472 2288 571 2350 dubio
594 2288 731 2371 cogendi
753 2299 828 2352 sunt
847 2289 904 2350 illa
924 2291 1085 2373 supplere,
1105 2285 1199 2352 'unde

79 2385 194 2438 auctor
211 2395 335 2451 eorum,
352 2372 480 2435 debitor
499 2381 555 2434 ant
575 2380 797 2455 praesumptor
819 2373 1025 2434 convincitur
1042 2371 1197 2436 extitisse.

77 2458 115 2520 si
129 2467 217 2520 certe
234 2457 471 2540 praedictarum
487 2475 672 2516 caussarum
684 2455 842 2518 obnoxius
854 2455 900 2517 sic
913 2458 952 2519 ab
965 2456 1027 2517 hac
1043 2458 1117 2518 luce
1133 2455 1196 2517 dis-

77 2540 222 2618 cesserit,
237 2540 331 2600 atde
353 2537 420 2599 suis
437 2539 534 2599 rebus
553 2537 600 2598 nil
621 2538 768 2600 videatur
788 2537 991 2620 aliquatenus
1009 2539 1194 2612 ordinasse3

76 2622 256 2708 propinqui
276 2622 356 2698 eius,
366 2621 420 2682 vel
441 2620 497 2703 qni
516 2621 703 2683 facultatem
718 2620 818 2704 ipsius
828 2622 967 2685 adierint
981 2625 1036 2684 aut
1044 2621 1196 2705 possede-

76 2707 158 2783 rint,
178 2705 307 2787 petitori
329 2705 370 2767 de
392 2725 427 2765 re
454 2702 507 2766 rel
530 2724 639 2766 caussa
661 2726 758 2788 qnam
785 2707 922 2786 repetit,
953 2705 1090 2788 cogendi
1118 2716 1195 2770 sunt

76 2788 219 2852 reddere
239 2789 415 2863 rationem,
438 2786 482 2848 ita
503 2795 539 2847 nt
559 2786 586 2847 si
608 2785 684 2865 illc,
706 2787 763 2870 qni
785 2787 911 2850 debitor
930 2798 985 2849 aut
1005 2810 1194 2871 praesump-

75 2882 191 2935 tuosus
214 2870 331 2936 dicitur
353 2869 505 2945 extitisse,
526 2868 574 2930 nil
595 2869 702 2932 reru'm
732 2893 862 2932 suarum
882 2871 1023 2936 moriens
1055 2871 1194 2933 dinosci·

75 2968 131 3018 tur
150 2953 344 3036 reliquisse,
378 2953 418 3014 ab
439 2952 527 3013 omni
555 2951 738 3037 calumpnia
764 2954 940 3036 repetentis
968 2953 1037 3015 eius
1058 2953 1117 3015 filii
1137 2953 1191 3016 vel

77 3038 254 3122 propinqui
275 3036 453 3097 habeantur
473 3035 643 3098 immunes·
684 3035 741 3098 Sin
762 3047 870 3099 autern
890 3037 1109 3119 quodcunque
1132 3035 1192 3098 de-

77 3125 211 3182 functus
231 3118 385 3201 reliquit,
408 3128 442 3180 et
461 3119 562 3179 maius
582 3119 740 3202 estquod
759 3121 889 3204 petitur,
910 3123 1008 3204 qnam
1028 3118 1118 3202 quod
1137 3139 1192 3179 re-

77 3203 211 3285 liquisse
239 3202 382 3272 videtum
415 3201 442 3262 si
471 3199 530 3261 filii
552 3199 619 3263 eius
650 3211 704 3264 aut
734 3203 919 3287 propinqui,
949 3213 1004 3264 aut
1033 3201 1091 3285 qui
1122 3200 1190 3262 eius

76 3287 245 3370 possident
264 3286 358 3362 bona,
382 3283 547 3346 noluerint
566 3305 624 3366 pro
646 3294 737 3347 reatu
758 3282 828 3362 eins
854 3287 908 3348 vel
931 3285 1038 3348 debito
1067 3282 1191 3346 satisfa-

77 3391 169 3448 cere,
201 3369 241 3430 de
271 3367 368 3429 rebus
397 3389 415 3426 a
444 3366 598 3428 defuncto
628 3367 765 3432 dimissis
787 3390 854 3448 non
880 3377 1046 3432 morentur
1066 3365 1189 3454 petenti
1306 3368 1308 3372 ’

71 3455 180 3516 facere
204 3449 394 3514 cessionem.

229 3654 321 3725 Trr.
347 3652 433 3731 vll.
484 3653 544 3724 De
568 3652 799 3725 libertatibus
822 3664 860 3724 et
884 3652 1036 3725 libertis.
1129 3759 1137 3769 .

519 3816 545 3878 l.
588 3805 737 3891 currens.

74 3955 114 4018 Si
137 3955 316 4041 mancipia,
340 3955 409 4018 sine
430 3976 492 4044 per
506 3953 722 4038 ,scripturaram
743 3977 798 4018 sen
812 3977 874 4042 per
893 3967 1001 4018 testem
1020 3952 1189 4028 manumite

576 4049 693 4104 tantur.
1060 4097 1073 4124 ⁶

158 4118 194 4182 Si
216 4119 290 4202 quis
311 4119 452 4182 moriens
478 4119 758 4204 perscripturum,
781 4132 836 4184 ant
860 4117 1081 4205 praesentibus
1101 4112 1192 4176 testi-

73 4203 147 4282 bus,
169 4203 390 4266 manumiserit
410 4203 570 4287 mancipia
590 4205 814 4284 annulantes
835 4205 903 4268 eius
923 4203 1039 4266 habeat
1056 4196 1193 4263 *firmitu-

950 4317 1094 4389 34'
