2648 4874
169 255 243 327 470
299 300 301 306 ,
366 273 474 330 ,rums
493 271 782 327 wrsroornonuu
802 273 868 329 um.
888 277 940 330 ιιι.
958 276 1029 334 ιιι.
1050 281 1088 330 ιι.
1116 254 1120 260 ’

171 415 340 477 accesserit
366 414 501 500 petitor,
535 421 615 474 tunc
643 421 773 495 patruos
797 414 865 476 sive
886 415 1000 478 fratres
1026 438 1098 478 oum
1117 419 1275 500 proximis

169 499 355 583 parentibus
377 497 632 577 conloquuntur,
662 497 689 555 si
710 498 814 558 velint
840 499 1000 579 suscipere
1027 499 1215 580 petitorem:
1237 514 1274 565 ut

170 591 227 642 aut
248 581 410 641 communi
431 579 595 642 voluntate
617 579 803 662 iungantur,
824 588 881 640 aut
896 581 1058 642 communi
1075 582 1198 644 iudicio
1215 585 1273 646 de·

168 669 315 748 negetur.

581 741 675 810 VIII.
717 765 864 820 rumque.

170 865 207 926 Si
227 860 352 945 fratres
372 864 497 946 nuptias
513 861 640 947 puellae
661 861 835 944 differant,
866 874 920 922 aut
941 861 971 921 si
988 863 1095 945 puella
1110 866 1272 952 impudice

555 949 678 1027 uupu'as
697 957 885 1028 praesumat.
1254 969 1257 980 ·

249 1028 287 1091 Si
307 1029 422 1090 fratres
438 1027 564 1110 nuptias
586 1027 714 1109 puellae
730 1026 788 1086 sub
807 1047 842 1084 ea
859 1025 1045 1088 conditione
1065 1031 1275 1112 suspendant,

169 1122 207 1173 ut
229 1113 269 1174 ud
289 1112 439 1172 maritum
457 1111 512 1170 illa
533 1109 724 1192 confugiens
746 1108 834 1168 iuxta
861 1108 966 1191 legem
983 1112 1164 1192 portionem
1187 1112 1274 1176 inter

168 1196 284 1256 fratres
308 1217 381 1256 suos
405 1193 445 1253 de
465 1191 558 1254 honis
576 1199 745 1275 parentum
770 1212 834 1250 non
855 1192 955 1271 possit
979 1195 1142 1275 accipere,
1172 1206 1204 1254 et
1222 1196 1273 1260 his

169 1287 225 1336 aut
250 1277 345 1338 tertio
367 1275 562 1336 removerint
581 1275 769 1355 petitorem
798 1275 907 1354 puella
928 1274 1005 1356 quia
1021 1276 1156 1336 fratrum
1178 1280 1274 1339 calli-

169 1360 266 1421 ditate
289 1367 455 1442 perspecta
473 1357 621 1418 maritum
641 1357 800 1419 natalibus
818 1355 883 1416 suis
908 1356 1075 1438 aequalem
1099 1359 1274 1422 crediderit

169 1442 406 1524 expetendum,
427 1448 504 1499 tunc
524 1439 712 1521 integrama
734 1437 902 1515 fratribus,
925 1461 1008 1521 quae
1031 1441 1062 1502 ei
1090 1441 1130 1502 de
1154 1432 1272 1522 pareu-

168 1533 236 1584 tum
254 1523 432 1582 hereditate
452 1521 607 1598 debetur,
628 1521 784 1604 percipiat
804 1520 994 1601 portionem.
1037 1524 1134 1602 Quod
1153 1525 1182 1585 si
1197 1547 1271 1586 rur-

155 1615 238 1668 'sum
255 1605 301 1665 nil
324 1606 436 1666 fratres
459 1613 571 1666 contra
589 1625 731 1666 sororem
752 1603 948 1664 meditentur
965 1605 1155 1682 adversum,
1179 1618 1210 1668 et
1226 1608 1272 1668 id-

168 1689 255 1752 circo
273 1698 455 1763 morentur,
471 1698 507 1748 ut
530 1687 631 1746 sorori
652 1687 842 1768 provideant
857 1686 1051 1768 digniorem
1083 1698 1115 1749 et
1130 1689 1188 1748 illa
1209 1689 1270 1750 ho·

168 1771 300 1832 aestatis
321 1791 395 1830 suae
416 1769 535 1840 oblita,
557 1791 710 1849 personae
730 1791 805 1830 suae
824 1790 889 1829 non
908 1770 1050 1851 cogitans
1071 1779 1206 1848 statum,
1230 1771 1270 1831 ad

167 1854 357 1914 inferiorem
377 1853 459 1914 forte
478 1851 627 1910 maritum
649 1851 830 1913 devenerit:
851 1852 1034 1933 portionem
1054 1873 1166 1932 suam,
1202 1853 1271 1914 siva

168 1936 302 1998 divisam
319 1935 386 1996 sive
402 1955 465 1996 non
481 1934 630 2011 divisam,
652 1955 748 2016 quam
762 1935 801 1995 de
814 1935 964 1995 facultate
978 1944 1147 2016 parentum
1165 1938 1271 1995 fuerat

168 2025 369 2100 consequuta
386 2018 436 2077 vel
461 2027 719 2098 consequutura,
751 2017 879 2076 amittat.
922 2016 960 2076 In
981 2019 1116 2077 fratrum
1137 2039 1213 2079 vcro
1239 2027 1272 2078 et

167 2122 313 2160 sororum
339 2109 372 2160 et
400 2100 536 2160 aliorum
563 2108 731 2180 parentum
762 2099 974 2162 hereditatem
1002 2099 1208 2183 ingrediendi
1239 2099 1270 2162 ei

167 2183 372 2244 concedimus
393 2191 591 2264 potestatem.

539 2293 596 2358 IX.
630 2317 690 2361 rus.
723 2318 809 2362 rens.
839 2317 908 2358 nex.

168 2413 306 2474 Nerine
331 2412 405 2472 dote
434 2412 609 2490 coniugium
625 2410 707 2494 fiat,
742 2423 772 2470 ct
797 2424 831 2471 ut
856 2410 896 2471 de
923 2411 1153 2496 quibuscunque
1176 2413 1268 2474 rebus

331 2495 389 2555 dos
410 2497 587 2575 conscripta
596 2489 718 2572 fuerit,
738 2493 928 2576 firmitatem
951 2494 1098 2554 obtineat.

248 2577 439 2657 Nuptiarum
459 2598 537 2654 opus
557 2575 587 2632 in
607 2573 669 2636 hoc
689 2575 868 2636 dinoscitur
886 2575 1003 2636 habere
1025 2571 1190 2657 dignitatis
1207 2599 1267 2637 no·
1302 2569 1309 2580 ’

165 2660 231 2722 Iaile
253 2661 369 2734 dacus,
391 2659 415 2718 si
435 2657 589 2718 dotalium
605 2658 834 2738 scripturarum
854 2657 916 2718 hoc
935 2657 1104 2729 evidenter
1120 2680 1266 2740 praeces-

166 2743 243 2805 serit
256 2763 381 2802 munus.
421 2743 499 2800 Nam
517 2739 571 2802 uhi
587 2740 643 2800 dos
661 2759 721 2801 nec
732 2739 811 2800 'data
829 2749 874 2800 cst
889 2761 948 2799 nec
959 2740 1158 2821 conscripta,
1181 2741 1267 2822 quod

165 2824 384 2887 testimonium
410 2844 477 2882 esse
495 2821 629 2902 poterit,
662 2821 696 2880 in
720 2821 782 2882 hoc
805 2822 955 2904 coningio
972 2822 1160 2903 dignitatem
1177 2825 1266 2884 futu-

164 2906 256 2970 ram?
278 2906 407 2987 qnando
430 2924 490 2964 nec
509 2902 771 2964 coniunctionem
789 2904 980 2964 celebratam
994 2903 1121 2984 publica
1138 2908 1267 2967 roborat

165 2989 320 3070 dignitas,
348 3009 409 3048 nec
430 2986 585 3046 dotalium
608 2986 787 3047 tabularum
807 2985 891 3047 hanc
917 2986 1087 3048 comitatur
1109 2988 1267 3049 honestas.

162 3071 306 3136 Proinde
327 3092 399 3129 cum
415 3069 561 3152 quisquis
584 3079 639 3129 aut
654 3090 711 3149 pro
728 3089 780 3145 se,
812 3078 865 3128 aut
887 3090 948 3153 pro
973 3068 1056 3146 snio,
1090 3070 1266 3131 autetiam

162 3153 312 3236 proximo
334 3175 409 3229 suo,
441 3152 680 3212 coniunctionis
705 3149 852 3230 copulam
874 3151 1009 3232 appetit:
1038 3161 1091 3212 aut
1111 3154 1264 3215 derebus

163 3237 323 3320 propriis,
346 3246 402 3295 aut
423 3235 461 3294 de
479 3233 666 3314 Principum
693 3234 778 3294 dono
796 3231 951 3311 conlatis,
986 3241 1042 3293 aut
1067 3235 1106 3294 de
1133 3236 1267 3315 quihus-

165 3316 921 3399 cunqueiustisprofligationibusconquisitis,
957 3314 1046 3375 iuxta
1068 3317 1199 3377 modum
1222 3318 1266 3376 le-

166 3401 214 3483 gis
236 3403 325 3461 datae
341 3399 566 3460 conscribendi
589 3400 696 3460 dotem
715 3397 831 3458 habeat
848 3407 1045 3480 potestatem.
1087 3400 1267 3476 Quodcun-

165 3505 229 3562 que
258 3481 364 3542 a'utcm
386 3482 526 3564 legitime
552 3482 586 3543 in
615 3483 689 3543 dote
715 3479 957 3564 conscripserit,
991 3480 1096 3544 modis
1120 3481 1270 3543 omnihus

164 3566 299 3652 plenum
318 3566 417 3627 robur
436 3563 576 3625 habebit.

410 3747 500 3816 un.
525 3747 574 3816 ιι.
625 3748 684 3818 ne
708 3723 844 3842 nuptas
868 3746 1017 3823 tinans.

606 3909 631 3968 I.
672 3928 819 3982 armam.

262 4025 299 4084 Si
322 4038 394 4106 post
414 4037 546 4084 mortem
564 4026 671 4084 mariti
688 4023 774 4106 infru
795 4047 910 4086 anniam
928 4024 1042 4088 mulier
1058 4027 1166 4088 arabat.

244 4108 352 4187 Siqua
372 4106 509 4184 mulier,
531 4117 751 4188 postmortem
767 4108 957 4184 maritimi,
979 4130 1013 4170 se
1030 4108 1085 4168 alii
1105 4109 1192 4168 infra
1212 4129 1265 4168 an·

162 4213 241 4253 num
261 4189 487 4268 coniunxerit,
511 4190 562 4255 rel
578 4189 772 4254 adulterium
784 4191 916 4271 fecerit,
938 4191 1144 4255 medietatem
1157 4213 1264 4254 rerum
