2640 4838
138 245 213 322 030
332 255 443 314 ansts
458 259 751 320 nrsroornoaou
768 263 833 318 ars.
853 261 918 322 ιιι
935 263 1006 320 nr.
1027 267 1066 320 n.

138 408 215 482 rint,
232 398 317 496 etad
323 406 540 496 nostrumnon
549 401 944 497 retulerintagnitionemr
960 403 1155 470 noverintse
1166 405 1253 470 indi·

140 484 407 550 cioconerlnesse
418 484 626 567 plectendos;
644 486 1253 572 etdetrrmentaquaepaupereseornm

137 569 269 634 silentio
285 566 499 651 pertulerint,
522 588 563 628 ex
578 588 690 630 eorum
706 570 802 630 rebus
818 569 885 632 illis
900 591 969 632 esse
983 571 1194 635 restituenda.

138 716 230 788 Tlr.
265 714 314 786 ll.
365 712 425 782 De
461 712 623 782 omnium
661 712 931 784 haereticorum
967 724 1076 806 atque
1112 717 1251 792 ludae-

162 835 166 842 ·
318 832 427 882 orum
453 814 592 882 eunctis
618 813 805 882 erroribus
830 816 1071 908 amputandis.

467 937 496 1005 I.
538 961 601 1005 res.
635 961 700 1007 ons.
729 961 817 1002 nens.
850 963 919 1009 axx.

138 1053 236 1142 Quod
244 1067 318 1143 post
333 1054 425 1118 datar
430 1051 591 1138 fidelibus
606 1053 704 1134 leges,
726 1057 867 1136 aportuit
888 1054 1075 1141 infidelibus
1095 1060 1250 1122 constitu·

523 1139 624 1198 tiones
638 1157 756 1221 ponere
776 1137 864 1218 tegis,

220 1223 382 1284 Hactenus
399 1241 459 1303 per
474 1219 588 1280 arduas
607 1218 772 1299 culparum
787 1219 912 1280 semitas
929 1219 1125 1283 indiciorum
1140 1235 1247 1287 cautos

138 1300 312 1369 direximus
329 1323 472 1386 gressus,
496 1310 528 1362 et
548 1321 607 1384 per
624 1297 782 1362 humanae
799 1302 1038 1365 adinventionis
1056 1308 1247 1390 praecipites

136 1395 170 1448 et
191 1385 416 1452 immoderatos
438 1405 604 1460 excessus,
627 1383 789 1445 ordinatae
812 1385 972 1468 gravitatis
993 1388 1158 1450 emisimus
1182 1411 1248 1450 cur·

136 1491 200 1532 sus.
242 1468 354 1554 Egisse
388 1487 525 1549 namque
549 1473 689 1526 nostram
711 1467 777 1530 illis
799 1467 1012 1531 intentionem
1036 1492 1115 1532 cons
1140 1473 1247 1533 icuum

137 1561 207 1634 est,
240 1561 277 1613 ut
307 1550 504 1613 dissuaderet
526 1549 614 1632 quod
634 1550 718 1611 male
741 1571 869 1610 suasum
891 1559 977 1628 erat,
1011 1563 1043 1614 et
1063 1495 1248 1635 probiberet

137 1635 226 1719 quod
247 1643 360 1718 turpe,
382 1641 415 1694 et
435 1635 574 1694 auferret
595 1631 682 1712 qnod
703 1633 786 1693 male
809 1643 931 1710 actum,
955 1641 987 1694 et
1007 1658 1025 1695 a
1047 1637 1166 1698 decore
1188 1639 1247 1698 ho-

137 1719 268 1782 nestatis
289 1717 484 1780 abhorreret.
527 1719 569 1777 Ut
597 1714 683 1775 enirn
705 1715 816 1810 legalis
838 1718 916 1778 ordo
938 1718 1020 1779 male
1044 1721 1246 1780 consciarum

136 1801 197 1869 sibi
220 1799 377 1862 mentium
398 1798 504 1859 abdita
524 1797 720 1883 penetravit:
742 1809 785 1859 ata
805 1798 919 1882 legalis
940 1821 1093 1879 censura,
1124 1813 1157 1864 et
1178 1825 1247 1863 mo-

135 1907 208 1949 rum
229 1905 325 1964 prava
347 1880 502 1958 correxit,
533 1889 565 1941 et
584 1879 743 1941 scelerum
766 1882 932 1942 commissa
952 1884 1124 1946 truncavit.
1181 1887 1248 1948 Ve-

135 1960 313 2041 rumbano
343 1964 532 2048 pudicitiam
562 1963 743 2023 animorum
770 1985 835 2024 non
868 1966 990 2048 egimus
1020 1966 1114 2044 alibi,
1151 1989 1247 2050 qnam

136 2050 220 2123 ‚intra
244 2047 414 2112 ecclesiam
435 2045 495 2108 Dei
516 2045 594 2110 vivi:
617 2067 699 2128 quae
723 2045 936 2109 diversitatem
957 2048 1052 2109 simul
1076 2049 1246 2111 nationum
1301 2101 1304 2112 .

136 2141 169 2194 et
204 2131 374 2195 bominum
404 2131 501 2190 unius
532 2129 660 2190 tunicae
695 2127 931 2191 immortalitate
963 2131 1113 2210 vestivit,
1148 2134 1245 2193 nnius

136 2204 362 2295 elianipsacrae
383 2211 549 2296 religionis
571 2210 631 2272 sibi
651 2210 792 2272 vinculis
813 2213 969 2296 religavit.
1012 2215 1062 2275 lbi
1084 2213 1173 2276 enim
1205 2215 1247 2276 li-

137 2309 196 2374 cet,
219 2294 412 2360 excellentia
445 2295 544 2357 nostri
565 2293 681 2378 vigoris
702 2317 720 2354 a
740 2295 895 2355 virtutum
915 2299 985 2356 Deo
1016 2298 1115 2357 fuerit
1141 2310 1246 2360 terre-

136 2401 197 2466 nae
229 2379 348 2463 gloriae
382 2379 549 2440 sublimata
580 2376 791 2450 culminibus,
821 2377 985 2440 interdum
1014 2389 1121 2440 tamen
1155 2389 1247 2442 motn

137 2463 384 2546 compassionis,
408 2461 570 2522 interdum
590 2461 658 2519 acie
683 2458 874 2537 iudicantis,
907 2471 939 2522 et
959 2464 1117 2544 peccandi
1140 2464 1248 2524 licen-

135 2545 213 2606 tiam
235 2545 372 2608 sollicite
394 2543 492 2602 vitare
516 2541 655 2618 curavit,
688 2551 720 2602 et
739 2551 890 2624 perventa
913 2543 1030 2604 delicta
1052 2547 1148 2607 modo
1166 2555 1250 2607 tem-

134 2624 286 2725 peranter
307 2625 516 2691 diminuendo
539 2623 708 2702 subtraxit,
738 2624 834 2685 modo
854 2626 1062 2687 vehementer
1081 2629 1248 2710 stirpando

136 2708 273 2788 collisit:
298 2730 364 2770 non
387 2709 492 2770 solum
513 2727 652 2786 sequens
673 2706 831 2767 nobilium
847 2708 1083 2790 illustriumque
1102 2712 1250 2793 gentium

135 2817 259 2871 mores,
282 2812 364 2876 quae
386 2789 627 2850 rationabilibus
649 2797 681 2850 et
702 2789 851 2850 modestis
872 2791 998 2874 legibus
1019 2793 1170 2854 ordinare
1190 2802 1250 2853 mi-

133 2885 288 2948 naverunt
309 2864 439 2936 illieitos
468 2871 661 2955 populorum
690 2893 861 2946 excessus,
895 2875 952 2935 sed
973 2875 1249 2936 sanctissimorum

139 2979 268 3042 qnoque
291 2967 419 3041 patrum
439 2965 506 3016 toto
526 2965 683 3015 terrarum
704 2954 778 3016 orbe
800 2954 946 3016 felicium
967 2965 1001 3016 et
1018 2958 1150 3039 regulas
1173 2957 1248 3018 imi-

135 3039 460 3122 tans„exemplaque
481 3057 702 3122 praesumens,
739 3059 804 3119 quo
833 3048 940 3120 posset
969 3041 1145 3121 amplitudo
1171 3061 1249 3100 nos-

134 3133 201 3200 trae
224 3119 477 3184 mansuetudinis
504 3120 537 3179 in
569 3119 698 3179 illorum
725 3122 925 3218 praeceptis,
959 3122 1049 3182 velut
1081 3123 1116 3181 in
1143 3125 1249 3184 forma

136 3205 264 3288 operis,
298 3203 508 3264 imitationem
530 3202 707 3282 exprimere
731 3203 875 3266 actionis.
917 3204 958 3263 Et
979 3226 1020 3266 ex
1041 3203 1104 3266 hoc
1127 3205 1248 3268 debere

136 3308 331 3369 cognoscere
352 3284 505 3368 proximis
527 3284 738 3366 subiectisque
760 3286 909 3367 plebibus
927 3285 1101 3348 honestatis
1115 3309 1249 3370 compe-

7 3405 20 3410 ·-
45 3425 79 3440 ,,
134 3369 237 3430 tentia
258 3367 412 3429 indidisse
435 3369 579 3443 decreta,
613 3387 652 3427 ex
682 3389 745 3448 quo
774 3378 827 3429 ant
850 3369 1017 3450 culparum
1037 3371 1150 3430 merita
1173 3379 1250 3431 sunt

76 3503 85 3515 .
110 3445 302 3523 ··evidenter
323 3451 484 3534 impressa,
507 3452 562 3509 aut
584 3471 600 3508 a
621 3459 804 3510 sanctorum
825 3461 950 3533 patrum
972 3452 1137 3513 sententiis
1158 3475 1249 3534 pror-

136 3557 192 3612 sus,
212 3555 278 3595 non
302 3533 513 3594 inveniuntur
534 3541 683 3596 externa:
715 3532 779 3593 duo
801 3533 880 3594 mihi
903 3533 986 3594 dona
1007 3556 1072 3595 uno
1096 3536 1249 3596 divinita-

134 3614 176 3688 tis
198 3619 340 3700 praemio
361 3616 529 3700 provenire
552 3614 738 3692 conlidens,
770 3626 806 3676 ut
836 3625 868 3677 et
890 3637 962 3676 curn
983 3615 1137 3712 proximis
1159 3621 1249 3681 salu-

134 3701 195 3776 tari
216 3713 395 3783 temporum
417 3701 563 3782 perfruar
582 3717 679 3779 pace,
703 3706 734 3757 et
757 3697 873 3759 divinis
896 3698 1020 3760 iudiciis
1042 3721 1177 3763 munere
1201 3723 1251 3763 re·

159 3783 263 3848 iminis
285 3791 412 3866 peracta
433 3781 581 3841 mercede
605 3779 781 3860 dispositis,
810 3781 927 3843 debinc
948 3782 1142 3864 populorum
1165 3785 1251 3846 lide-

135 3806 215 3928 iiam
237 3868 382 3952 legibus,
413 3876 507 3946 atque
539 3862 571 3920 in
595 3861 689 3923 domo
712 3863 837 3925 sanctae
860 3864 935 3926 fidei
956 3883 1029 3925 vere
1052 3874 1087 3925 ut
1108 3869 1251 3951 propriis

136 3951 286 4021 membris
309 3951 459 4010 consecto
481 3943 694 4008 medicamine
716 3945 863 4024 salutari,
886 3957 918 4008 et
940 3947 1085 4008 ordinata
1108 3951 1252 4013 ebarita-

135 4031 183 4100 tis'¹
209 4027 434 4102 decentissima
466 4048 564 4110 pace,
603 4027 740 4088 fidenter
768 4029 802 4090 in
831 4031 948 4092 virtute
985 4030 1045 4090 Dei
1082 4036 1252 4116 aggrediar

135 4109 244 4176 Hostes
267 4117 355 4192 eius,
389 4115 542 4193 insequar
571 4109 714 4170 aemulos
744 4112 830 4192 eius,
871 4133 1045 4195 persequar
1085 4118 1251 4194 adversm,

137 4199 338 4262 contendens
359 4195 511 4270 viriliter,
533 4211 740 4274 perseverans
762 4195 927 4272 instanter,
948 4201 1003 4257 aut
1024 4202 1250 4286 comminuere
