2684 4868
315 287 422 344 Lenis
440 283 733 342 w1s1eornon1m
752 282 817 338 aaa.
836 282 883 336 m
902 283 974 339 mr.
995 289 1016 340 1.
1039 311 1040 317 κ
1167 267 1240 346 500

124 449 227 508 nnus,
259 437 293 490 et
319 430 355 493 C.
384 426 521 510 flagellis
541 423 706 501 coerceri,
728 431 761 486 et
785 421 901 484 libram
923 423 1060 508 insuper
1075 429 1240 514 abriperis

124 516 249 577 solvere
282 533 315 574 se
350 511 480 572 noverit
508 507 640 570 domino
667 505 764 570 servi.
816 506 966 583 Quodsi
993 531 1057 569 non
1088 511 1241 586 habuerit

101 597 211 674 ,unde
234 603 406 676 componat
430 592 514 654 hauc
536 591 717 652 solidorum
748 610 920 668 summam,
950 592 1014 652 CC.
1037 593 1242 676 flagellorum

123 681 207 740 ictus
228 678 373 761 accipiat.
421 675 501 737 Nam
531 685 563 736 et
585 672 704 735 caeteri
730 668 926 734 habitatores
950 673 1017 735 loci
1049 677 1159 756 illins,
1182 695 1241 750 seu
1300 687 1302 692 “

123 763 358 843 cuiuscumque
390 759 492 842 gentis
518 758 571 818 vel
602 753 730 839 generis
756 754 904 816 homines
927 761 1148 836 quorumlibet
1173 762 1242 824 sint

123 844 229 922 servi,
251 854 316 905 tam
337 841 566 910 ecclesiarum,
603 859 701 921 quam
723 837 818 898 etiam
845 837 913 899 fisci
932 841 1034 902 nostri
1057 845 1111 904 vel
1131 843 1242 907 direr-

121 949 232 991 sorum
262 946 497 1008 possessorum,
526 923 623 985 simili
653 929 750 982 erunt
770 921 931 982 sententia
952 923 1113 1000 feriendi,
1143 927 1170 987 si
1188 927 1242 988 fa·

121 1011 258 1107 pitirum
282 1009 416 1069 alterius
446 1028 506 1068 nec
531 1003 752 1088 prodiderint,
790 1013 851 1064 nec
879 1004 918 1064 de
945 1009 1240 1088 possessionesutt,

122 1116 157 1154 in
187 1116 252 1176 qua
278 1090 471 1167 latitaverit,
512 1088 592 1150 soris
613 1085 808 1168 expulerint.
864 1086 929 1147 sad
958 1087 1039 1150 hade
1068 1091 1242 1155 oberrans

121 1177 162 1238 da
194 1176 246 1238 vel
280 1173 422 1236 tenenda
442 1172 622 1248 sancimus,
652 1179 687 1228 ut
712 1170 746 1228 in
766 1168 1026 1251 quibuscumque
1049 1174 1242 1236 locisnianss

121 1259 206 1342 cipia
241 1257 433 1320 advenerint
477 1254 632 1338 fugitiva,
669 1251 776 1314 statim
807 1273 918 1312 omncs
954 1254 1148 1320 habitatores
1173 1259 1238 1318 loa

120 1345 234 1403 corum
262 1341 405 1423 ipsorum
431 1331 671 1420 congregentur
702 1335 735 1394 in
762 1355 879 1411 unum,
912 1338 1053 1417 qualiter
1080 1334 1242 1424 mmvcipla
1297 1360 1300 1366 ⁴

120 1426 189 1506 ipsa
229 1421 365 1505 fugitiva
401 1420 511 1485 vivida
547 1417 755 1500 indagatione
786 1417 1038 1501 perquirentes,
1084 1433 1139 1485 aut
1182 1442 1243 1506 per

122 1506 349 1588 quaestionum
375 1512 552 1581 tormenta,
593 1509 648 1560 aut
671 1520 730 1582 pro
753 1500 883 1580 poenali
906 1505 1163 1584 examinatione,
1185 1510 1242 1567 cu'·

124 1591 175 1650 ius
199 1589 265 1649 sint
288 1585 374 1651 servi
395 1587 447 1648 vel
474 1584 631 1662 ancillae,
670 1591 725 1643 aut
745 1584 876 1662 quando
902 1584 1040 1650 dominis
1060 1591 1126 1650 suis
1144 1590 1242 1671 fuge-

122 1673 212 1748 rint,
247 1672 300 1732 vel
330 1671 370 1731 de
408 1667 663 1751 qualibus'locis
699 1665 781 1727 inibi
815 1666 1025 1742 advenerint,
1056 1669 1242 1766 specialiter

123 1754 348 1824 manifestent3
377 1760 415 1812 ut
443 1752 622 1812 secundum
650 1748 820 1810 anterioris
859 1749 939 1831 legis
970 1752 1129 1833 edictum,
1163 1753 1243 1838 p‘rbi·

146 1838 202 1899 riis
244 1835 383 1898 dominis
416 1841 681 1916 praesententur,
714 1841 769 1891 aut
807 1829 998 1913 dirigantur.
1084 1839 1182 1916 Quod
1215 1834 1242 1898 s'l

121 1861 212 1981 hunc
243 1919 393 1979 ordinem
417 1916 594 1998 adimplere
624 1913 755 1975 minime
785 1917 1046 1996 procuraverint,
1090 1930 1122 1980 et
1150 1915 1243 1980 man‘l
1285 1968 1286 1978 ,

122 2004 208 2086 cipia
235 2001 291 2063 illa
316 1999 454 2084 fugitiva
478 2020 538 2062 nec
564 1997 773 2083 perquirere,
797 2017 857 2058 nec
883 1997 978 2058 etiam
1006 2001 1148 2083 dominis
1175 2000 1243 2085 puis

122 2087 299 2148 reformare
320 2082 542 2160 intenderint,
572 2102 633 2141 nec
652 2077 798 2140 iudiciali
818 2080 1055 2145 examinatione
1069 2080 1244 2167 exquiren-

123 2169 164 2231 da
195 2166 402 2244 curaverint,
431 2165 545 2228 sedin
570 2185 608 2225 co
628 2163 702 2224 loco
731 2161 765 2221 in
792 2183 857 2245 quo
885 2175 1033 2248 suscepta
1054 2169 1242 2248 extiterint,

123 2250 327 2334 postmodum
347 2247 472 2309 fuerint
505 2256 648 2331 reperta;
685 2265 796 2307 omnes
825 2243 1021 2310 habitatores
1043 2248 1242 2334 lociquipq,

124 2341 188 2394 tam
220 2333 283 2395 viri
317 2352 415 2415 quam
442 2329 603 2406 feminae,
633 2327 806 2389 cuiuslibet
839 2330 904 2392 sint
937 2332 1059 2412 gentis,
1096 2332 1244 2416 geppiq,

59 2417 62 2424 ’
126 2417 251 2480 ordinis
280 2416 332 2476 vel
361 2412 494 2474 honoris
515 2413 579 2478 CC.
608 2420 706 2472 erunt
722 2409 859 2494 flagellis
883 2408 1013 2494 publice
1041 2355 1243 2502 uindicibup

125 2497 310 2561 coercendi.
374 2495 473 2574 Quod
499 2495 525 2557 si
551 2493 698 2576 tiuphadi
727 2505 783 2554 aut
808 2494 942 2574 vicarii,
978 2506 1075 2578 atque
1106 2489 1243 2562 univer-

126 2582 153 2644 si
183 2581 239 2664 qui
261 2579 408 2642 iudiciali
436 2577 542 2639 functi
572 2576 739 2638 extiterint
773 2587 947 2659 potestate,
989 2580 1058 2641 sive
1089 2603 1244 2643 numera·

127 2663 336 2734 riiactores,
366 2661 420 2727 vel
449 2669 690 2744 procuratores,
723 2661 776 2720 vel
805 2661 1016 2732 ecclesiarum
1042 2664 1243 2734 Μερόπ-

128 2747 237 2824 dotes,
272 2745 339 2807 lisci
365 2745 416 2809 vel
447 2742 650 2826 proprietatis
689 2751 835 2820 nostrae,
859 2753 980 2840 xatque
1015 2746 1246 2845 quorumlibet

126 2827 312 2908 bominum,
335 2829 370 2888 iu
396 2846 535 2910 quorum
556 2824 722 2886 commisso
744 2826 903 2909 mancipia
924 2847 991 2909 ipsa
1008 2828 1177 2898 latebrosa·
1192 2850 1247 2901 vni·

127 2915 256 2992 gatione
286 2933 318 2974 se
344 2910 504 2987 foverint,
532 2907 629 2969 huius
653 2907 735 2990 legis
766 2909 959 2970 sententiam
981 2911 1015 2973 in
1045 2909 1245 2982 satanael&

123 2994 158 3056 hi
180 2994 308 3077 populis
337 2995 391 3056 vel
420 2991 603 3052 iunioribus
631 2990 807 3072 adimplere
837 2991 1060 3072 neglexerint,
1102 2993 1245 3063 districti

125 3077 166 3137 ab
195 3077 352 3159 episcopis
372 3075 425 3137 vel
458 3074 628 3136 comitibus
650 3071 823 3150 territorii,
854 3077 918 3136 CC.
958 3076 1148 3142 verberibus
1177 3099 1242 3160 pov

125 3160 212 3222 blice
235 3158 452 3242 flagellentur.
504 3159 584 3218 Nam
620 3154 646 3218 si
679 3157 823 3240 episcopi
854 3157 1057 3238 adquorum
1089 3158 1247 3241 cognitio-

126 3264 201 3302 nem
236 3240 317 3304 haec
347 3263 455 3303 caussa
487 3237 692 3323 pervenerit,
721 3238 860 3300 amicitia
890 3239 1023 3317 inlecti,
1056 3251 1112 3308 aut
1138 3241 1245 3308 bene·

126 3325 208 3388 ficio,
225 3326 391 3408 corrupti,
430 3323 482 3386 vel
514 3322 652 3403 quadam
678 3320 854 3403 tepiditatis
877 3323 1076 3406 negligentia
1104 3345 1246 3406 occupas·

126 3408 172 3482 ti,
203 3405 301 3469 huius
331 3407 412 3490 legis
437 3404 628 3468 sententiam
649 3403 893 3486 impetrantibus
919 3406 986 3468 illis
1019 3407 1154 3489 implere
1182 3407 1265 3480 dis:-
1325 3431 1327 3435 ’

126 3489 282 3568 tulerint,
305 3489 433 3552 divinae
461 3485 671 3549 attestationis
695 3508 712 3545 a
737 3487 853 3550 comite
872 3487 926 3550 rel
953 3489 1117 3572 tiuphadis
1139 3503 1248 3560 canam

126 3571 205 3651 ipsis
237 3594 270 3635 se
304 3572 500 3654 astringant,
536 3579 573 3630 ut
600 3590 660 3653 per
687 3567 791 3634 XXX.
828 3571 954 3636 dierum
985 3573 1249 3642 excommunicas·

126 3653 225 3716 tionis
255 3654 482 3716 emendatione
512 3653 713 3736 plectantur,
761 3661 796 3714 ut
831 3652 865 3712 in
899 3651 975 3732 ipsis
1005 3657 1103 3717 XXX.
1123 3657 1248 3742 ,dicbus

128 3737 222 3797 nullo
262 3738 358 3798 modo
388 3738 543 3820 poculum
574 3735 644 3797 vini
677 3756 739 3796 uec
766 3734 846 3796 alios
878 3735 966 3797 cibos
994 3759 1120 3804 sumere
1144 3741 1248 3810 andeg

126 3827 199 3896 aut,
234 3829 371 3901 excepto
392 3817 586 3901 vespertinis
613 3817 702 3881 horis
723 3838 782 3898 pro
813 3818 992 3880 refectione
1013 3822 1248 3902 corporieabns

128 3903 244 3962 cellam
265 3903 356 3984 panis
391 3900 581 3978 hordeacei,
615 3910 648 3961 et
681 3901 816 3962 calicem
845 3923 947 3982 aquae
980 3913 1130 3984 sumant,
1161 3896 1249 3989 qaia?

127 3993 221 4046 tenus
256 3984 481 4046 amaritudinis
515 3981 675 4046 sententia
712 3985 878 4067 perferant
903 3985 1086 4064 molestam,
1118 4001 1249 4072 ,prom

127 4069 216 4147 quod
239 4068 477 4129 institutionem
503 4067 584 4149 legis
614 4066 712 4128 huius
744 4067 932 4142 distulerint
967 4069 1154 4150 adimplere,
1188 4075 1251 4160 dy

128 4151 254 4212 alicubus
278 4161 385 4212 tamen
417 4172 454 4212 ac
481 4149 650 4210 comitibus
672 4149 757 4212 hanc
781 4150 977 4214 sententiam
995 4146 1181 4236 adimpletis.
1198 4156 1251 4224 ilt-

29 4315 31 4320 .
127 4231 243 4295 bemus
265 4244 301 4295 ut
329 4232 357 4299 si
381 4231 450 4318 ipse
474 4232 655 4317 praedictas
681 4233 901 4302 institutiones
921 4234 1250 4322 ¹tlttglltxstint,'initam-¹
