2632 4822
130 225 205 306 754
484 239 689 296 carnosum
725 238 840 298 mors

223 469 756 564 ,culmorum
829 467 1118 544 LE'GES.

385 613 528 676 INCIPIT
549 615 755 672 ominosum
780 611 982 671 enomere.

214 714 386 798 Superiora
410 711 527 795 pagina
547 711 639 770 buius
659 711 757 772 edicti
778 711 909 789 legitur,
943 708 1034 788 qaod
1063 707 1178 768 adlsuc
1200 730 1249 768 aa·

129 811 243 862 nuente
271 795 401 858 domino
429 813 605 854 memorare
627 793 846 878 potuerimus,
874 805 908 852 ul
925 790 966 850 de
991 793 1117 851 caussis
1149 792 1250 870 singu-

130 877 190 961 lis,
214 899 293 963 quae
321 881 355 938 in
375 878 537 961 praesenti
562 897 626 936 non
648 889 720 936 sunl
748 873 890 947 adsitne,
919 875 953 934 in
974 875 1035 934 hoc
1059 873 1172 933 edicto
1192 873 1249 932 od-

130 967 259 1044 iungere
297 959 485 1030 debeamus,
515 959 562 1018 ito
588 970 623 1018 ul
644 979 788 1033 caussae,
822 977 900 1039 quae
926 954 1091 1014 iudicatae
1121 968 1194 1014 sunt
1219 967 1248 1013 er

122 1045 262 1131 fim'lac,
286 1064 349 1104 non
363 1042 581 1103 revolvantur.
623 1039 703 1102 Ideo
721 1061 776 1118 ego
794 1041 948 1100 Dominus
963 1038 1177 1097 Grimoaldus
1191 1057 1246 1097 esc·

131 1126 370 1189 callentissimus
393 1125 464 1183 Rex
490 1123 593 1200 gentis
612 1120 913 1202 Langobardorum,
959 1119 1053 1180 Anno
1083 1123 1156 1180 Deo
1177 1140 1243 1200 pro-

128 1211 210 1294 pitio
236 1208 337 1288 Regni
362 1207 425 1266 mei
447 1217 562 1278 seclo,
584 1225 688 1264 mense
707 1204 811 1274 Iulio,
833 1203 1005 1263 indiccione
1021 1201 1081 1266 XI.
1100 1221 1164 1286 per
1179 1221 1244 1280 sug-

86 1293 89 1306 '
130 1294 301 1372 gestionem
345 1287 510 1358 Indicum,
544 1289 743 1368 omniumque
777 1307 948 1356 consensu,
997 1305 1036 1344 eu
1066 1306 1150 1368 quae
1187 1284 1244 1341 illis

132 1373 215 1434 durs
250 1363 284 1436 el¹
310 1371 419 1454 iniqua
454 1369 490 1430 in
520 1369 579 1430 Isoc
606 1367 708 1430 edicto
728 1367 801 1428 uisu
829 1382 918 1444 sisne,
947 1379 982 1426 ul
1010 1365 1056 1426 ad
1084 1367 1244 1427 meliorem

132 1469 268 1532 stolum,
295 1465 328 1514 el
354 1452 537 1512 clementius
559 1450 733 1511 remedium
771 1454 929 1532 corrigere
960 1461 991 1510 el
1017 1469 1172 1511 revocare
1198 1447 1244 1506 de·

134 1539 275 1600 heremus
295 1535 334 1597 id
347 1533 507 1617 fecimus,
539 1546 574 1593 ul
599 1534 723 1612 legitur.

366 1663 536 1722 EXPLICIT
571 1663 762 1722 PROLOGUS
798 1662 1015 1721 GRIMOALDI.

296 1762 399 1824 stsul'is
430 1763 478 1822 hic
512 1785 625 1835 magnus
645 1767 712 1838 legis
740 1767 814 1822 bona
837 1783 885 1822 rex
903 1769 1088 1824 Grimoaldus.

217 1868 242 1928 l.
285 1867 448 1929 sinemo
472 1873 527 1925 aut
547 1863 665 1926 ancilla
689 1885 750 1948 per
773 1866 878 1928 XXX.
909 1887 1030 1944 annos,
1061 1865 1106 1926 de
1133 1864 1246 1948 quihus

133 1951 183 2015 rei
209 1949 326 2013 veritas
353 1946 481 2029 cognita
502 1947 623 2025 luerit,
657 1947 797 2010 dominis
828 1949 894 2010 sais
922 1949 1092 2026 servisset,
1127 1959 1162 2010 et
1192 1970 1247 2031 per

134 2032 316 2118 superbiam
339 2041 394 2093 aut
416 2029 535 2090 iniusta
555 2029 734 2125 patrocinia
754 2051 788 2093 se
816 2030 959 2094 uoluerit
977 2033 1017 2094 de
1039 2030 1248 2094 domiuosuo

133 2115 265 2202 proprio
283 2134 343 2198 per
369 2132 511 2196 pugnam
535 2112 719 2190 usndIeare,
752 2113 938 2175 nallatenus
962 2116 993 2175 ei
1013 2113 1246 2195 permittimuss

133 2201 192 2262 scd
227 2197 347 2260 serviat
376 2194 426 2273 οἱ,
453 2192 539 2256 sient
565 2195 659 2257 dccet
681 2217 827 2273 servum,
853 2207 909 2258 aut
937 2197 1092 2258 ancillam
1115 2196 1247 2278 proprio

135 2281 268 2344 domino
288 2277 421 2343 servire.
499 2276 662 2340 Similiter
686 2286 719 2338 et
746 2279 774 2342 si
803 2280 908 2340 aldius
935 2279 1052 2355 fuerit,
1082 2277 1248 2360 impendat

111 2361 353 2424 ,obedientiam
378 2380 437 2423 suo
464 2369 621 2443 patrono,
650 2359 734 2422 deut
755 2382 815 2444 per
835 2361 943 2424 XXX.
964 2383 1066 2421 annos
1092 2363 1191 2421 facite
1217 2368 1248 2420 et

135 2445 166 2506 ei
195 2463 277 2504 nova
308 2442 452 2505 conditio
484 2464 503 2502 a
531 2441 663 2504 domiuo
699 2465 758 2507 suo
786 2445 922 2526 amplius
949 2466 1014 2505 uon
1045 2443 1247 2526 imponaturz

135 2526 192 2587 sed
209 2525 306 2586 liceat
324 2527 354 2586 ei
377 2545 429 2587 res
451 2529 523 2587 sn'as
550 2524 669 2587 habere
691 2534 723 2588 et
747 2527 928 2609 possidere,
957 2548 1038 2609 quas
1068 2548 1129 2610 per
1148 2526 1249 2590 XXX.

137 2628 295 2669 annornm
318 2607 457 2689 spatium
482 2606 565 2670 inste
588 2607 784 2704 possederat.
826 2609 867 2675 ll.
893 2610 944 2676 55.
976 2611 1007 2675 ὅ.

217 2689 260 2750 II.
300 2691 350 2750 De
372 2687 483 2752 liberis
508 2689 711 2768 hominibus,
738 2711 818 2772 quos
841 2700 968 2754 constat
991 2713 1052 2776 per
1071 2687 1171 2752 XXX.
1195 2711 1250 2750 sn·

136 2792 253 2832 norum
271 2770 408 2853 spallam
435 2771 470 2831 in
499 2771 648 2832 libertale
679 2793 736 2834 saa
766 2775 996 2856 permansisse,
1029 2773 1154 2834 nullam
1190 2793 1252 2852 per

136 2875 277 2942 pugnam
307 2851 473 2936 patiantur
506 2853 713 2933 violentiam,
750 2857 808 2916 sed
834 2857 931 2919 liceat
964 2858 1009 2918 eis
1039 2857 1070 2915 in
1094 2855 1250 2918 libertate

137 2956 195 3000 sua
222 2953 422 3018 permanere.
484 2933 527 2994 Et
553 2935 580 2996 si
613 2957 667 2997 eos
698 2937 895 3021 quicumque
927 2935 1118 3022 pulsaverit,
1146 2937 1252 2997 liceat

138 3021 184 3082 eis
217 3040 300 3178 epulai
325 3015 607 3080 sacramentalibus
639 3017 705 3090 suis
743 3027 783 3094 c)
821 3020 974 3106 legitimis
1012 3041 1045 3084 se
1081 3017 1251 3082 idoneare.

222 3183 286 3246 111.
328 3175 363 3243 'Si
391 3200 501 3243 seruus
528 3181 626 3244 talem
659 3180 787 3268 culpam
814 3186 950 3265 fecerit,
981 3185 1070 3248 unde
1094 3183 1250 3250 DCCCC.

144 3265 257 3344 solidi,
289 3264 348 3348 qai
376 3262 410 3324 in
430 3263 492 3325 hoe
516 3264 623 3326 edicto
652 3267 763 3350 scripti
789 3279 882 3348 sunt,
912 3269 1120 3345 iudicantur,
1143 3263 1252 3346 utndo·

78 3386 81 3394 ·
138 3353 245 3410 minus
269 3368 328 3431 pro
348 3367 441 3408 servo
459 3345 572 3420 debeat
591 3369 799 3433 componere,
826 3351 888 3413 hoe
904 3360 1069 3436 amputare
1088 3349 1251 3424 iussimus,

140 3443 176 3493 at
200 3432 225 3492 si
249 3432 370 3491 Iactum
392 3429 511 3508 luerit,
545 3428 630 3490 nihil
662 3431 751 3494 aliud
778 3445 950 3517 componat
984 3431 1156 3510 dominus,
1186 3431 1252 3492 nisi

138 3513 361 3576 tantummodo
381 3532 518 3594 persona
540 3511 609 3595 ipsa
630 3513 772 3576 tradatur
796 3517 837 3578 ad
856 3516 1087 3594 occidendum,
1117 3525 1151 3576 et
1167 3536 1253 3576 eom-

162 3606 239 3657 onat
257 3615 317 3678 pro
338 3593 452 3654 illicita
481 3617 611 3673 caussa,
647 3616 744 3678 quam
774 3619 884 3661 servus
906 3597 1143 3681 perpetraverit
1171 3596 1253 3658 solia

138 3620 198 3741 dos
219 3679 303 3750 Lx.;
324 3676 463 3760 amplius
482 3697 548 3736 noa
574 3681 768 3758 requiratur.
815 3680 858 3742 Et
882 3676 910 3742 si
934 3681 1002 3764 ipse
1032 3701 1145 3741 servus
1175 3679 1254 3761 fuga
1301 3719 1302 3722 η

139 3762 247 3843 lapsus
268 3761 384 3836 suerit,
417 3767 449 3821 et
470 3780 537 3819 non
569 3755 688 3841 poterit
712 3762 860 3824 dominus
886 3763 955 3826 eius
981 3784 1055 3824 eum
1079 3761 1253 3839 invenire,
1301 3761 1303 3798 ῑ

140 3845 196 3906 det
225 3865 284 3925 pro
307 3844 376 3924 ipso
406 3861 520 3916 servo,
547 3841 603 3924 qni
625 3843 734 3926 fugam
762 3844 875 3926 petiit,
907 3853 963 3906 aut
986 3867 1020 3907 se
1046 3843 1254 3920 dilataverit,
1301 3857 1303 3880 ¹

140 3926 260 3989 solidos
295 3925 367 3989 XX.
391 3933 424 3984 el
443 3923 596 4006 praebeat
621 3935 853 3989 sacramentum
877 3927 1026 3993 dominus
1048 3925 1139 4004 eius,
1165 3925 1256 4008 quod

141 4030 207 4070 non
231 4007 339 4092 potnit
359 4027 434 4066 eum
453 4004 612 4073 invenire.
653 4009 743 4072 Etsi
771 4009 1033 4094 quandocunque
1057 4031 1134 4072 eum
1158 4010 1256 4074 inve-

206 4184 244 4242 cl
260 4180 313 4234 Ua.
330 4177 397 4234 Cods
416 4192 475 4232 cum
492 4175 556 4233 XII.
573 4178 631 4231 suis
647 4189 698 4234 erc.
771 4229 779 4240 x
