2640 4838
460 313 636 372 anieron
652 307 833 376 nonnanis
1132 289 1210 363 aad
1265 397 1266 404 Ν

1 495 2 498 =
167 455 281 522 cht.
323 454 358 516 Si
379 454 453 537 quis
474 453 530 515 alii
550 471 717 516 venenum
737 451 779 513 ad
801 449 978 513 bibendum
1001 451 1149 530 dederit,
1174 461 1209 515 et

85 539 143 628 qui
164 537 327 622 acceperit
348 549 581 600 mortuus'non
604 536 715 609 fuerit,
738 535 880 618 pretium
892 533 1208 598 mortuise'cuntlum

84 621 275 710 qualitatem
293 643 451 706 personae
473 620 507 680 in
529 621 692 702 integrum
714 627 894 702 componat.
959 619 986 680 1.
1007 637 1038 700 9.
1059 617 1089 680 6.
1108 617 1109 620 ’

171 706 294 771 CXLll.
337 705 372 776 Si
401 725 513 766 servus
543 711 599 762 aut
625 701 744 762 ancilla
774 719 937 764 venenum
964 701 1060 762 alteri
1081 701 1210 771 dederit

86 791 128 854 ael
158 787 354 865 bibendum,
386 798 419 849 et
446 787 504 848 ille
534 786 593 868 qui
620 784 798 867 acceperit,
826 795 972 846 mortuus
1002 781 1066 844 n'oh
1096 785 1208 866 faerit,
1232 805 1259 850 ‚⁴

45 872 49 884 ⁴
86 881 260 956 componat
289 870 438 932 dominus
466 873 550 954 servi
575 869 626 930 vel
648 869 787 928 ancillae
810 868 1017 930 medietatem
1038 867 1208 951 pretiiipt-

69 959 346 1038 'siun-quantum
368 955 435 1036 ipse
458 952 607 1029 valuerit,
630 951 685 1032 qni
707 951 849 1032 accepit,
878 959 910 1011 ct
931 968 991 1033 per
1011 949 1118 1010 omnia
1139 950 1209 1033 ipse

87 1059 200 1104 servus
228 1032 279 1099 vel
310 1039 427 1098 ancilla
455 1038 489 1096 in
527 1037 595 1119 ipsa
624 1034 859 1116 compositione
891 1043 967 1116 [pro
996 1026 1121 1116 quanio
1149 1055 1210 1116 aps

84 1122 214 1206 preti-ati
237 1119 360 1182 fuerint
380 1121 421 1184 ad
442 1118 657 1182 occidendum
678 1119 847 1178 tradantur
861 1121 898 1195 a).
938 1119 980 1177 Et
1001 1115 1027 1178 si
1050 1115 1107 1177 illc
1127 1138 1211 1177 mor·

85 1217 161 1268 tuns
183 1204 301 1276 fuerit,
325 1203 382 1284 qui
405 1202 584 1285 acceperit,
614 1209 693 1262 tnnc
716 1200 865 1260 dominns
886 1200 971 1261 servi
993 1199 1045 1260 vel
1068 1199 1209 1260 ancillae

85 1291 193 1372 ipsum
214 1287 380 1348 hominem
399 1287 432 1345 in
453 1288 615 1368 integrum
637 1293 822 1366 componat3
845 1282 891 1344 sic
910 1293 1018 1359 tamen
1040 1293 1078 1342 ut
1097 1291 1209 1344 servus

12 1361 15 1376 ¹
85 1371 140 1435 vel
174 1371 293 1430 ancilla
321 1369 354 1428 in
378 1369 445 1451 ipsa
467 1367 699 1451 compositione
722 1388 780 1449 pro
802 1365 1210 1450 qnantoapprctiati--lne,

84 1454 170 1530 rint,
199 1453 240 1523 ad
269 1453 486 1514 occidendum
512 1451 698 1526 tradantur,
732 1458 765 1510 et
793 1449 884 1509 nulla
913 1449 1132 1510 sitredemtio
1154 1450 1211 1511 aut

29 1597 31 1604 Α
87 1536 255 1598 excusatio
278 1537 312 1595 in
334 1543 436 1597 morte
458 1535 543 1597 servi
565 1534 618 1595 vel
641 1533 790 1599 ancillae.
852 1532 879 1595 1.
903 1555 932 1616 9.
956 1553 983 1614 7.

89 1653 137 1712 Dc
161 1673 217 1726 ec,
249 1653 304 1734 qai
322 1665 396 1735 post
419 1664 577 1736 acceptam
599 1651 856 1734 compositionem
883 1669 916 1708 sc
946 1639 1207 1721 revindicaaeril,

172 1758 310 1823 CXLlll.
351 1757 386 1817 Si
405 1756 503 1816 ,bomo
526 1757 651 1826 occisus
673 1754 772 1818 fuerit
794 1754 878 1814 liber
900 1765 955 1816 aut
974 1777 1100 1832 servus,
1115 1765 1154 1832 ,et
1170 1752 1211 1828 tle

90 1842 159 1924 ipso
186 1839 364 1902 homicidio
393 1840 581 1922 compositio
609 1840 692 1899 facta
723 1836 843 1914 fuerit,
869 1846 902 1898 et
930 1859 990 1920 pro
1017 1839 1213 1922 amputanda

90 1923 279 2002 inimicitia,
317 1931 513 1984 sacramenta
539 1924 689 2006 praestita
720 1921 862 1991 fuerint;
901 1930 933 1981 et
963 1933 1076 2006 postea
1109 1922 1214 2002 contis
1283 1997 1285 2001 Ι

91 2007 191 2089 gerit,
231 2016 267 2066 ut
294 2005 352 2066 illc
383 2007 441 2088 qui
471 2005 734 2086 compositionem
771 2003 951 2086 acceperit,
985 2003 1214 2066 revindicandi

90 2111 200 2152 caussa
223 2089 382 2150 occiderit
402 2090 567 2150 hominem
589 2090 629 2150 de
659 2097 765 2168 parte,
795 2088 835 2148 de
858 2108 922 2168 qua
943 2089 1215 2169 compositionem
1247 2141 1249 2144 ,

91 2182 271 2254 acceperat,
293 2172 441 2234 iuhemus
463 2181 498 2232 ut
520 2172 618 2253 ipsam
640 2168 908 2253 compositionem
928 2168 962 2229 in
986 2171 1122 2252 duplum
1137 2170 1217 2247 ,red-

92 2257 157 2331 dat',
179 2264 234 2314 ant
254 2256 531 2336 parentibus,aut
554 2252 685 2316 domino
708 2253 803 2318 servi,
846 2252 952 2322 Simili
974 2256 1070 2336 modo
1094 2250 1217 2335 depla-
1244 2295 1247 2300 -

93 2339 140 2420 gis
162 2348 217 2398 aut
238 2338 360 2415 feritis,
391 2339 447 2420 qui
480 2348 552 2420 post
581 2335 1042 2420 compositionemacceptam
1072 2331 1218 2412 revindiy,

18 2463 20 2469 -
92 2441 165 2482 care
188 2421 382 2500 tentaverit,
406 2432 442 2481 ut
457 2422 497 2480 -in
521 2421 667 2502 duplum,
689 2418 777 2500 quod
799 2419 946 2501 accepit,
968 2420 1135 2490 restituat3
1159 2413 1218 2480 en-

91 2511 186 2585 ccpto
208 2503 234 2564 si
257 2503 423 2564 hominem
444 2501 612 2576 occiderit,
634 2511 815 2583 componat,
838 2512 1000 2580 utsupra.
1066 2506 1091 2566 I.
1112 2507 1143 2574 9.
1166 2503 1197 2569 8.

161 2604 245 2640 noun.
282 2588 371 2648 Patre,
389 2588 522 2642 Martinus
536 2585 676 2638 interfecit
687 2594 790 2656 patrem
803 2587 899 2648 tunm,
919 2594 947 2637 et
964 2587 1034 2648 vult,
1055 2596 1087 2638 ut
1103 2582 1219 2656 sibiju-

20 2683 21 2689 =
91 2655 235 2709 retitade
255 2655 390 2728 bachpra
407 2658 435 2708 in
452 2668 539 2710 antea.
581 2659 630 2708 Per
646 2657 733 2726 ipsum
757 2655 951 2721 homicidium,
977 2657 1056 2726 quod
1081 2657 1115 2708 de
1140 2657 1219 2726 pathe

92 2743 154 2778 mco
168 2726 268 2789 fecisti,
289 2728 363 2780 unde
382 2728 447 2779 mihi
461 2727 685 2798 compositionem
698 2724 817 2786 dedistij
837 2741 885 2796 per
901 2744 963 2790 me,
991 2743 1045 2780 nec
1064 2723 1113 2797 per
1131 2739 1219 2785 meast

92 2797 250 2848 submissam
265 2815 407 2865 personam
422 2817 478 2850 non
495 2799 592 2850 faciam
610 2799 722 2859 ludiim,
743 2813 795 2848 nec
808 2798 955 2860 maehum,
976 2810 1035 2850 nec»
1043 2798 1217 2860 incendium,

92 2884 145 2919 nec
160 2867 355 2932 homicidium,
374 2886 426 2921 nec
440 2870 547 2938 plagas,
573 2885 624 2920 nec
639 2867 849 2938 prehensionem
868 2867 903 2920 dc
927 2869 1048 2938 personis
1068 2868 1136 2932 tibi,
1163 2885 1218 2921 noc

93 2937 250 2990 hominibus
267 2939 300 2990 dc
315 2950 364 2992 tua
378 2948 463 3008 parte,
483 2957 535 2992 nec
551 2940 665 3008 aliquod
679 2941 788 2991 malum.
827 2938 855 2990 Si
871 2938 947 2990 dicis.
985 2937 1147 3006 Modojnra
1164 2940 1216 2994 Pe·
1280 2967 1282 2972 .

94 3017 146 3065 tre.
165 3009 241 3078 quod
261 3009 295 3059 de
309 3010 361 3062 hac
375 3011 440 3062 hora
458 3010 581 3064 inantea
598 3010 746 3078 peripsam
763 3009 1003 3078 compositionem,
1028 3028 1110 3079 quam
1125 3019 1156 3060 tu
1177 3009 1217 3062 sc·

96 3077 158 3129 cisti
173 3078 290 3130 Martino
308 3077 343 3132 de
361 3091 436 3150 patre
454 3100 518 3144 suo,
549 3098 630 3149 quem
645 3089 676 3132 tu
695 3079 873 3144 interfecisti,
892 3097 944 3132 uec
962 3097 1010 3148 per
1024 3090 1070 3139 tc,
1095 3096 1147 3131 nec
1166 3097 1215 3147 per

95 3156 172 3198 tuam
188 3149 345 3200 submissam
362 3168 502 3219 personam
518 3149 766 3213 faciasscacbum,
793 3151 914 3212 furtum,
936 3149 1133 3210 homicidium,
1159 3165 1214 3202 nec

95 3216 266 3280 incendium,
287 3237 339 3272 nec
357 3222 458 3289 plagas,
478 3239 531 3274 nec
551 3220 804 3289 comprehensiones
823 3220 858 3271 de
875 3219 1142 3290 personis'Mattini,
1161 3235 1215 3272 ncc

97 3285 253 3339 hominibus
272 3290 305 3340 de
324 3309 372 3341 stra
390 3299 553 3360 pertense·
566 3291 678 3362 aliquod
697 3293 805 3342 malum·
817 3297 830 3314 ¹
846 3291 873 3342 si
893 3291 970 3344 dicis.
1006 3290 1134 3350 Martius,
1153 3308 1216 3360 per-

68 3363 70 3367 “
99 3357 171 3414 dona
191 3360 271 3411 Petro
291 3377 335 3429 per
352 3361 434 3412 istum
452 3361 550 3414 fustem
569 3379 661 3415 omues
679 3379 783 3424 causas,
804 3369 832 3412 et
849 3361 1011 3426 calumnias,
1031 3361 1166 3430 querelas,
1187 3370 1216 3414 at

27 3445 29 3450 ·
68 3439 71 3446 ’
99 3428 295 3498 querimonias,
313 3431 531 3500 composituram,
552 3441 580 3484 et
596 3440 773 3492 sacramenta,
793 3448 840 3483 seu
860 3433 894 3484 de
913 3434 1009 3487 ceteris
1025 3431 1121 3494 causis,
1143 3448 1215 3502 quac

97 3508 147 3569 per
163 3516 251 3568 tpsum
270 3501 445 3566 advenerint,
465 3505 540 3570 quod
557 3511 588 3568 tu
606 3504 670 3554 inde
688 3518 846 3571 permaneas
862 3505 982 3565 tacitus,
1011 3512 1038 3554 et
1056 3502 1214 3563 contentus,

99 3578 128 3622 et
146 3569 239 3621 Petrus
256 3581 414 3640 permaneat
432 3590 558 3634 securus,
585 3575 707 3636 solutus,
735 3581 761 3625 ct
780 3571 923 3624 indemnis.
967 3573 1031 3642 Quia
1048 3573 1108 3639 lege
1126 3567 1217 3627 viris?

99 3640 143 3692 Ad
162 3641 248 3704 lcgcm
269 3641 478 3706 Langobardam.
513 3643 597 3696 Modo
615 3642 764 3712 responde,
789 3643 926 3706 Martine,
956 3651 988 3694 ut
1007 3643 1027 3694 si
1048 3654 1169 3712 unquam
1188 3644 1217 3694 in

96 3709 220 3780 tempore
238 3719 285 3772 tu,
312 3721 359 3764 aut
376 3713 418 3764 tui
437 3713 504 3775 filii,
524 3715 569 3764 vel
587 3714 701 3766 heredes
720 3721 813 3764 contra
832 3713 960 3776 Petrum,
980 3715 1025 3765 vel
1043 3723 1137 3766 contra
1155 3727 1218 3767 suos

97 3781 223 3842 heredes,
243 3781 388 3834 dc·hac'rc
403 3782 553 3836 habueritis
573 3801 660 3850 agere,
677 3791 724 3834 aut
740 3801 860 3846 causare,
881 3794 928 3836 ant
943 3784 1096 3854 apparuerit
1112 3787 1217 3849 datum,

86 3860 150 3918 ’ortt
166 3851 287 3915 lactum,
312 3862 360 3904 aut
378 3853 526 3922 scriptum,
550 3863 598 3907 ant
613 3854 759 3916 securitas,
783 3871 854 3923 qnae
872 3854 900 3905 in
914 3855 967 3906 alia
983 3864 1060 3924 parte
1080 3855 1152 3908 facta
1167 3855 1220 3908 ha-

98 3921 230 3984 bueritis,
252 3931 280 3974 et
296 3925 369 3974 clare
386 3923 458 3975 sacta
478 3924 597 3988 suerint,
622 3926 696 3994 quod
715 3925 923 3994 composueritis¹
935 3926 964 3977 in
983 3926 1068 3994 duplo
1083 3919 1221 3998 qrtcrimo'-

96 3991 183 4053 niatu,
203 3993 277 4044 unde
295 4003 399 4059 agetur,
420 4004 447 4046 et
463 3993 574 4063 insuper
589 4013 703 4064 poenam
720 3995 822 4062 argenti
846 3996 929 4048 libras
946 3997 981 4054 X.
1019 3997 1142 4066 Spondes
1158 3996 1221 4048 ita'?

101 4061 148 4114 Sic
164 4053 244 4115 facio.
281 4065 323 4116 Da
342 4064 367 4116 ei
383 4064 553 4120 launechild.
589 4066 777 4134 Rogatisinde
792 4065 962 4136 fierihreve5
981 4063 1090 4126 velita.
1125 4062 1224 4124 sealt,-

99 4283 100 4288 ’
171 4278 200 4350 a)
226 4280 276 4332 Ua.
295 4278 363 4337 Coa.
380 4293 431 4334 ant
447 4283 669 4336 aestimationem
689 4281 793 4342 solvat,
820 4277 1086 4336 commentatae
1104 4297 1223 4340 sewum.
