2684 4868
129 263 207 346 572
325 278 740 340 secretursleonnonuu
758 281 826 338 cre.
844 281 908 343 vn.
927 281 997 340 nr.
1015 285 1047 339 r.

131 424 255 492 alendo
268 417 383 488 tinulo
400 421 523 501 dediti3
543 429 580 484 ut
591 420 652 484 sub
667 423 765 486 nnius
780 443 909 488 caussae
926 424 1055 486 nornine
1080 421 1113 486 in
1134 425 1246 490 multis

131 502 284 594 capitulis
300 504 360 587 pei
386 505 506 568 'seriem
521 505 690 568 interdum
710 507 836 590 aliquos
854 507 1015 590 obligent,
1045 505 1142 570 huius
1167 529 1247 590 per·

128 589 233 680 petitu
253 589 410 658 valiturae
430 588 511 671 legis
536 587 770 650 consututione
795 590 1015 652 decernimus:
1048 600 1084 651 ut
1104 591 1244 672 quicun-

130 690 196 758 qne
212 689 286 737 nam
304 672 372 732 allo
394 669 435 732 de
455 670 590 754 negotio
602 671 735 752 speciali
752 669 928 752 definiens,
951 672 1131 756 generalem
1144 673 1246 754 scrip-
1333 675 1340 714 ·'

129 759 175 822 tib
190 754 457 824 constitutionem
479 752 778 832 subintroduxerit,
809 764 906 837 atque
928 756 972 816 ita
994 751 1243 818 circumvenerit

130 841 290 924 aliquem
311 846 350 906 nt
365 836 442 898 dum
460 835 586 898 deuna
605 855 714 900 caussa
730 835 766 897 lit
782 836 1028 914 convenientia,
1050 837 1164 899 callide
1183 857 1244 919 per

130 913 324 1010 scripturam
350 919 493 996 intexat,
523 918 612 980 unde
632 937 761 988 omnem
788 919 831 982 de
849 921 922 984 aliie
948 919 1088 1002 negotiis
1113 919 1245 984 ulterius

13 1027 15 1034 ⁴
131 1021 247 1068 recem
267 993 453 1085 extinguat:
476 1001 530 1063 rel
552 1002 648 1064 ctiam
668 1003 800 1064 fortasse
820 1003 1009 1086 proveniat,
1031 1013 1069 1065 ut
1090 1021 1155 1064 nnn
1171 1002 1246 1100 qni·

129 1088 206 1151 dem
225 1103 284 1170 per
298 1086 506 1167 scripturam,
528 1084 586 1147 aed
597 1083 657 1148 rub
673 1084 745 1149 eliis
758 1085 865 1148 verbis
878 1085 967 1146 aliud
981 1084 1155 1165 simulans,
1176 1105 1248 1168 qur-

130 1167 425 1252 ennqmallqaen
442 1167 555 1230 dolose
575 1187 614 1228 ac
632 1167 863 1230 fraudulenter
876 1169 913 1229 in
933 1185 1132 1250 quoeunque
1155 1165 1248 1230 deci-

128 1253 216 1338 piat:
238 1249 336 1311 huius
356 1247 405 1309 rei
426 1259 666 1332 praesumptor,
688 1259 720 1312 et
737 1249 868 1332 publice
886 1260 1017 1314 notetur
1038 1249 1191 1330 infamia,
1214 1259 1248 1311 et

130 1336 162 1397 ei
181 1351 280 1417 quem
299 1331 551 1394 circumvenerit
571 1353 705 1396 manens
725 1333 903 1411 obnoxius,
934 1333 1069 1397 eandem
1095 1354 1182 1416 quae
1204 1332 1246 1393 de

127 1415 268 1479 falsariis
293 1415 357 1475 lata
383 1423 449 1491 est,
476 1434 646 1476 censuram
668 1413 750 1498 legis
772 1413 947 1483 incurrat.¹
983 1414 1090 1477 Simili
1112 1435 1247 1500 quoque

128 1501 270 1581 dampno
292 1497 345 1559 rel
364 1516 471 1579 poena
489 1497 649 1559 multandi
666 1505 762 1578 eunt,
790 1499 850 1582 qui
868 1509 1003 1582 propter
1024 1499 1245 1560 evacuandam

126 1583 358 1646 fraudulenter
374 1579 586 1660 posteriorem
609 1580 817 1664 scripturam,
848 1603 908 1664 per
925 1578 1120 1644 anteriorem
1140 1582 1245 1664 serip-

128 1674 224 1728 turae
246 1662 365 1728 seriem
385 1683 437 1724 ree
460 1663 606 1742 easdem,
627 1685 706 1745 quas
726 1663 886 1747 posterior
902 1664 1060 1746 scriptura
1085 1666 1245 1741 continet,

129 1747 165 1810 in
178 1745 313 1810 alteriue
331 1743 463 1806 nomine
478 1745 595 1808 callide
611 1746 768 1829 obligasse
782 1746 1023 1829 repperiuntur.
1064 1747 1115 1812 lta
1132 1757 1169 1808 nt
1180 1756 1248 1808 um

127 1829 206 1908 ille,
237 1828 295 1910 qui
317 1828 377 1891 aab
400 1825 461 1890 hac
481 1827 596 1890 fraude
613 1829 711 1890 talem
727 1829 919 1913 scripturam
937 1829 1052 1894 fecisse
1070 1830 1245 1912 detegitur,

175 1935 225 1974 arn
240 1910 298 1972 ille
315 1910 349 1972 in
366 1908 459 1972 cuius
478 1909 610 1972 nomine
625 1912 711 1974 faeta
725 1912 825 1976 luisse
842 1911 1038 1992 eonstiterit,
1056 1912 1080 1976 ei
1095 1913 1247 1976 conscius

127 1934 253 2058 irbudis
271 1991 370 2058 huius
387 1993 574 2070 iuvenitur,
596 1995 726 2072 eadem,
754 2016 819 2078 qua
837 2015 934 2078 supra
953 2002 1097 2058 taxatum
1116 2006 1181 2072 est,
1213 2003 1247 2057 et

128 2079 163 2140 in
177 2078 275 2142 rebus
289 2085 323 2140 et
335 2076 368 2136 in
389 2096 525 2157 corpore
541 2076 665 2138 iactura
684 2078 895 2161 dampnetur;
921 2087 954 2139 et
973 2089 1124 2142 evacuata
1136 2077 1246 2166 priori
1276 2115 1277 2118 κ

127 2162 307 2248 scriptura,
329 2159 421 2224 lirun
437 2158 651 2222 nihilomiuus
666 2160 827 2246 posterior
844 2159 1011 2224 habeatur.

433 2270 529 2339 VIII.
570 2293 634 2340 ens.
663 2293 727 2336 cns.
756 2293 842 2337 cans.
869 2295 937 2342 aar.

160 2371 211 2464 lle
228 2372 347 2468 callide
369 2404 400 2454 et
414 2387 838 2534 smudulenterposteribus
860 2392 1026 2475 seripturis
1046 2389 1209 2476 confictis

188 2477 282 2571 „Nep
308 2471 471 2545 immerito
494 2471 622 2555 cogitur
667 2468 789 2534 ebitum
814 2471 943 2538 heredis
966 2476 1149 2556 exsolvere,
1187 2476 1245 2559 qui

129 2577 296 2630 successor
322 2552 511 2622 hereditatis
546 2553 692 2617 noscitur
718 2554 872 2618 extitisse.
926 2558 1014 2638 Quia
1043 2579 1120 2641 ergo
1145 2560 1245 2622 nullis

86 2680 90 2689 ·
127 2640 428 2716 fruedemmecesse
449 2645 497 2698 est
516 2636 739 2699 occasionibus
763 2635 934 2718 excusari,
965 2638 1061 2702 huius
1086 2643 1246 2725 perpetim

128 2723 287 2800 venerae
316 2721 398 2804 legis
420 2717 587 2780 sanctione
614 2739 798 2784 censemus:
837 2729 873 2782 ut
895 2721 1085 2805 quicunque
1110 2726 1247 2786 cuilibet

127 2803 436 2890 percutiamusque
455 2800 633 2884 scripturae
655 2811 857 2865 contractum
880 2826 932 2868 res
954 2827 1166 2901 quascunque
1187 2809 1247 2870 de-

128 2886 234 2964 derit,
273 2908 358 2969 queo
388 2895 494 2950 umen
532 2883 760 2966 repperiantur
783 2887 1065 2970 quandoquidem,
1096 2899 1245 2950 autnon

128 2971 199 3044 eius
221 2971 300 3041 iuris
320 2965 419 3030 fnisse
445 2965 503 3048 qui
517 2967 624 3044 dedit,
646 2975 702 3028 aut
718 2967 753 3030 id
769 2969 859 3051 quod
875 2969 1000 3033 dedisse
1022 2971 1164 3048 videtur,
1183 2993 1258 3054 per¹

127 3053 271 3152 priorem
288 3053 500 3134 scripturam,
532 3059 588 3111 aut
612 3071 840 3134 quameunque
857 3053 1100 3130 definitionem,
1132 3053 1165 3113 in
1189 3075 1245 3116 eu·

127 3159 312 3218 ruseunque
332 3133 422 3217 prius
439 3132 570 3194 nomine
586 3131 761 3215 obligasse,
776 3131 817 3196 'et
827 3135 886 3197 sub
897 3135 1036 3216 quodam
1053 3146 1245 3219 argumento

127 3220 163 3283 id
172 3219 383 3301 ,postmodum
400 3215 493 3278 alteri
514 3214 660 3293 dedisse,
682 3225 737 3277 aut
757 3218 847 3298 quod
867 3239 961 3281 suum
984 3240 1050 3279 non
1071 3230 1157 3296 erat,
1190 3227 1247 3284 aut

33 3361 37 3372 ,
128 3302 193 3369 iem
223 3302 313 3381 prius
343 3297 439 3364 alteri
467 3297 620 3377 dederat,
652 3296 731 3358 dum
760 3299 882 3362 fraudis
902 3297 1000 3364 huius
1026 3312 1247 3367 commentum

126 3384 297 3460 manifeste
329 3378 485 3466 patuerit:
531 3377 600 3461 ipse
628 3380 760 3461 quidem
790 3381 848 3465 qui
880 3379 976 3462 fecit,
1029 3383 1055 3446 si
1083 3394 1247 3468 superstes

127 3477 196 3543 esti,
248 3475 281 3530 et
315 3459 562 3549 promissionem
605 3471 637 3524 et
672 3484 826 3545 poenam,
871 3485 971 3548 quam
999 3465 1040 3526 ab
1074 3488 1114 3528 eo
1158 3467 1246 3532 edita
1304 3468 1308 3476 '

126 3548 288 3632 scriptura
318 3555 471 3631 testatur,
514 3545 666 3628 supplere
695 3547 860 3630 cogendus
896 3557 953 3611 eet
1009 3549 1044 3610 Si
1072 3571 1148 3614 rero
1172 3559 1247 3634 post

128 3631 346 3723 ciuesthituui¹
369 3627 500 3704 eadem,
530 3648 613 3709 quae
630 3628 794 3710 praedicta
812 3638 877 3708 est,
906 3631 993 3694 fraus
1016 3629 1162 3695 inveniri
1184 3655 1246 3714 po-

128 3715 246 3794 tuerit,
275 3714 309 3779 id
322 3711 412 3797 quod
434 3720 547 3773 auctor
567 3711 760 3798 spopondit,
789 3712 829 3774 de
852 3734 887 3776 re
911 3710 999 3793 eius,
1030 3726 1086 3776 aut
1105 3711 1246 3779 heredes

128 3819 206 3871 cusu
229 3819 337 3880 poena
359 3794 458 3860 etiam
485 3793 661 3876 scripturae
686 3793 903 3878 compellendi
927 3807 1003 3860 sunt
1027 3797 1151 3880 petenti
1171 3817 1245 3880 per-

126 3883 264 3952 soluere.
315 3879 385 3954 ,Aut
421 3870 446 3938 si
485 3877 617 3940 fortasse
644 3877 746 3938 maior
776 3887 824 3940 est
861 3878 1000 3942 auctoris
1028 3879 1245 3964 sponsioni
1278 3936 1282 3942 .

125 3983 317 4050 perenm&
342 3957 537 4044 scripturam
567 3965 690 4036 taxata,
723 3981 820 4042 quam
847 3978 918 4052 ,esee
943 3972 1068 4026 constat
1099 3961 1168 4024 eius
1188 3961 1247 4024 he·

125 4047 262 4120 reditas,
284 4042 311 4105 si
334 4038 654 4130 maluerintheredee
675 4041 860 4127 satisfacere
877 4057 1093 4128 ,profunctore
1105 4091 1114 4123 ‚
1144 4045 1184 4106 de
1205 4065 1244 4104 eo

125 4131 231 4192 saltim
245 4123 391 4210 quode‘x
409 4119 505 4186 rebus
523 4118 592 4184 eius
612 4121 797 4204 possident,
830 4128 968 4212 cogendi
986 4137 1062 4190 sunt
1079 4127 1243 4190 causidico

124 4214 232 4276 lacere
250 4209 439 4274 cessionem.
482 4202 623 4288 Quodsi
645 4206 783 4272 heredes
803 4231 870 4273 nou
896 4211 982 4292 nint,
1004 4211 1045 4275 ab
1065 4211 1105 4276 iis
1123 4209 1244 4295 quibus
