2632 4822
468 271 579 330 ursas
614 255 761 332 arcurs‘
1139 249 1212 329 827

97 418 201 482 aldius
222 418 279 497 sit,
301 415 415 502 perdat
436 435 512 477 eum
533 433 607 474 cum
629 413 831 492 rebus'suis,
862 411 946 476 etin
971 413 1119 477 libertate
1140 436 1200 497 per

96 510 223 562 maneat
246 502 315 586 ipse
343 508 376 562 et
397 497 459 558 filii
482 495 563 562 eius.
619 497 654 558 Si
680 496 881 559 vero'fuerit
910 496 1010 575 liber,
1042 507 1074 560 et
1100 498 1213 560 widri-

96 585 166 667 gild
186 606 281 646 suurn
299 587 487 664 componat.
527 579 570 640 Et
596 579 623 640 si
648 601 722 642 eum
752 577 935 654 battiderit,
970 585 1144 663 componat
1166 581 1212 643 si-

93 659 151 727 cut
179 667 219 728 ad
244 666 344 726 alium
371 664 509 726 liberum
535 661 717 723 hominem:
748 662 871 723 namsi
902 661 1007 746 ipsum
1035 664 1211 741 occiderit,

93 773 153 833 pro
174 749 238 810 hoe
269 747 436 832 Capitulo,
468 745 553 806 sicut
575 765 670 828 supra
699 745 838 828 legitur,
875 757 1048 829 componat
1076 757 1213 808 mortem

94 832 217 914 ipsius,
251 839 283 892 et
316 831 413 892 simul
445 828 610 914 widrigild
642 849 735 890 suum
763 821 844 914 Regi
877 849 937 910 pro
961 829 1210 909 praesumtione.

95 916 130 978 Si
164 935 242 976 vero
275 912 380 975 aldius
414 911 515 973 fuerit
545 919 600 972 aut
631 933 763 986 servus,
812 911 927 994 perdat
961 911 1046 972 filios
1076 911 1145 972 eius
1181 919 1214 972 et

93 1018 146 1058 res
176 996 294 1077 ipsius,
335 1006 368 1058 et
398 1005 570 1078 componat
599 993 633 1053 in
668 993 792 1081 Palatio
816 993 912 1076 Regis
941 993 1118 1076 widrigild.
1179 993 1207 1060 l.

94 1101 124 1161 9.
153 1079 201 1144 26.

162 1178 241 1212 roan.
277 1161 356 1214 Petre
373 1170 403 1213 te
420 1158 542 1242 appellat
558 1143 711 1221 Martinus,
739 1157 814 1229 quod
836 1165 868 1210 tu
886 1157 998 1211 volebas
1024 1159 1117 1214 lacere
1133 1168 1214 1213 tuum

93 1233 214 1291 selvam,
234 1231 279 1286 vel
301 1231 421 1294 aldium,
442 1239 470 1282 et
485 1231 543 1300 ipse
560 1229 613 1280 fuit
630 1229 665 1279 ad
682 1230 780 1294 Regem
798 1229 991 1292 reclamando,
1011 1239 1043 1282 ut
1059 1239 1091 1285 tu
1111 1231 1214 1284 taceres

94 1302 176 1352 finem
195 1299 237 1364 ei,
258 1309 306 1354 aut
323 1302 428 1354 venires
447 1301 477 1350 in
495 1299 680 1370 praesenciam
704 1299 801 1366 Regis,
830 1306 878 1350 aut
906 1301 1025 1364 Iudicis,
1063 1317 1126 1352 cum
1154 1301 1214 1371 ipso

92 1371 226 1441 placitum
251 1369 400 1434 habendo,
428 1377 456 1425 et
483 1378 514 1422 tu
538 1368 660 1422 habuisti
685 1371 891 1435 neglegenciam
917 1371 1016 1434 eundi,
1045 1376 1073 1421 et
1100 1369 1215 1440 baptisti

95 1457 157 1492 eum
174 1449 284 1510 recepta
302 1441 348 1492 ira.
386 1441 421 1493 Et
446 1439 485 1492 ita
512 1437 663 1508 approbet.'
705 1441 733 1491 si
757 1458 828 1505 non3
858 1438 970 1492 idoneet
995 1437 1025 1492 se'
1048 1442 1212 1510 appellatus.

94 1510 124 1562 Si
141 1527 205 1564 vero
227 1528 283 1561 non
299 1510 438 1580 potuerit,
458 1519 603 1579 componat
620 1509 758 1576 widrigild
775 1511 804 1562 in
822 1509 931 1579 palacio
946 1511 1041 1576 liegis3
1072 1518 1101 1562 et
1120 1511 1141 1562 si
1158 1527 1214 1562 ser-

91 1598 141 1632 vus
160 1589 215 1641 est,
241 1582 287 1635 vel
306 1582 412 1644 aldius,
438 1581 536 1649 perdat
555 1597 616 1631 eum
639 1595 702 1631 cum
720 1579 801 1632 rebus
819 1579 889 1642 suis,
909 1588 938 1646 et
955 1581 1039 1634 vadat
1057 1579 1129 1631 liber
1148 1597 1212 1632 curu
1264 1629 1266 1635 .

92 1650 156 1702 filiis
173 1651 250 1713 suia,
274 1669 330 1721 quo
347 1651 479 1718 voluerit,
508 1658 536 1702 ct
560 1650 581 1701 si
599 1649 671 1701 liber
698 1657 754 1710 est,
783 1648 915 1714 widrigild
944 1669 1023 1702 suum
1049 1651 1078 1702 in
1101 1651 1211 1720 palacio

91 1719 169 1788 Regis
188 1729 334 1790 componat
353 1722 401 1790 qui
420 1738 481 1772 eum
499 1718 665 1788 baptiderit,
687 1729 714 1773 et
725 1719 776 1771 sibi
793 1720 866 1773 sicut
884 1720 918 1770 ad
928 1720 1045 1772 liberum
1063 1719 1210 1773 homiuem.

162 1791 239 1841 Petre
265 1801 293 1843 te
320 1791 441 1861 appellat
464 1791 617 1853 Martinus,
652 1791 728 1858 quod
755 1799 787 1843 tu
814 1790 926 1842 volebas
953 1791 1111 1842 Anselmum
1130 1809 1211 1842 suurn

91 1868 196 1932 patrem
214 1859 303 1912 facere
321 1870 400 1913 tuum
418 1877 542 1923 servum,
562 1867 610 1911 aut
628 1860 741 1924 aldium,
767 1867 795 1911 et
812 1859 860 1911 ille
878 1861 928 1914 ivit
953 1860 987 1911 ad
1005 1863 1104 1926 Regem
1123 1862 1212 1913 recla-

91 1929 207 1990 mando,
230 1939 265 1983 et
282 1931 332 1982 ille
349 1939 525 2001 praeceptum
552 1930 629 1995 Regis
653 1930 873 1982 commendatum
901 1931 1055 2001 apportavit
1079 1929 1151 1994 tibi,
1179 1939 1212 1984 ut

91 1999 194 2051 faceres
214 1998 238 2048 ei
256 2001 357 2062 finem,
378 2001 423 2053 vel
449 2000 555 2056 venires
571 2000 601 2051 in
618 2001 801 2068 praesenciam
819 2000 895 2066 Regis
913 2002 958 2053 vel
978 2001 1080 2054 Indicis
1100 2003 1134 2052 ad
1151 2002 1214 2070 pla·

93 2070 178 2122 citum
196 2084 289 2122 secum
307 2068 456 2134 habendo,
488 2078 515 2122 et
537 2079 569 2122 tu
587 2070 713 2123 occidisti
732 2088 802 2122 eum.
858 2073 900 2124 De
918 2080 990 2123 torto
1018 2089 1061 2123 me
1085 2071 1210 2142 appellis.

90 2137 419 2210 Approbetappellator,
447 2139 469 2192 si
486 2148 584 2210 potest.
607 2141 649 2191 -si
671 2159 729 2192 nou
753 2139 890 2211 potuerit,
923 2142 1053 2212 purificet
1070 2157 1099 2192 se
1117 2142 1212 2214 appel·

91 2209 180 2268 latus,
200 2210 245 2261 vel
265 2218 430 2278 componat,
449 2210 521 2262 sicut
538 2211 584 2262 lex
607 2220 655 2262 cst.
1113 2259 1115 2264 .

90 2292 98 2297 ·
160 2277 195 2328 Et
211 2277 264 2331 hae
281 2279 454 2350 probationes
471 2279 555 2344 liunt,
581 2280 731 2334 secuudum
749 2279 888 2352 quosdam.

176 2347 235 2408 lV.
279 2351 438 2418 Omnibus
462 2351 548 2410 enim
564 2373 648 2432 pene
668 2361 781 2410 notum
798 2360 863 2427 est,
888 2350 977 2432 quod
996 2371 1098 2432 usque
1118 2371 1210 2412 nunc

92 2449 152 2512 per
196 2451 310 2512 pravas
342 2431 533 2514 cupiditates
568 2433 811 2494 deducebantur
842 2432 992 2494 homines
1030 2435 1070 2494 ad
1106 2455 1211 2494 sacra-

92 2522 239 2572 mentum
262 2515 302 2576 de
325 2514 441 2576 chartis
454 2512 670 2593 venditionis,
692 2537 774 2596 quae
793 2517 896 2576 factae
915 2518 1056 2593 fuerant,
1081 2525 1112 2577 et
1126 2538 1211 2587 corn-

90 2593 298 2674 pellabantur
327 2620 344 2656 a
369 2595 610 2676 venditoribuS,
640 2599 728 2679 quod
756 2598 895 2680 pretium
922 2599 1118 2681 completum
1142 2621 1209 2660 non

90 2674 248 2739 haberent
270 2679 396 2756 datum,
425 2678 481 2770 qui
508 2679 589 2761 ipsas
613 2679 737 2742 chartas
764 2681 944 2752 habebant,
972 2691 1005 2742 et
1031 2703 1084 2742 res
1110 2682 1211 2764 possi-

91 2758 221 2825 debant.
284 2763 327 2823 Et
355 2761 416 2844 ipsi
450 2770 586 2826 emtores
616 2763 859 2824 deducebantur
893 2765 932 2825 ad
955 2774 1208 2843 sacramentum,

92 2842 181 2922 quod
208 2844 349 2924 pretium
379 2844 574 2926 completum
599 2844 774 2908 baberent:
803 2846 1007 2928 quodvnobis
1036 2847 1208 2908 etnostris

91 2923 257 2985 ludicibus
282 2927 435 2988 illicitum
451 2947 517 2987 esse
533 2927 721 3011 comparuit.
762 2929 805 2988 Et
824 2928 882 3009 qui
900 2952 958 3014 pro
981 2929 1134 3012 opinione
1148 2952 1207 2990 sua

91 3004 197 3066 iurare
220 3009 389 3070 nolebant:
411 3009 536 3084 dabant⁸
549 3031 608 3092 pro
627 3021 827 3072 sacramento
848 3034 906 3072 suo
930 3012 1074 3093 aliquid,
1097 3019 1130 3073 et
1151 3011 1208 3071 ba·
1300 3055 1304 3065 .

90 3084 211 3146 bebaut
245 3091 471 3152 damnietatem
503 3091 573 3153 sine
614 3114 731 3154 caussa.
801 3095 844 3153 Et
880 3095 1027 3176 naufragi
1057 3093 1207 3156 homines

90 3178 261 3250 propterea
281 3173 382 3253 ipsam
416 3174 698 3256 compellationem
718 3174 901 3252 faciebant,
932 3184 969 3236 ut
999 3175 1123 3257 aliquid
1143 3197 1205 3259 pro

90 3249 160 3332 ipso
189 3265 386 3315 sacramento
414 3256 529 3316 tollere
557 3267 697 3339 possent.
754 3258 834 3319 ldeo
863 3256 1084 3334 decernimus,
1114 3267 1150 3319 ut
1167 3258 1206 3320 si

90 3333 163 3414 quis
191 3333 333 3396 chartam
361 3337 557 3398 venditionis
586 3339 625 3399 de
659 3339 766 3418 aliqua
788 3361 823 3399 re
845 3339 964 3399 fecerit
983 3340 1100 3418 alicui,
1135 3351 1207 3402 cta

90 3414 194 3476 scriba
215 3419 346 3498 publico
369 3420 505 3502 scripta,
533 3420 590 3480 vel
612 3443 630 3481 a
650 3422 786 3482 testibus
814 3421 939 3482 idoneis
964 3422 1111 3483 roborata
1131 3423 1206 3484 fue-

89 3497 151 3572 rit,
181 3508 213 3560 et
243 3509 306 3560 tarn
327 3501 394 3584 ipse
415 3502 587 3579 venditor,
616 3525 711 3584 qnam
741 3513 838 3566 testes
867 3505 901 3564 in
931 3501 1003 3587 ipsa
1032 3503 1141 3565 charta
1172 3519 1206 3566 se

89 3580 355 3663 subscripserint,
378 3593 433 3644 aut
453 3607 584 3644 manum
604 3587 790 3669 posuerint,
821 3595 853 3648 et
874 3587 1152 3650 manifestaverint
1172 3588 1207 3648 in

89 3663 157 3744 ipsa
179 3664 306 3742 charta,
334 3665 423 3749 quod
449 3667 589 3749 pretium
618 3669 704 3730 inter
731 3691 785 3732 cos
813 3677 967 3730 statutum
994 3670 1204 3752 suscepisset:

88 3746 115 3808 si
137 3747 282 3828 pulsatus
304 3749 405 3810 fuerit
425 3751 536 3831 postea
566 3761 686 3830 emtor,
716 3752 805 3832 quod
831 3753 971 3835 pretium
1002 3751 1108 3834 ipsum
1139 3774 1206 3812 non

45 3831 49 3846 ⁶
88 3829 335 3910 complevisset,
357 3843 590 3895 sacramentum
613 3832 729 3896 exinde
753 3856 817 3894 non
838 3836 1011 3918 procedat3
1039 3834 1102 3896 nisi
1121 3835 1206 3896 forte

88 3911 119 3972 ei
141 3921 244 3972 emtor
264 3934 322 3996 per
342 3915 477 3975 wadiam
497 3937 530 3977 se
551 3917 757 4000 obligaverit,
778 3926 857 3978 tunc
879 3918 948 4003 ipse
971 3917 1123 3980 venditor
1140 3918 1210 4002 pig·
1265 3921 1277 3993 j

88 4004 184 4054 noret
204 3995 425 4058 fideiussorem
445 4020 538 4058 suum
550 3999 603 4081 f).
645 4000 686 4065 Il.
708 4001 758 4064 55.
784 4023 830 4082 17·

151 4155 252 4226 ssUn.
270 4159 337 4212 Cod.
356 4161 414 4210 nisi
422 4161 504 4232 sorte
526 4162 551 4212 si
577 4162 604 4212 ei
616 4179 667 4232 per
680 4161 801 4214 wadiam
820 4165 942 4237 aliquem
960 4167 1145 4238 inobligavit,
1166 4169 1209 4238 ip·
1265 4197 1267 4202 ·

87 4243 115 4280 se
134 4226 261 4283 venditor
283 4229 494 4301 comprehendat
504 4229 701 4307 fideiussorem
725 4251 811 4295 suum,
