2648 4874
283 277 390 336 teus
409 279 697 338 msssornoauu
713 277 779 336 ns.
798 277 838 336 rs
864 279 935 336 nr.
954 279 1007 348 ιι.Ι
1111 261 1185 336 tte

71 418 159 479 adire
181 425 328 480 terrena:
353 419 495 502 dumque
514 419 697 504 assequitur
715 419 773 482 ille
792 420 912 500 vitalia,
939 426 1110 504 conquirat
1125 426 1184 487 iste

72 502 203 562 caduca.
257 505 301 562 Ut
325 502 383 564 etsi
413 503 585 564 defunctus
609 503 855 565 terrenahuius
893 524 958 564 non
982 508 1088 588 potuit
1109 529 1185 590 pos-

72 584 176 646 sidere
202 593 358 663 terrenus,
380 585 487 646 saltim
506 585 563 647 ille
587 584 725 648 coeleste
751 582 879 647 lucrum
896 583 1006 649 valeat
1024 591 1182 652 obtinere.

430 711 637 778 XVlll.r1.s.
658 733 745 782 caus.
766 735 835 778 arx.

131 823 280 916 pualiter
300 823 506 887 hereditatem
555 827 662 885 arvuli
679 839 826 907 parentes
854 833 979 913 assequi
1001 845 1143 917 possunt.

155 910 249 969 Patre
269 909 424 968 defuncto
448 908 474 969 si
503 845 590 968 fifius
617 908 723 968 filiave
751 911 864 971 decem
882 913 949 974 sive
971 915 1107 999 amplius
1131 915 1184 976 vel

74 991 159 1054 infra
170 990 282 1051 diebus
300 990 411 1051 vivens
421 990 595 1073 baptizatus
614 990 653 1050 ab
670 991 804 1052 haesita
821 994 1012 1074 discesserit,
1025 998 1185 1094 quidquid

74 1076 106 1136 ei
131 1074 171 1132 de
201 1072 355 1133 facultate
376 1073 474 1156 patris
504 1081 684 1155 competere
704 1082 838 1156 poterat,
860 1087 963 1139 mater
986 1081 1048 1140 situ
1068 1082 1183 1142 debeat

72 1156 251 1218 vindicare.
293 1157 439 1238 Itemque
460 1165 560 1216 matre
583 1156 736 1216 defuncta
766 1177 832 1218 non
857 1160 951 1220 aliter
972 1163 1119 1223 defuncti
1142 1165 1182 1222 fi-

72 1240 111 1301 lii
132 1237 316 1321 portionem
336 1245 428 1336 pater
447 1237 599 1314 obtineat,
623 1238 685 1298 nisi
708 1246 817 1300 natum
838 1243 942 1302 filiurn
964 1246 1102 1306 filiamve
1129 1246 1183 1306 de·

74 1339 146 1382 cem
168 1321 387 1398 diebus,s1re
411 1321 558 1402 amplius,
579 1321 632 1381 vel
655 1322 742 1380 infra
763 1323 893 1404 vixisse,
921 1323 1087 1408 fuisseque
1109 1327 1186 1410 bap·

71 1406 190 1465 tizatos
212 1403 355 1464 edoceat.
406 1405 454 1464 Ita
475 1412 510 1463 ut
537 1411 628 1486 pater
654 1409 710 1462 aut
736 1415 852 1484 mater,
878 1407 996 1504 quibus
1025 1411 1084 1470 ista
1107 1429 1183 1470 suc-

73 1487 177 1561 cessio
202 1486 378 1568 competit,
401 1486 428 1546 si
454 1486 539 1546 filios
564 1507 630 1546 non
652 1486 857 1570 reliquerint,
892 1496 1048 1573 integram
1073 1501 1106 1552 et
1130 1493 1183 1550 in-

70 1577 258 1631 temeratam
285 1569 421 1629 eandem
444 1569 623 1629 luctuosam
642 1568 855 1631 hereditatem
884 1573 1092 1635 dividendam
1112 1596 1182 1634 om-

72 1653 170 1714 nibus
192 1651 364 1734 nepotibus
392 1651 637 1732 derelinquant;
659 1671 721 1713 nec
741 1652 931 1715 meliorandi
953 1675 1182 1738 quemcunque

46 1729 48 1734 ¹
73 1743 231 1817 nepotum
251 1733 406 1816 amplius,
428 1753 524 1816 quam
546 1734 584 1794 de
606 1734 701 1794 tertia
725 1745 815 1830 parte
839 1735 935 1798 huius
958 1738 1007 1798 rei
1038 1739 1179 1799 habeant

71 1825 273 1903 potestatem.
314 1817 394 1876 Nam
417 1817 442 1876 si
465 1811 612 1877 ecclesiis
635 1817 688 1876 vel
715 1817 851 1896 libertis,
875 1839 933 1880 seu
955 1821 1089 1881 cuilibet
1115 1821 1182 1881 lar-

73 1899 136 1984 giri
164 1901 203 1960 de
226 1901 338 1960 eadem
359 1900 512 1960 facultate
532 1899 713 1975 voluerint,
735 1900 774 1960 de
795 1901 911 1980 quinta
935 1913 1036 1985 parte,
1062 1924 1181 1963 secun·

73 1985 152 2046 dum
181 1982 380 2065 superiorem
408 1981 530 2065 legem,
559 1989 748 2064 potestatem
774 1982 948 2045 habebunt.
990 1985 1047 2045 Sin
1074 1995 1182 2046 autem

74 2087 138 2128 nec
158 2065 238 2142 filii,
266 2085 329 2124 nec
362 2083 403 2126 ne
427 2073 514 2142 otes,
544 2083 605 2124 nec
628 2071 822 2146 pronepotes
849 2065 1035 2148 superstites
1063 2068 1181 2128 extite-

72 2151 156 2226 rint,
189 2147 279 2230 quod
309 2148 348 2207 de
369 2085 481 2208 eadem
510 2147 662 2208 facultate
691 2149 798 2208 facere
821 2148 874 2207 vel
901 2147 1042 2209 iudicare
1072 2151 1182 2210 volue-

74 2233 156 2308 riut,
184 2229 327 2290 habeant
352 2237 549 2311 potestatem.
602 2229 698 2306 Quod
722 2230 748 2289 si
781 2229 921 2290 intestati
956 2233 1179 2308 decesserint,

73 2322 155 2374 tune
176 2313 232 2371 alii
254 2321 402 2393 parentes
436 2310 582 2373 defuncti
611 2309 727 2394 patris,
757 2320 812 2372 aut
842 2310 966 2391 matris,
995 2311 1052 2395 qui
1080 2315 1180 2397 gradu

73 2395 287 2480 proximiores
299 2395 431 2472 fuerint,
444 2394 639 2476 praedictam
651 2395 834 2456 facultatem
847 2398 962 2479 procul
984 2397 1180 2457 dubiocon·

72 2487 261 2560 sequantur.
302 2478 350 2537 lta
371 2485 408 2536 ut
427 2485 552 2537 mortuo
576 2477 664 2553 filio,
700 2476 726 2536 si
755 2487 845 2559 puter
865 2480 922 2562 qui
949 2480 1009 2538 filii
1032 2478 1179 2540 defuncti

73 2561 312 2622 successionem
333 2559 486 2643 capierit,
509 2559 677 2620 intestatus
699 2558 899 2638 discesserit,
921 2561 1096 2622 heredibus
1119 2584 1179 2644 pa-

73 2643 135 2703 tris
158 2663 198 2702 cx
225 2643 295 2725 lege
317 2641 604 2726 propinquioribus
625 2641 737 2702 eadem
756 2643 891 2704 facultas
915 2646 1085 2728 pertineat.
1125 2639 1179 2704 si-

73 2725 199 2787 militer
216 2733 247 2785 et
266 2725 294 2785 si
316 2735 417 2786 mater
444 2726 622 2786 luctuosam
643 2723 787 2784 defuncti
815 2725 874 2785 filii
895 2726 1108 2788 hereditatem
1127 2747 1179 2786 ca-

71 2807 194 2892 pierit,
215 2815 246 2869 et
266 2807 415 2869 intestata
436 2807 626 2883 discesserit,
649 2806 753 2868 omnis
773 2806 936 2872 successio
961 2808 1105 2871 eiusdem
1126 2810 1177 2868 fa-

71 2889 203 2972 cultatis
223 2890 264 2951 ad
285 2891 485 2975 propinquos
514 2888 659 2949 mulieris
679 2890 814 2950 heredes
845 2891 1009 2973 pertinere
1034 2892 1175 2954 debebit.

70 2973 119 3036 Ea
148 2973 333 3034 conditione
354 2981 494 3048 serrata,
517 2980 554 3032 ut
575 2981 707 3054 nepotes
729 2991 769 3032 ex
790 2972 859 3054 filio
875 2975 927 3034 vel
948 2973 1025 3048 filia,
1047 2975 1104 3056 qui
1118 2996 1177 3054 pa-

70 3063 118 3116 tre
140 3053 192 3117 vel
216 3064 316 3116 matre
340 3055 507 3139 superstite
533 3055 651 3115 mortui
671 3054 808 3132 fuerint,
839 3055 994 3138 integram
1018 3058 1057 3116 de
1079 3057 1176 3118 rebus

71 3139 121 3198 avi
142 3136 197 3199 rel
223 3137 328 3214 ariae,
351 3159 447 3220 quam
476 3146 566 3235 pater
587 3137 640 3198 vel
668 3145 770 3198 mater
793 3156 922 3215 eorum,
945 3139 970 3199 si
996 3139 1174 3215 vixissent,

69 3221 198 3294 fuerant
218 3220 375 3298 habituri,
397 3221 578 3303 percrpiant
601 3219 792 3302 portionem.
835 3220 932 3297 Quod
958 3221 984 3282 si
1005 3213 1091 3282 lilius
1115 3222 1178 3280 ha-

69 3301 149 3366 bens
175 3323 310 3363 uxorem
334 3311 367 3363 et
392 3303 497 3381 filios,
518 3310 606 3384 patre
630 3302 758 3363 virente
782 3301 978 3380 discesserit,
1001 3311 1175 3385 antequam

69 3386 101 3446 ei
121 3395 213 3467 pater
237 3405 312 3446 suus
338 3407 466 3446 omnem
488 3384 680 3468 portionem,
712 3405 795 3466 quac
822 3385 853 3445 ei
877 3386 1093 3468 contingebat,
1118 3386 1176 3444 im·

68 3468 205 3550 plesset:
238 3473 270 3528 et
290 3467 362 3545 filii,
387 3489 469 3549 quos
496 3468 687 3549 reliquerat,
721 3468 850 3528 vivente
874 3489 932 3528 avo
958 3468 1075 3528 mortui
1102 3470 1175 3528 fue-

67 3551 153 3626 rint,
183 3559 263 3609 tunc
284 3549 341 3610 illa
367 3550 480 3611 relicta
500 3551 564 3610 hoc
589 3551 812 3610 tantummodo
836 3550 995 3632 accipiat,
1022 3551 1110 3631 quod
1139 3551 1173 3610 in

68 3633 219 3692 maritum
245 3640 337 3714 pater
361 3642 455 3694 antea
484 3633 719 3714 sequestravit:
757 3652 818 3692 nec
847 3630 920 3713 plus
950 3633 1008 3692 illa
1037 3632 1134 3694 vidua
1156 3655 1175 3692 a

68 3736 164 3776 socru
191 3713 245 3775 vel
277 3714 420 3798 cognatis
439 3715 592 3797 requirat.
622 3715 679 3776 vSi
701 3735 779 3774 vero
808 3713 896 3774 filius
923 3735 997 3773 cum
1022 3724 1109 3797 patre
1139 3713 1174 3775 in

71 3817 244 3858 commuue
261 3797 395 3874 vivens,
426 3798 509 3857 nihil
527 3798 565 3858 ab
587 3819 627 3858 eo
652 3797 811 3879 portionis
833 3797 976 3879 accepite
1010 3793 1088 3856 tunc
1117 3797 1175 3857 illa

69 3880 165 3942 vidua
191 3880 411 3941 tantummodo
441 3879 603 3962 accipiat,
635 3879 724 3959 quod
750 3879 780 3940 ei
810 3885 955 3960 tempore
990 3880 1175 3962 nuptiarum

69 3963 201 4024 maritus
226 3961 294 4023 eius
317 3962 501 4024 donationis
519 3962 617 4022 titulo
642 3960 787 4022 noscitur
812 3959 998 4022 contulisse.
1040 3961 1074 4020 Si
1096 3982 1173 4021 vero

67 4043 154 4107 filius
177 4044 261 4126 patri
289 4065 418 4107 servans
444 4044 682 4120 obedientiam,
710 4066 762 4106 res
785 4065 868 4128 quae
899 4045 930 4104 ei
957 4045 997 4104 de
1032 4051 1176 4104 materna

67 4127 275 4188 successione
297 4128 543 4210 competebant,
569 4135 692 4208 patrem
722 4127 885 4210 possidere
909 4125 1109 4209 permiserit,
1142 4131 1176 4186 et

67 4209 275 4294 postmodum
297 4211 432 4274 eandem
459 4209 648 4272 facultatem
673 4208 742 4270 filio
767 4208 930 4287 debitam,
963 4231 1059 4293 quam
1085 4211 1176 4292 paler
