2684 4868
152 264 226 352 tlt
362 282 468 342 caen
484 243 774 338 ursreornoanas
792 277 859 337 ana
878 279 911 336 v.
931 279 1000 338 rn.
1019 283 1056 334 11.

152 433 214 510 rit,
245 429 410 497 iuraturus
431 429 494 498 est,
528 417 606 504 quia
626 418 762 482 eandem
781 418 987 502 scripturam,
1017 441 1124 504 neque
1144 444 1207 507 per
1226 446 1263 486 se

150 515 309 587 dedisset,
333 526 439 590 neque
457 502 644 574 direxisset,
668 521 775 584 neque
792 522 851 584 per
867 503 1063 563 voluntatem
1083 526 1170 565 suam
1190 506 1261 567 fac-

150 608 221 668 tum
254 601 355 668 esset,
386 598 422 652 ut
447 587 559 650 eadem
586 581 743 667 scriptura
773 583 807 643 in
837 606 950 645 manus
972 586 1039 648 eius
1061 589 1203 665 veniret,
1238 611 1258 649 a

151 702 217 764 quo
237 700 307 740 eam
322 674 452 741 videtur
469 677 631 751 repetere:
653 666 747 728 etsie
767 666 911 728 invalida
930 669 1125 747 remanebit,
1158 670 1185 734 si
1205 681 1256 731 ta·
1326 715 1327 718 ,

149 785 224 824 men
247 759 303 844 qni
332 752 466 818 donavit
491 749 641 813 voluerit.
665 749 771 810 -Itlud
801 771 876 810 sane
904 749 978 811 addi
1002 751 1142 833 placuit,
1171 761 1207 812 ut
1226 751 1255 814 si

149 845 286 928 quisque
307 839 498 921 scripturam
515 834 555 895 de
574 832 639 894 suis
651 831 747 893 rebus
766 831 800 893 in
815 832 1016 916 quibuslibet
1028 833 1171 914 personis
1184 835 1255 895 edi-

150 928 252 1003 derit,
285 923 312 986 si
335 941 405 982 eam
422 915 564 980 vivendo
582 914 630 974 illi
658 914 693 973 in
711 914 804 976 euius
824 916 954 976 nomine
982 915 1102 999 scripta
1121 927 1169 978 est
1189 938 1257 977 non

148 1007 335 1082 tradiderit,
366 999 538 1084 quamlibet
556 997 753 1059 traditanon
781 998 840 1076 sit,
870 1007 976 1058 tamen
993 999 1071 1059 dum
1095 1009 1168 1081 post
1187 999 1258 1062 eius

148 1093 271 1154 obitum
292 1095 418 1169 reperta
448 1080 566 1158 fuerit,
603 1079 660 1140 ille
681 1077 743 1140 sibi
765 1101 835 1141 eam
855 1079 1036 1143 vindicabit
1057 1103 1132 1143 cnm
1153 1082 1259 1142 omni-

146 1173 328 1248 buarchos,
350 1163 485 1250 quaeibi
500 1162 698 1244 conscriptae
709 1171 795 1240 sunt,
817 1163 851 1224 in
866 1164 959 1226 cuius
972 1164 1107 1226 nomine
1123 1164 1261 1226 donator

148 1278 218 1320 earn
239 1253 309 1315 fieri
326 1249 466 1313 voluisse
483 1245 676 1338 agnoscitur.
717 1245 880 1322 Quoniam
901 1247 1021 1308 iustum
1043 1246 1178 1308 omnino
1200 1255 1259 1325 est,

147 1349 184 1400 ut
203 1339 278 1399 talis
299 1325 456 1416 scriptura
483 1328 584 1389 robur
609 1325 822 1409 plenitudinis
849 1329 984 1406 habeat,
1019 1350 1117 1411 quana
1144 1331 1258 1391 vivens

146 1424 284 1484 donator
310 1419 354 1479 ita
380 1410 534 1488 salvavit,
567 1420 604 1471 ut
637 1430 842 1493 nequaquam
870 1412 1019 1473 videatur
1052 1412 1258 1492 aliquatenus

146 1506 322 1566 immutata.
361 1499 442 1560 Nam
469 1493 496 1555 ai
513 1493 703 1575 scripturam
721 1493 822 1577 ipsam
843 1496 897 1556 vel
914 1515 984 1555 rem
1010 1495 1160 1555 eonditor
1180 1495 1258 1556 dum

47 1614 52 1622 ’
145 1587 270 1649 viseret
295 1581 388 1644 nullo
418 1575 514 1637 modo
543 1574 694 1652 tradidit,
727 1575 785 1638 sed
817 1577 902 1658 apud
921 1598 957 1638 ae
986 1575 1142 1655 retinnit,
1174 1577 1259 1640 illud

145 1669 252 1754 potius
273 1663 488 1727 firmissimum
508 1657 588 1736 erit,
618 1657 707 1742 quod
736 1667 809 1741 post
840 1659 1044 1722 testationem
1067 1680 1134 1721 non
1155 1660 1258 1722 tradi-

145 1761 195 1813 tae
223 1750 398 1833 scripturae
426 1740 574 1805 delinisse
604 1740 820 1822 cognoscitur.
872 1742 1017 1819 Quodsi
1038 1743 1166 1825 ipsum,
1201 1741 1258 1804 oni

144 1855 196 1896 res
221 1834 356 1895 donatae
386 1829 534 1900 fuerant,
571 1823 675 1884 fatalis
699 1843 790 1885 casua
820 1822 942 1887 abhuc
964 1824 1030 1887 vita
1051 1825 1256 1904 subduxerit,

145 1923 218 1976 ante
246 1935 318 1976 narn
331 1931 401 1974 rem
423 1906 484 1970 sibi
507 1906 654 1967 donatam
669 1913 818 1988 caperat,
847 1906 888 1967 ad
905 1907 1111 1986 donatorem,
1146 1907 1197 1970 vel
1216 1909 1258 1970 ad

143 1937 281 2059 heredes
309 1991 492 2067 donatoris,
523 2009 575 2050 res
603 1988 671 2070 ipsa
693 1986 865 2070 pertineat.
913 1990 980 2067 Qui
1006 2012 1083 2052 vero
1108 1990 1167 2052 sub
1195 1990 1259 2052 hac

148 2080 317 2142 occasione
331 2073 482 2158 largitur,
503 2080 541 2132 ut
551 2072 687 2132 eandem
695 2091 767 2132 rena
783 2071 851 2155 ipse
864 2071 920 2153 qni
942 2073 1040 2134 donat
1055 2074 1260 2136 usufructua-

145 2165 197 2226 rio
215 2164 287 2223 iure
307 2158 481 2243 possideat,
504 2165 537 2216 et
556 2152 600 2212 ita
615 2161 686 2236 post
703 2152 774 2216 eius
792 2163 929 2216 mortem
948 2155 989 2217 ad
1007 2156 1101 2216 illurn
1118 2156 1173 2217 cui
1195 2156 1258 2219 do-

146 2245 273 2307 naverit
292 2265 344 2304 res
364 2242 480 2302 donata
501 2234 680 2319 pertineat:
703 2235 780 2315 qnia
801 2237 979 2299 similitudo
996 2247 1045 2300 est
1061 2239 1257 2320 testamenti,

67 2375 70 2381 ·
143 2327 276 2390 habebit
286 2322 456 2386 licentiam
471 2316 661 2380 immutandi
680 2319 882 2384 voluntatem
895 2341 985 2381 suana
997 2322 1129 2406 quando
1143 2321 1257 2384 volus·

145 2411 206 2490 rit,
228 2407 351 2471 etiarnsi
371 2406 404 2465 in
425 2400 517 2464 nullo
532 2400 654 2462 laesum
673 2399 772 2462 fnisse
788 2423 822 2463 se
844 2403 973 2464 dixerit.
1014 2403 1174 2465 Illevero
1198 2404 1256 2486 qui

143 2494 225 2556 falsa
242 2489 416 2553 donatione
438 2485 694 2560 circumventus,
723 2480 847 2565 aliquid
871 2486 905 2547 in
929 2483 1070 2548 utilitate
1091 2487 1256 2548 donatoris

149 2573 357 2658 expenderit,
378 2578 434 2629 unt
452 2568 491 2628 ab
509 2567 577 2648 ipso
595 2565 749 2627 donatore
765 2567 921 2651 recipiat,
942 2577 997 2628 ant
1015 2568 1054 2628 ab
1073 2569 1143 2630 eius
1157 2569 1257 2630 here·

144 2659 255 2722 dibus:
284 2675 326 2718 ne
346 2653 464 2714 iniuste
486 2649 623 2732 dampna
641 2648 815 2727 sustineat,
848 2651 904 2733 qui
932 2652 1060 2712 lucrum
1081 2672 1115 2714 sa
1136 2651 1256 2714 habere

33 2783 37 2790 -
144 2743 185 2804 de
207 2739 295 2800 inani
323 2733 536 2822 promissione
565 2731 704 2813 putabat.
759 2729 855 2794 Certe
887 2733 913 2795 si
939 2733 1086 2816 quisquis
1110 2733 1169 2796 ille
1186 2755 1257 2798 rena

143 2824 313 2899 donatam,
336 2819 405 2880 sive
424 2835 483 2900 per
503 2814 707 2909 traditionem
727 2815 877 2878 conditae
891 2819 1089 2898 scripturae,
1111 2817 1179 2878 aire
1196 2839 1258 2900 per

144 2903 420 2988 consignationem
437 2898 488 2960 vel
504 2896 711 2958 traditionem
732 2915 859 2976 rernm,
882 2898 916 2960 in
938 2899 1009 2962 iure
1026 2919 1084 2960 sao
1103 2920 1257 2982 percepe⁶

143 2989 259 3067 rit,·et
278 2981 510 3068 complacuerit
529 2982 577 3058 ei,
600 2988 637 3039 ut
656 2979 794 3043 donator
810 3002 880 3043 rem
899 2981 999 3066 ipsam
1017 3003 1076 3065 per
1102 2983 1256 3044 volunta-

145 3080 211 3133 tem
227 3070 296 3132 eius
316 3068 374 3150 qui
388 3086 457 3126 eum
471 3063 621 3124 donatam
636 3063 781 3146 percepit
795 3064 977 3148 possideat,
999 3064 1062 3124 iam
1078 3063 1105 3126 si
1123 3064 1155 3124 in
1171 3074 1257 3147 post·

142 3155 275 3216 modurn
295 3154 428 3213 sortasse
449 3144 643 3229 contigerit,
664 3153 700 3205 ut
718 3145 787 3228 ipse
806 3147 950 3228 quirem
970 3147 1121 3209 donatam
1139 3168 1255 3230 perce·

141 3247 250 3321 perat,
272 3235 398 3296 vivente
418 3229 573 3291 donatore
589 3226 745 3306 moriens,
767 3229 806 3290 ab
822 3229 882 3292 hac
899 3230 965 3292 vita
978 3229 1138 3308 discedat,
1162 3230 1257 3312 quid-

142 3319 223 3402 quid
247 3319 287 3381 de
311 3338 347 3378 re
372 3311 434 3377 sibi
457 3311 575 3373 donata
602 3308 747 3371 indicare
773 3311 913 3374 voluerit
941 3313 1106 3374 licentiam
1127 3311 1254 3379 habeat

142 3402 238 3482 Quod
267 3400 294 3464 si
317 3399 485 3460 intestatus
506 3391 706 3469 discesserit,
735 3413 801 3456 non
824 3395 866 3458 ud
896 3395 1102 3472 donatorem,
1136 3397 1193 3457 sed
1214 3397 1257 3460 aa

141 3485 279 3546 heredes
310 3482 397 3558 eins,
432 3476 580 3561 quirem
604 3473 754 3538 donatam
776 3478 944 3564 percepit,
972 3499 1025 3542 res
1048 3477 1160 3540 eadem
1181 3478 1253 3542 sine

143 3567 242 3629 dubio
264 3562 449 3650 pertinebit·

569 3691 647 3758 Vll.
686 3707 837 3772 anatona.

250 3817 300 3876 De
321 3815 413 3876 rebus
428 3813 513 3871 inter
529 3811 677 3872 maritam
696 3809 728 3870 et
747 3831 882 3872 uxorem
901 3812 1038 3874 inuicem
1057 3811 1152 3882 datis.

223 3897 357 3959 Maritus
378 3895 405 3956 si
427 3894 522 3954 uxori
544 3913 620 3954 suae
642 3893 765 3974 aliquid
788 3892 975 3974 donaverit,
1009 3896 1050 3958 de
1079 3896 1142 3959 hoc
1163 3898 1254 3980 qnod

140 3978 405 4064 ipsasibihabere
420 3974 577 4053 voluerit,
593 3973 909 4057 scripturam-manus
925 3999 1000 4040 snae
1015 3979 1252 4078 subscriptione

138 4064 190 4128 sel
213 4063 306 4148 signo
327 4059 519 4136 confirmet,
546 4057 590 4118 ita
610 4066 646 4117 ut
663 4057 728 4119 dno
753 4067 808 4120 ant
827 4069 890 4122 tres
909 4069 1004 4123 testes
1020 4061 1157 4146 ingenua
1175 4064 1254 4126 snb-

138 4146 312 4229 scriptores
332 4143 384 4204 vel
406 4141 495 4221 signa
516 4140 673 4202 facientes
694 4140 865 4220 accedant,
897 4151 932 4205 ct
962 4143 1010 4207 sic
1030 4148 1182 4208 voluntas
1203 4147 1254 4230 ip.

138 4230 207 4292 sins
227 4229 344 4292 habeat
365 4225 555 4289 firmitatem.
596 4221 717 4286 Similia
731 4230 764 4287 et
780 4223 821 4286 da
837 4225 949 4290 uxoris
963 4227 1147 4309 voluntate,
1169 4249 1253 4314 quae
