2632 4822
428 247 594 308 emmau
627 249 811 306 normus
1099 229 1173 330 741

99 431 100 436 1
147 389 381 459 CCCXXXIII.
424 391 460 455 si
476 391 594 453 animal
618 389 757 454 alicuius
780 387 924 452 alienum
936 364 1063 457 “animal
1084 395 1173 464 ocei-

65 475 164 557 derit,
185 485 241 538 aut
261 473 477 558 intricaverit,
498 474 603 535 id‘est
622 465 680 535 bos
699 474 834 548 hovem,
856 482 910 534 aut
925 463 1096 556 quodlibet
1115 500 1176 562 pe-

65 562 203 637 culium,
223 569 304 619 tunc
318 557 496 634 Dominus,
519 556 575 639 qui
595 551 688 617 suu'm
702 555 820 616 animal
839 555 1024 640 intricatum
1041 559 1176 622 invene·

64 645 124 718 rit,
148 651 202 704 aut
218 641 352 703 forsitan
375 640 439 700 iam
459 639 652 716 marcidum,
685 647 740 699 aut
759 637 935 714 minutum,
966 638 1114 704 iubemus
1139 650 1177 704 ut

63 727 236 807 'consignet
253 722 357 807 ipsum
374 723 568 798 marcidum,
583 719 645 782 'aut
662 719 854 781 intricatum.
865 719 930 799 illi,
954 723 1046 785 cuius
1059 717 1178 785 animal

66 831 141 871 eum
158 807 336 883 intricavit,
359 813 392 866 et
411 805 549 866 similem
566 805 697 904 qualem
714 804 748 863 iu
761 803 822 864 'illa
837 803 888 865 die
907 803 1024 884 fuerit,
1048 807 1179 888 quando

67 892 252 954 intricatum
274 898 342 968 est,
373 887 507 974 recipiat
525 887 565 949 'ab
585 887 673 972 ipso,
700 885 802 948 'cuius
830 885 950 949 animal
968 887 1034 950 hoc
1050 885 1179 955 iecerit.

70 977 97 1037 1.
121 997 171 1035 21.
193 975 223 1039 5.
596 977 597 980 ’

152 1053 382 1119 CCCXXXIV.
424 1053 459 1116 Si
489 1054 562 1139 quis
591 1073 706 1116 canem
738 1048 882 1116 alienum
910 1055 1034 1126 furatus
1069 1053 1180 1134 fuerit,

69 1161 195 1202 nonum
214 1136 274 1202 sibi
294 1135 416 1198 reddat.
479 1135 506 1204 l.
528 1139 578 1200 25.
599 1137 649 1220 59.
689 1141 691 1151 ⁴

155 1252 371 1318 CCCXXXV.
421 1250 456 1316 Si
481 1251 555 1334 quis
580 1272 626 1313 se
646 1248 842 1314 vindicando
867 1249 1027 1314 occiderit
1052 1255 1185 1320 sconem

70 1339 215 1402 alienum
235 1358 310 1398 cum
331 1343 435 1418 spata,
457 1345 511 1398 aut
531 1334 634 1417 virga,
656 1341 711 1394 aut
731 1333 930 1415 quibuslibet
951 1332 1065 1412 armis,
1086 1357 1184 1398 mauu

70 1421 233 1499 tenendo,
256 1441 322 1480 uon
344 1418 538 1501 requiratur,
560 1426 686 1479 tantum
702 1424 767 1494 est,
790 1425 826 1476 ut
846 1416 914 1499 ipsa
934 1416 1022 1500 virga
1041 1419 1114 1480 talis
1136 1418 1185 1480 iu·

70 1504 228 1580 veniatur,
247 1510 283 1563 ut
296 1501 467 1564 mediocris
483 1509 578 1583 spata.
608 1501 689 1560 Nam
702 1498 729 1560 si
745 1509 819 1581 post
832 1499 935 1582 ipsum
951 1499 1130 1578 iactaverit,
1153 1510 1186 1563 et

7 1629 12 1636 ·
59 1609 147 1650 ‘eum
165 1585 339 1664 occiderit,
360 1585 474 1646 reddat
490 1583 693 1674 ferquidem,
717 1581 750 1642 id
768 1591 815 1644 est
831 1581 979 1646 similem.
1029 1583 1057 1650 l.
1073 1605 1119 1666 19.
1137 1584 1186 1652 16.

66 1735 71 1744 ·
157 1691 405 1756 CCCXXXVI.
455 1691 489 1751 Si
518 1690 590 1772 quis
617 1709 732 1750 canem
751 1687 904 1750 alienum
932 1699 1027 1751 noete
1050 1686 1106 1751 aut
1131 1690 1185 1753 die

72 1775 225 1838 damnum
246 1775 421 1836 facientem
441 1772 604 1834 invenerit
620 1773 654 1832 in
674 1791 744 1832 casa
764 1792 836 1846 sua,
868 1772 895 1832 si
919 1790 994 1832 eum
1014 1773 1184 1852 occiderit,

69 1873 138 1920 'nou
161 1858 363 1940 requiratur,
386 1855 463 1918 etsi
488 1855 612 1918 occisus
630 1867 695 1916 no'n
718 1853 835 1932 fuerit,
858 1855 1011 1916 damnum
1027 1857 1115 1939 quod
1132 1857 1184 1920 fe*-

69 1941 168 2019 fucat,
190 1941 348 2003 Dominus
369 1940 491 2005 reddat.
552 1938 580 2002 l.
606 1959 652 2020 ¹9·
678 1939 748 2012 16.¹

121 2121 124 2126 ,
157 2053 416 2118 CCCXXXVII.
453 2053 486 2116 Si
504 2052 576 2136 quis
592 2053 786 2137 percusserit
802 2075 932 2116 vaccam
946 2053 1189 2139 praegnantem,

73 2145 108 2200 et
138 2139 301 2213 arbortum
323 2138 455 2214 fecerit,
487 2142 657 2219 componat
680 2137 859 2198 tremissem
890 2159 993 2198 unum
1011 2145 1049 2215 e).
1091 2134 1190 2208 Etsi

74 2231 200 2282 mortua
221 2221 335 2299 fuerit,
366 2221 480 2282 reddat
506 2241 576 2280 eam
599 2219 736 2301 qualiter
756 2220 930 2304 appretiata
946 2220 1064 2300 fuerit,
1093 2218 1191 2281 simul

79 2313 113 2366 et
133 2303 222 2387 quod
241 2303 274 2363 in
294 2313 384 2365 utero
401 2303 468 2364 eius
486 2311 648 2362 mortuum
665 2311 720 2369 est.
783 2305 807 2370 1.
835 2325 881 2385 19.
906 2305 953 2369 18.

162 2411 431 2479 CCCXXXVIII.
472 2412 507 2474 Si
519 2412 591 2494 quis
608 2409 801 2493 percusserit
818 2433 935 2493 equam
949 2409 1191 2496 praegnantem,

79 2503 113 2558 et
133 2497 278 2561 abortum
300 2495 432 2573 fecerit,
465 2503 637 2578 componat
661 2494 792 2556 solidos·
802 2495 852 2573 111
866 2493 918 2576 s).
957 2495 1132 2559 Sicutem
1151 2514 1193 2555 ex

78 2578 148 2661 ipsa
165 2577 354 2662 percussura
367 2587 490 2639 mortua
505 2578 620 2654 fuerit,
644 2586 814 2660 componat
830 2599 918 2658 eam,
940 2569 1035 2642 simul
1052 2589 1086 2642 et
1102 2576 1192 2660 quod

81 2661 117 2724 iu
136 2671 228 2732 utero
246 2663 315 2723 eius
333 2671 494 2724 mortuum
514 2669 570 2722 est.
635 2661 731 2742 1.19.
758 2683 804 2742 17.
1014 2683 1018 2694 ³

163 2742 402 2809 CCCXXXIX.
444 2745 480 2805 Si
511 2743 585 2825 quis
617 2744 810 2825 percusserit
841 2743 994 2806 ancillam
1019 2739 1193 2828 gravidam,
1262 2765 1264 2776 ¹

83 2836 117 2892 et
133 2830 279 2890 ubo1tum
299 2828 432 2905 fecerit,
456 2834 628 2909 componat
646 2827 767 2890 solidos
788 2828 845 2888 lllt
889 2827 923 2889 Si
941 2836 1047 2889 autem
1065 2849 1106 2888 ex
1126 2826 1194 2910 ipsa

80 2917 272 2994 percussura
291 2921 415 2972 mortua
433 2911 546 2988 fuerit,
570 2917 740 2993 componat
755 2931 841 2990 eam,
874 2909 970 2974 simul
991 2914 1026 2973 et
1045 2909 1134 2994 quod
1158 2907 1193 2968 in
1304 2956 1311 2969 .

84 3002 177 3054 utero
200 2995 268 3054 eius
290 3004 451 3054 moltuum
470 3002 527 3054 est.
586 2992 613 3058 Ι.
639 3014 685 3074 ¹9·
712 3015 757 3073 19·

166 3075 317 3142 CCCXL.
359 3076 392 3138 Si
408 3077 502 3153 lupus
518 3075 636 3135 animal
653 3075 875 3156 cuiuscunque
894 3075 1067 3152 occiderit,
1089 3084 1121 3138 et
1133 3074 1196 3136 ali-

83 3157 175 3240 quis,
199 3158 232 3218 id
250 3159 414 3220 neseiente
435 3157 575 3218 Domino
593 3179 651 3219 suo
674 3157 903 3236 excoriaverit,
925 3167 957 3220 et
973 3156 1141 3235 celaverit,
1163 3164 1197 3218 et

10 3267 13 3274 ⁴
83 3261 143 3388 per
156 3239 355 3308 proditorem
367 3263 460 3304 suum
475 3242 643 3302 inventum
658 3239 772 3318 fuerit,
796 3249 966 3323 componat
981 3240 1102 3302 solidos
1114 3239 1196 3309 ΧΠ.

103 3324 185 3386 [25.
206 3324 257 3397 40.

169 3404 332 3466 CCCXLl.
375 3405 410 3466 Si
432 3403 465 3464 in
489 3405 620 3466 flumine
646 3403 765 3466 animal
784 3402 1014 3486 cuiuscumque
1034 3411 1197 3466 mortuum

84 3487 200 3562 fuerit,
230 3497 284 3547 aut
305 3487 518 3570 ubicumque,
552 3497 585 3550 et
609 3488 690 3550 alius
715 3487 828 3562 homo,
863 3487 953 3550 cuius
983 3507 1050 3549 uon
1080 3487 1197 3568 fuerit,

88 3570 320 3644 excoriaverit,
343 3582 513 3650 componat
530 3570 652 3636 solidos
667 3571 742 3632 Xll.
803 3569 829 3630 Ι.
852 3571 974 3646 25..lir,
1015 3614 1019 3624 .
1120 3606 1132 3630 ,ι

170 3651 360 3716 CCCXLll.
410 3653 445 3713 Si
474 3654 546 3735 quis
575 3653 699 3716 caballo
725 3653 832 3714 alieno
855 3666 964 3714 aurem
986 3654 1041 3716 vel
1066 3654 1198 3716 oculum

87 3737 284 3814 excusserit,
319 3745 375 3796 aut
390 3735 530 3818 aliquam
547 3735 724 3799 laesionem
744 3736 887 3817 corporis
907 3736 1034 3815 fecerit,
1066 3737 1200 3820 recipiat

87 3819 209 3900 ipsum,
233 3819 290 3902 qui
311 3819 417 3881 laesus
436 3821 539 3881 factus
561 3829 608 3882 est
616 3865 626 3899 ‚
649 3829 681 3882 et
698 3819 812 3882 reddat
832 3818 864 3888 ei
871 3819 1078 3904 ferquidum,
1094 3820 1140 3884 td=
1149 3831 1200 3884 ost

89 3901 237 3972 similem.
280 3902 326 3968 ¹1.
347 3924 458 3985 19.2o.
1166 3944 1169 3952 .

89 4183 110 4300 'c
132 4174 186 4299 de)
205 4162 346 4297 Ιὲιιζιθοᾶ.
366 4194 423 4228 non
440 4177 588 4229 tremissem
608 4191 706 4236 anun,
727 4162 912 4228 rod'solidum
928 4189 1020 4228 unum.
1084 4171 1199 4246 siri-¹11·

115 4263 130 4298 o
152 4286 157 4298 .
183 4264 234 4302 so.
271 4285 277 4299 .
