2648 4874
127 247 207 326 494
327 261 441 330 tacis
460 263 750 321 wisicornonnn
771 265 834 318 nn.
853 266 898 320 ιν.
918 264 986 320 rrr.
1006 264 1043 320 11.

127 404 237 471 fratris
258 404 308 468 sui
333 411 390 466 aut
411 404 548 481 sororis,
579 405 637 486 qni
665 425 706 466 ex
726 425 792 465 uno
812 413 900 486 patre
919 413 975 462 ant
991 425 1032 464 ex
1053 424 1117 464 una
1134 415 1235 468 matre

86 531 88 538 ·
127 499 206 554 sunt
223 486 343 571 geniti,
365 497 542 568 sequantur
561 484 781 550 hereditatem.
823 485 900 546 Filii
919 496 1023 546 tamen
1047 485 1102 566 qni
1124 510 1165 548 ex
1185 489 1236 548 di-

128 571 232 637 versis
254 567 416 652 patribus,
446 576 478 628 et
497 590 560 628 nna
585 579 683 628 matre
709 578 783 627 sunt
808 566 925 648 geniti,
956 568 996 628 ad
1016 568 1237 650 accipiendam

129 665 305 715 maternam
320 651 504 712 facultatem
523 651 649 730 aequali
667 649 869 711 successione
889 650 1070 715 deveniant.
1113 652 1236 712 Simili-

129 749 181 798 ter
198 757 330 820 qnoque
345 734 400 810 hi,
423 732 535 814 quide
557 733 693 794 diversis
711 732 862 793 matribus
877 742 910 794 et
931 755 997 797 uno
1010 742 1101 818 patre
1122 734 1236 796 oriun-

129 829 202 900 tur,
224 816 394 883 divisionis
413 815 561 876 ordinem
579 824 721 888 teneant.

414 957 471 1020 VI.
533 978 593 1018 rns.
635 949 698 1017 cns.
738 977 825 1017 nens.
865 973 936 1017 nex.

288 1071 327 1134 Si
347 1074 375 1134 is
396 1075 451 1158 qui
471 1073 606 1136 moritur
625 1091 699 1132 avos
719 1069 876 1154 relinquat
896 1085 950 1133 out
970 1071 1071 1133 avias.

215 1177 374 1257 Quotiens
395 1177 451 1260 qui
473 1174 615 1254 moritur,
637 1175 664 1237 si
686 1197 778 1237 arum
803 1186 972 1261 paternum
994 1185 1026 1238 et
1053 1187 1234 1244 maternum

130 1261 312 1342 relinquat,
340 1269 404 1320 tam
425 1261 465 1321 ad
491 1282 583 1321 arum
604 1269 791 1341 paternum,
821 1281 916 1341 quam
937 1259 977 1320 ad
998 1282 1091 1321 avum
1113 1275 1233 1326 mater-

131 1367 228 1422 num,
258 1343 419 1404 hereditas
447 1341 563 1402 mortui
590 1342 737 1402 universa
761 1343 926 1423 pertineat.
977 1342 1011 1402 Si
1043 1355 1149 1406 autem
1178 1347 1234 1430 qni

130 1427 287 1504 moritur,
327 1447 419 1485 avum
448 1433 614 1506 pater-num
653 1432 684 1485 et
713 1423 813 1483 aviam
846 1434 1019 1484 maternam
1047 1429 1234 1509 reliquerit,

130 1507 434 1590 aequales'capiant
454 1507 629 1589 portiones.
671 1509 718 1568 lta
741 1527 869 1588 quoque
893 1507 973 1583 erit,
1005 1507 1031 1566 si
1052 1531 1146 1572 avum
1167 1535 1236 1570 ma-

130 1600 260 1653 ternum
282 1600 313 1649 et
337 1600 502 1671 paternam
523 1588 644 1667 aviam,
674 1588 730 1670 qni
752 1590 903 1668 moritur,
935 1590 1118 1672 relinquere
1141 1594 1233 1654 vide·

131 1683 211 1733 atur.
252 1674 295 1734 Et
315 1672 396 1732 haec
417 1673 546 1754 quidem
565 1672 705 1754 aequitas
725 1672 880 1754 portionis
903 1673 942 1734 de
965 1671 1028 1734 illis
1048 1677 1143 1736 rebus
1164 1677 1234 1753 erit,

131 1778 210 1838 quas
231 1764 375 1816 mortuus
397 1754 594 1836 conquisisse
617 1755 829 1838 cognoscitur.
870 1757 918 1816 De
941 1755 1007 1815 illis
1028 1779 1103 1818 vero
1127 1761 1234 1835 rebus,

131 1861 209 1920 quas
230 1838 269 1898 ab
291 1837 356 1898 avis
377 1839 429 1900 rel
450 1835 635 1922 parentibus
657 1837 785 1917 habuit,
816 1837 858 1900 ad
885 1859 959 1901 avos
989 1838 1110 1902 directa
1145 1841 1234 1904 linea

130 1922 338 1984 revocabunt.

131 2061 204 2126 VII.
245 2059 283 2120 Si
302 2061 330 2120 is
351 2063 406 2144 qui
426 2061 561 2121 moritur
589 2077 712 2122 sorores
740 2060 898 2142 relinquat
915 2060 1018 2143 patris
1040 2072 1095 2120 aut
1114 2061 1234 2121 matris.

216 2167 280 2246 Qui
302 2167 445 2245 moritur,
467 2166 493 2227 si
513 2167 732 2228 tantummodo
754 2177 900 2249 patruum
929 2175 961 2228 et
1002 2165 1144 2242 amitam,
1173 2166 1236 2225 hoc

131 2261 190 2329 est,
212 2251 310 2335 patris
330 2253 461 2311 fratrem
480 2259 533 2309 aut
554 2270 713 2326 sororem,
735 2251 799 2311 sive
824 2249 1016 2309 avunculum
1034 2257 1067 2308 et
1086 2256 1236 2308 materte-

129 2357 219 2413 ram,
250 2334 314 2394 hoc
341 2340 406 2410 est,
427 2333 535 2392 matris
556 2335 685 2392 fratrem
701 2332 753 2394 rel
775 2351 915 2393 sororem
939 2331 1103 2412 relinquit,
1125 2340 1156 2392 et
1184 2331 1235 2389 in-

128 2427 277 2479 testatum
299 2437 372 2476 eum
406 2415 520 2476 obiisse
543 2414 728 2496 contigerit,
759 2414 884 2496 aequali
906 2415 973 2474 iure
1003 2413 1177 2476 succedant
1199 2415 1232 2473 in

130 2499 342 2565 hereditatem
363 2498 525 2575 defuncti,
547 2497 602 2580 qui
624 2497 789 2558 intestatus
811 2497 999 2559 discesserit.

538 2639 630 2701 VIII.
672 2658 821 2714 armeus.

170 2753 209 2814 Si
228 2754 256 2814 is
276 2753 331 2837 qui
358 2752 493 2816 moritur
506 2798 516 2830 ,
535 2751 768 2893 filiosdsratris
796 2753 844 2812 vel
868 2753 988 2815 sororis
1017 2752 1193 2836 relinquere

603 2857 637 2894 vt
664 2848 761 2895 eatur.

214 2942 279 3022 Qui
300 2943 442 3018 moritur,
465 2940 492 3002 si
515 2943 627 3003 fratres
657 2951 710 3001 ant
738 2965 862 3004 sorores
892 2963 957 3002 non
987 2941 1171 3024 reliquerit,
1202 2949 1234 3002 et

130 3027 214 3088 filios
243 3028 377 3088 fratrum
405 3035 438 3087 et
469 3045 613 3084 sororum
639 3024 825 3106 reliquerit:
858 3025 883 3086 si
911 3045 950 3085 ex
980 3046 1045 3086 nno
1074 3027 1171 3086 fratre
1194 3025 1234 3084 sit

130 3131 213 3170 unns
234 3109 330 3184 filius,
346 3117 387 3180 et
407 3129 447 3168 ex
468 3106 532 3168 alio
553 3109 648 3168 fratre
670 3110 722 3168 vel
744 3130 849 3170 sorore
871 3107 1004 3168 forsitan
1027 3109 1145 3190 plnres,
1164 3131 1234 3167 om-

129 3213 204 3252 nem
225 3191 435 3252 hereditatem
459 3189 604 3252 defuncti
627 3191 773 3274 capiant,
795 3200 828 3254 et
848 3189 1025 3272 aequaliter
1045 3214 1104 3274 per
1125 3191 1234 3274 capita

129 3275 275 3338 dlvidant
294 3272 468 3359 portiones.
1124 3289 1128 3294 '

468 3387 520 3448 IX.
582 3409 644 3449 res.
687 3405 771 3449 cnns.
813 3409 881 3449 nex.

243 3503 339 3589 Quod
357 3505 391 3564 n
403 3488 696 3564 emetiendam
710 3502 856 3583 foemina
876 3505 978 3590 accipi
998 3503 1120 3567 debeat.

211 3613 383 3676 Foeminae
408 3613 448 3672 ad
467 3611 677 3672 hereditatem
698 3611 794 3692 patris
814 3612 866 3674 vel
887 3614 1005 3692 matris,
1029 3632 1158 3673 avorum
1181 3605 1232 3671 vel

129 3697 284 3774 uriarum,
314 3707 383 3758 tam
399 3704 605 3778 paternorum
626 3714 722 3776 quam
743 3703 973 3772 maternarum,
1004 3695 1045 3756 ad
1069 3693 1233 3754 heredita-

128 3789 195 3843 tem
216 3783 348 3840 fratrum
369 3778 422 3840 vel
443 3798 607 3853 sororum,
637 3775 701 3837 sive
726 3775 767 3836 ad
787 3778 844 3838 has
866 3777 1076 3854 hereditates,
1107 3795 1190 3856 qnae
1214 3797 1233 3833 a

128 3872 242 3944 patruo
263 3863 316 3922 vel
337 3884 355 3921 a
381 3860 448 3920 filio
472 3857 596 3941 patrui,
628 3859 731 3919 fratris
762 3859 858 3920 etiam
880 3859 948 3920 filio
968 3861 1020 3922 vel
1042 3858 1158 3919 sororis
1179 3878 1232 3916 re-

129 3947 339 4026 linquuntur,
361 3942 539 4024 aequaliter
560 3961 632 4000 cum
656 3941 804 4002 fratribus
825 3943 964 4002 veniant.
1013 3943 1093 4002 Nam
1114 3939 1232 4008 iustum

129 4029 263 4089 omnino
285 4038 351 4102 est,
386 4035 421 4085 ut
440 4046 519 4105 quos
540 4023 679 4106 propinq
706 4023 762 4084 ‘tas
786 4035 915 4086 naturae
938 4023 1112 4102 consociat,
1135 4023 1232 4085 here·

129 4111 259 4176 ditariae
282 4106 492 4172 successionis
514 4106 592 4168 ordo
614 4128 679 4168 non
725 4106 831 4172 ividat.
