2640 4838
113 229 189 310 728
468 251 636 310 euterun
673 255 857 342 tintinnis¹

109 379 195 466 quim
212 391 280 446 feeit
299 389 366 446 mihi
383 389 567 448 Moreoardm.
608 393 670 449 Non
693 391 787 466 potuit
808 391 863 445 tibi
886 393 997 469 tacere,
1025 389 1103 460 quod
1118 390 1180 464 ipse
1200 400 1240 444 e„

85 476 300 541 *moneremur
340 460 447 515 Probet.
874 464 879 474 ¹
957 466 980 492 ι.
1076 464 1082 476 ι

195 531 438 594 ccxxxviii.
482 532 804 596 Servusmaosnrius
841 529 1006 592 licentium
1039 530 1162 592 hebeat
1198 530 1240 592 de

134 615 245 679 enutio
265 633 341 690 suo,
364 613 470 676 idest
487 613 621 695 bovem,
650 635 797 691 vrcorm,
824 613 1000 691 enbotttttn,
1029 614 1185 694 similiter
1208 623 1242 675 et

171 697 306 759 minutis
324 696 462 779 poeniiie
479 697 514 756 in
537 700 735 776 rocio‘dare‘,
757 706 790 759 et
811 696 843 760 in
864 695 952 756 sodo
973 697 1133 780 recipere,
1157 708 1242 756 ven·

112 782 193 845 dem
209 788 399 845 autemnon
416 780 513 856 lieet,
540 780 602 842 nisi
616 799 679 865 -pro
700 778 837 842 utilitate
857 796 946 840 neree
967 778 1068 867 ipqtoo
1090 798 1242 841 necesso-

112 863 198 927 rium
214 872 272 940 ert,
295 873 455 942 quotenus
471 884 562 934 cosae
582 865 738 946 proficiat,
762 873 798 924 nt
820 883 884 922 non
904 856 1067 944 depereat.
1089 861 1136 926 Ii.
1150 864 1200 924 32.
1215 863 1243 924 3.

181 963 261 1000 rona.
298 947 419 1001 Periere
436 947 558 1016 appellet
575 947 725 1011 Martinus,
754 943 877 1016 qoodtu
895 953 971 996 tetros
988 941 1243 998 ribintotoordine

115 1033 201 1077 unum
217 1014 324 1072 hovem.
361 1017 424 1084 lpse
437 1015 580 1078 boniacus
599 1027 656 1084 eutr
677 1035 742 1074 orm
758 1017 810 1072 oni
826 1015 1026 1070 omnimodo.
1066 1016 1137 1070 -b'du
1150 1015 1243 1084 potuit

114 1083 167 1140 tibi
184 1075 321 1150 vendere,
348 1086 417 1160 quir,
434 1103 510 1142 meur
525 1103 619 1147 vetros
636 1097 699 1145 ere·
729 1088 793 1159 lpse
814 1084 893 1141 dedit
911 1085 981 1142 orbi
1002 1095 1115 1158 propter
1137 1086 1241 1140 utitita-

115 1165 277 1210 inmensae.

200 1223 418 1290 CCXXXIX.
458 1225 549 1288 Nulli
567 1227 664 1290 liceat
679 1219 766 1288 aldio
786 1220 1017 1309 eninr'cnmque
1042 1223 1101 1308 qui
1121 1224 1244 1286 amond

117 1309 304 1372 feotue‘non
322 1317 380 1386 est,
402 1308 472 1370 sine
490 1301 659 1373 voiuntato
679 1307 876 1394 petroniani
898 1318 1015 1370 terram
1040 1314 1096 1368 aut
1115 1309 1245 1370 monci-

117 1393 209 1480 pittm
230 1391 371 1453 vendere
393 1411 499 1476 neque
522 1389 661 1454 liberum
678 1392 849 1456 dimittere.
919 1388 961 1458 11.
983 1391 1033 1452 32.
1053 1390 1086 1467 4.

187 1473 386 1527 ronn.·‘P'etre
411 1483 440 1525 te
462 1475 584 1544 appellat
602 1476 753 1540 Martinus,
781 1475 855 1546 quod
876 1481 907 1526 tu
935 1491 962 1526 es
986 1492 1051 1526 suus
1077 1491 1192 1538 servus,
1219 1479 1248 1526 et

118 1545 192 1599 maio
209 1544 305 1596 ordine
321 1543 459 1596 subtrahis
479 1556 507 1597 te
523 1548 557 1598 de
572 1563 621 1598 suo
637 1545 760 1602 servicio.
797 1543 878 1598 Liber
892 1561 966 1595 sum:
990 1559 1057 1598 ecce
1073 1553 1168 1607 carta,
1191 1561 1249 1614 qna

118 1614 320 1746 33:³53&
337 1615 520 1668 Marcimeni.
557 1618 657 1670 Contra
668 1617 758 1684 tegern
775 1624 815 1670 ert
831 1615 891 1686 ipsa
905 1622 998 1679 carte,
1016 1611 1095 1685 quod
1109 1615 1172 1686 ipre
1192 1621 1251 1668 erat

205 1755 322 1820 CCXL.
364 1754 399 1814 Si
419 1755 492 1836 quis
514 1755 599 1818 liber
619 1753 717 1818 homo
737 1754 914 1817 terminum
932 1752 1107 1836 antiquom,
1120 1759 1248 1816 'eorru-

119 1837 227 1924 perit,
249 1845 304 1897 aut
323 1839 596 1914 exterminaverit,
619 1849 652 1900 et
671 1836 841 1922 probatum
860 1837 978 1914 fuerit,
1009 1836 1050 1899 sit
1069 1837 1249 1920 culpabilis

103 1917 255 1998 ,LXXX
282 1920 377 1982 solid.
397 1920 538 1983 medinm
558 1920 658 2006 Regi,
686 1930 719 1984 et
738 1919 884 1984 medium
904 1919 939 1982 in
961 1919 1053 1986 eninr
1082 1921 1150 1984 fine
1174 1921 1248 1984 fue·

121 2001 351 2069 ritterminns.
411 2003 508 2069 1.26.
535 2025 561 2068 1.

208 2083 351 2150 CCXLi.
393 2081 428 2146 Si
446 2087 519 2168 quis
540 2107 650 2148 servus
668 2085 794 2148 alienus
808 2081 985 2146 terminum
1004 2083 1178 2168 antiquum
1193 2106 1250 2146 ru-

147 2170 219 2247 erit,
241 2175 296 2231 eut
309 2167 586 2249 exterminaverit,
607 2169 717 2232 mortis
734 2165 881 2231 incurrat
896 2166 1092 2252 periculum,
1115 2178 1173 2230 aut
1197 2191 1251 2252 ⁵⁰7

121 2193 202 2315 didis
221 2251 289 2313 XL.
314 2251 500 2312 redimatur.
565 2251 592 2318 Ι.
614 2251 665 2314 26.
686 2275 715 2319 2.

212 2330 372 2396 CCXLII.
414 2335 449 2396 Si
469 2334 542 2416 quir
562 2333 646 2396 iiber
662 2333 759 2398 homo
784 2333 948 2412 arborem,
980 2330 1037 2395 ubi
1063 2327 1253 2397 theclarura

127 2419 210 2478 facta
232 2425 297 2496 est,
320 2417 407 2479 inter
425 2417 505 2478 [ines
526 2415 776 2496 discernendos,
806 2415 975 2494 inciderit,
1005 2426 1060 2477 aut
1076 2415 1251 2496 deleverit,

127 2499 252 2561 LXXX.
274 2499 366 2564 solid.
389 2499 431 2562 eit
448 2498 632 2582 culpabitis,
654 2499 797 2562 medium
812 2498 911 2581 Regi,
933 2508 965 2560 et
988 2496 1130 2563 medium
1153 2499 1252 2562 cuins

130 2582 225 2642 arbor
242 2578 350 2644 fuerit.
390 2579 435 2643 Et
450 2581 476 2643 si
493 2605 605 2645 servus
623 2605 682 2666 per
701 2583 876 2648 iussionem
902 2580 1025 2642 domini
1045 2581 1095 2642 sui
1117 2583 1253 2662 fecerit,

130 2662 280 2726 dominus
297 2661 554 2746 eios'componat
571 2672 719 2750 utsupra
738 2665 857 2728 solidos
878 2661 1014 2726 LXXX.
1075 2663 1101 2726 Ι.
1124 2665 1174 2732 26.
1198 2667 1230 2728 ὅ.

212 2747 381 2812 CCXLIII.
424 2747 458 2808 Si
477 2769 588 2808 servus
602 2768 659 2808 sna
676 2747 864 2809 auctoritate
882 2746 1035 2821 arborem,
1050 2743 1106 2804 ubi
1123 2746 1251 2806 thecla-

128 2839 202 2890 tura
217 2829 303 2889 faeta
320 2838 369 2889 eet
386 2827 473 2890 inter
490 2829 570 2890 fines
588 2828 837 2906 discernendos,
866 2826 1015 2889 inciderit
1034 2833 1085 2884 aut
1108 2826 1252 2890 deleve-

129 2914 185 2991 rit,
208 2919 265 2970 ent
283 2910 451 2988 moriatur,
474 2920 530 2971 aut
550 2912 666 2973 liberet
683 2934 716 2974 se
738 2913 850 2976 solidis
870 2911 935 2975 XL.
999 2909 1024 2974 Ι.
1046 2907 1095 2968 26.
1116 2908 1147 2983 4.

215 2992 384 3054 CCXLIV.
428 2992 553 3075 Siquis
568 3004 701 3076 propter
719 2995 932 3056 intentionem
951 2990 1040 3074 signa
1058 3011 1157 3067 nove,
1188 2998 1249 3050 aut

130 3078 357 3152 theciatoram,
381 3085 435 3136 aut
450 3076 605 3137 sinnidam
616 3082 643 3156 e)
667 3077 700 3138 in
717 3077 797 3138 silva
813 3077 944 3137 alterius
961 3073 1085 3149 fecerit,
1108 3081 1140 3132 et
1155 3091 1251 3133 suam

134 3182 203 3222 non
224 3157 419 3242 probaverit,
442 3169 612 3242 componat
631 3159 750 3221 solidos
763 3158 831 3222 XL.
854 3157 998 3222 medium
1010 3155 1102 3240 Regi,
1124 3163 1157 3216 et
1176 3175 1252 3218 me·

133 3239 566 3306 diurnooiussilvasuerit.
627 3241 655 3310 Ι.
677 3243 727 3304 26.
748 3242 777 3308 5.
1244 3282 1248 3292 ·

215 3325 370 3389 CCXLV.
412 3323 447 3384 Si
468 3346 580 3386 servus
595 3335 685 3386 extra
704 3325 878 3386 iussionem
902 3321 1025 3384 domini
1053 3321 1102 3383 sui
1127 3319 1251 3382 thecla·

130 3419 248 3486 voram,
271 3417 326 3467 ant
343 3405 497 3469 rinaidom
519 3407 551 3466 in
568 3407 649 3470 silva
662 3409 793 3471 alterius
812 3406 945 3478 feeerit,
977 3427 1090 3465 manos
1109 3403 1178 3465 eino
1195 3404 1250 3462 in-

70 3509 72 3514 '
135 3493 270 3554 cidatur.
299 3490 381 3554 Etsi
400 3512 474 3550 cum
492 3491 634 3551 iussione
655 3491 779 3553 domini
801 3491 850 3552 sui
869 3489 1101 3563 theclaturam,
1134 3493 1189 3545 aut
1209 3486 1250 3548 si·

135 3575 264 3635 beidam
285 3571 317 3632 in
338 3573 420 3634 silvo
441 3573 573 3636 alterius
593 3573 727 3652 fecerit,
748 3580 916 3658 reputetur
932 3572 1029 3656 culpa
1048 3567 1191 3648 domino,
1213 3575 1253 3628 ut

136 3680 172 3719 su
198 3679 241 3723 ra.
305 3659 331 3718 I.
355 3655 404 3722 26.
425 3656 455 3716 6.
501 3677 519 3706 ··
693 3669 694 3673 ’

137 3797 141 3805 .
175 3681 195 3741 p
218 3739 391 3809 CCXLVI.
442 3737 477 3800 Si
501 3738 575 3819 quis
597 3736 667 3800 sine
689 3737 830 3800 iussione
853 3735 949 3818 Regis
971 3755 1086 3794 aurum
1106 3732 1254 3816 signove·

93 3819 95 3823 ’
136 3824 192 3903 rit,
213 3834 267 3886 aot
282 3832 442 3887 monetam
458 3822 670 3899 confinxerit,
691 3842 802 3882 manus
818 3819 887 3880 eius
903 3818 1076 3882 incidetur.
1118 3816 1145 3882 l.
1160 3817 1211 3881 28.
1229 3839 1255 3882 r.

220 3903 412 3969 CCXLVH.
456 3905 489 3964 si
502 3904 575 3984 quis
593 3903 734 3963 chortam
750 3904 862 3964 falsam
876 3900 1052 3982 scripserit,
1074 3908 1130 3962 aut
1145 3900 1256 3983 quod·

133 3989 472 4064 in‘betumombmnom,
492 4007 605 4049 manns
624 3986 693 4050 eins
709 3986 886 4048 incidatur.
944 3985 968 4052 1.
989 4004 1040 4067 29.
1054 4004 1091 4069 Ιι.

206 4210 296 4282 e)t1.
316 4209 402 4264 Codd
422 4207 598 4281 rigandam,-
617 4205 727 4262 maida.
