2640 4838
332 1318 337 1325 ’
375 1351 606 1420 Psosoeos
631 1353 680 1428 ,ΙΝ
710 1329 916 1419 tolosum.
992 1337 995 1344 ’

169 1559 210 1618 1η
230 1553 355 1616 nomine
371 1551 528 1628 Domini,
549 1549 662 1636 incipit
671 1546 838 1627 Edictum,
860 1544 949 1630 quod
966 1529 1119 1614 remeavit
1136 1562 1206 1604 cum

86 1638 281 1705 Primatibus
302 1633 584 1715 mcisIudicibus,
617 1633 686 1714 Ego
705 1634 740 1692 in
756 1632 819 1691 Dei
846 1633 971 1692 nomine
991 1630 1126 1712 3?th
1168 1645 1225 1714 geg

87 1725 136 1786 vir
154 1721 437 1783 excellentissimus
449 1720 599 1801 septimus
617 1717 757 1778 decimus
792 1715 864 1778 Rea
894 1717 997 1794 gentis
1023 1714 1135 1795 Lange
1154 1730 1209 1792 arg
1245 1745 1247 1752 ·

86 1805 221 1878 dorum,
242 1798 332 1865 'anno
349 1805 419 1874 Deo
435 1803 631 1887 propitiante
661 1799 762 1881 Regni
782 1802 844 1861 mei
865 1797 1006 1877 Oetam,
1031 1798 1206 1877 aetatisque

63 1889 248 1968 'trigesimo
276 1898 410 1962 octavo,
440 1883 620 1948 Indictione
648 1883 804 1963 secunda,
832 1895 862 1944 et
881 1895 956 1966 post
973 1879 1227 1963 aduentum-ips

83 1972 289 2034 Provinciam
322 1969 437 2030 Italiae
475 1967 779 2048 Langobardorum,
820 1988 864 2028 ese
894 1987 956 2050 quo
982 1961 1102 2046 Altiaia
1134 1955 1208 2028 ticnc

85 2056 236 2137 temporis
261 2053 343 2132 Rege
364 2050 557 2138 procedente
585 2049 700 2112 diuina
720 2051 863 2132 potentia
890 2047 996 2110 adiuti
1011 2047 1097 2132 sunt
1118 2051 1204 2106 anno

83 2136 311 2220 septuagesimo
353 2131 445 2197 sexto
479 2132 634 2214 feliciter.
699 2133 817 2199 Datum
858 2133 965 2192 Ticini
1005 2132 1038 2190 in
1065 2125 1176 2220 [Palati
1198 2170 1230 2204 ,Γ

85 2221 212 2302 Quanta
267 2237 304 2279 ro
338 2219 549 2279 subiectorum
580 2229 761 2279 nostrorum
791 2215 956 2278 commodo
986 2197 1152 2292 nostr‘des
1219 2227 1221 2234 ’

83 2239 310 2362 sollicitudnis
343 2321 436 2378 cura,
469 2299 517 2360 vel
549 2312 615 2379 est,
650 2297 902 2360 subteradneuus
926 2299 1019 2360 tenor'
1041 2277 1206 2376 'debititatt

80 2385 251 2468 praecipue
276 2397 339 2444 tam
351 2396 486 2468 propter
502 2381 645 2443 assiduas
658 2381 868 2463 fatigationes
887 2378 1063 2466 pauperum
1133 2395 1224 2466 uam!

84 2468 179 2527 etiam
206 2487 266 2550 pro
291 2478 341 2528 ter
373 2463 549 2550 superfluas
582 2469 764 2527 exactiones
799 2465 850 2526 ab'
867 2465 933 2541 itis,
968 2464 1023 2547 qui
1082 2397 1228 2542 lew*

6 2573 9 2580 ·
82 2489 395 2627 circumiacent,
425 2545 623 2630 quosetiam
646 2551 713 2608 vim
736 2549 807 2631 pati
827 2547 1037 2628 cognonssmus.
1098 2541 1145 2622 §Et
1164 2541 1205 2604 ob

83 2633 143 2692 troc
169 2633 406 2694 considerantes
431 2632 494 2690 Dei
512 2627 784 2707 misericordiam,
813 2625 1119 2691 necessarium‘essd
1156 2645 1207 2686 ro·

83 2717 245 2798 speximus
255 2728 453 2797 praesentem
470 2715 630 2792 corrigere
647 2727 678 2773 et
696 2723 890 2798 componere*
901 2713 1012 2792 legem,
1023 2706 1114 2794 diod
1140 2702 1148 2718 “
1167 2704 1180 2725 ”
1193 2710 1224 2762 sl

82 2817 134 2859 res
157 2817 264 2858 omnes
279 2810 309 2858 et
323 2808 475 2871 renovet,
495 2809 525 2856 et
543 2795 698 2874 emendet,
717 2807 747 2855 et
768 2795 855 2877 quod
874 2795 979 2872 deest,
1001 2793 1153 2864 adiiciat,
1173 2802 1205 2852 et

82 2877 173 3021 guod
190 2894 238 2942 est
256 2879 468 2964 superfluum,
494 2879 669 2941 abscindat.
700 2877 744 2938 Et
756 2879 790 2938 in
811 2875 1216 2962 unum·›providintustvo·'

17 3007 20 3014 Δ
99 2982 190 3021 umen
215 2961 503 3047 complectendam,
527 2975 678 3045 quatenus
697 2962 793 3023 liceat
816 2963 1004 3043 unicuique,
1025 2956 1113 3020 silvo
1138 2957 1206 3036 lege
1236 2959 1241 2964 “

85 3055 117 3103 et
151 3045 294 3122 iustitia,
328 3047 432 3128 quiete
464 3047 590 3125 uivere,
620 3055 665 3105 'et
692 3056 825 3128 propter
849 3045 1067 3125 operationem
1094 3052 1206 3102 contro

85 3125 231 3186 inimicos
248 3127 414 3202 laborare,
445 3148 558 3210 seque,
588 3148 721 3209 suosque
752 3125 926 3209 defendere
939 3125 1041 3210 fines.
1086 3125 1206 3186 Tamen

85 3225 273 3302 quamquam
295 3212 371 3270 haec
392 3210 439 3270 ita
465 3231 498 3270 se
524 3211 677 3288 habeant,
714 3211 790 3270 utile
813 3212 1039 3294 prospeximus
1064 3229 1126 3294 pro
1147 3202 1211 3286 fu·'

86 3300 151 3349 tura
177 3294 328 3373 temporis
351 3293 505 3354 memoria
528 3296 658 3354 nomina
680 3292 798 3371 Regum
829 3306 1062 3354 antecessorum
1081 3302 1207 3360 nostro-

86 3390 174 3467 rum,
202 3375 246 3434 esi
271 3395 333 3457 quo
360 3375 395 3433 in
424 3387 516 3453 gente
541 3389 653 3436 nostra
679 3374 967 3454 Langobardorum
983 3377 1083 3455 Reges
1106 3373 1205 3434 nomi·

60 3466 155 3514 ·natt
179 3467 351 3540 coeperunt
379 3477 466 3535 esse,
503 3462 694 3529 memorari,
733 3460 940 3538 inquantum
967 3478 1029 3542 per
1058 3457 1206 3537 antiquos

86 3536 228 3598 homines
260 3539 450 3619 didicimus,
483 3553 515 3600 et
537 3542 572 3600 in
588 3543 659 3601 -hac
679 3542 860 3602 membrana
881 3539 1030 3602 annotari
1048 3539 1206 3600 iussimus.
1277 3559 1287 3612 j

9 3619 11 3623 ’
86 3617 162 3678 Fuit
185 3621 291 3705 itaque
319 3624 443 3706 primus
468 3621 666 3702 Agimundus
693 3644 737 3684 ex
761 3644 874 3703 genere
903 3623 1043 3704 Cugingi.
1085 3622 1203 3683 Secun-

85 3699 148 3760 dus
182 3701 337 3771 Lamisso.
387 3707 513 3766 Tertius
550 3705 641 3769 Lem.
702 3707 842 3795 Quartus
880 3705 1074 3780 Childehoc,
1106 3702 1205 3788 filius

86 3782 177 3851 Letta.
230 3789 365 3870 Quintus
391 3787 564 3866 Godetioc,
581 3787 680 3873 filius
701 3788 884 3856 Childehoc.
939 3790 1059 3852 Sextus
1080 3785 1205 3870 Doffo,
1279 3853 1284 3861 ,

76 3863 176 3949 filius
197 3869 359 3952 Daffonis.
425 3872 583 3952 Septimus
618 3874 718 3946 Toto,
745 3870 844 3956 filius
875 3870 1016 3935 Tatonis.
1069 3873 1205 3933 Octavus

90 3945 236 4028 Wacito,
265 3951 364 4038 filius
390 3954 521 4032 Nichis,
552 3969 649 4039 nepos
679 3956 819 4018 Tatonis.
875 3957 985 4017 Nonus
1017 3955 1205 4019 Walterius.

83 4029 233 4093 Decimus
256 4034 401 4098 Adoinus
427 4056 470 4098 ex
495 4057 607 4114 genere
632 4039 755 4100 Gausis.
814 4037 1006 4100 Undecimus
1033 4039 1204 4102 Alboinus:

6 4165 7 4170 ,
84 4117 342 4194 enercitum,'ut
363 4119 601 4202 supradictum
622 4135 687 4191 est,
710 4125 745 4182 in
757 4121 893 4183 'Italiam
915 4121 1065 4190 adduxit,
1092 4121 1204 4181 'Duo-

86 4194 226 4275 decimus
246 4214 293 4264 est
314 4201 412 4287 Clepir
442 4223 625 4284 exgenere
649 4205 770 4272 Beleos.
821 4205 946 4268 Tertius
968 4206 1110 4270 decimus
1134 4204 1205 4267 Hu-

830 4415 832 4428 ·
884 4405 904 4438 ’κ
