2684 4868
224 283 327 342 tems
346 286 637 344 wrsrcornoaun
654 285 772 344 nost,
785 285 862 342 ru.
881 285 931 340 vn
1118 273 1193 347 527

73 443 213 504 usuras,
242 426 272 487 si
303 434 410 487 tamen
431 423 531 487 fuerit
555 424 798 488 undvdentur.
840 425 881 487 Et
899 426 938 488 de
962 425 1073 492 solidis
1100 442 1188 510 octo,

72 530 203 573 nonum
224 507 364 570 solidum
389 507 557 588 creditori,
581 508 637 590 qui
664 507 838 592 pecuniam
863 508 905 572 ad
930 531 1060 575 usuram
1089 514 1189 592 dedit,

70 593 242 654 exsolvat:
263 599 299 662 ,et
320 587 366 651 sic
387 606 542 652 summam
565 591 723 674 pecuniae
746 600 778 652 et
796 609 907 650 usuras
930 589 986 653 ille
1010 595 1066 676 qui
1090 597 1191 657 dede-

72 684 140 750 rat,
169 697 187 732 a
210 673 353 734 debitore
379 671 522 756 recipiat.
564 673 660 752 Quod
681 672 707 734 si
740 671 923 736 cautionem
952 675 1035 738 ultra
1058 681 1190 740 modum

69 757 225 839 superius
238 755 506 840 comprehensum
521 773 580 837 per
590 755 812 818 necessitatem
835 756 1039 838 suscipientis
1050 762 1191 822 creditor

72 838 257 917 extorserit,
279 839 422 902 conditio
441 846 552 898 contra
573 837 661 920 leges
682 837 801 900 inserta
823 855 889 900 non
911 839 1023 902 valeat.
1066 844 1100 904 Si
1117 843 1190 925 quia

69 931 183 983 autem
214 932 324 982 contra
353 919 589 982 ordinationem
619 920 704 982 hanc
732 921 866 996 fecerit,
901 942 971 982 eam
997 943 1067 984 rem
1092 949 1190 1008 quam

70 1003 354 1081 commodaverit,
381 1001 535 1088 recipiat:
563 1012 597 1064 et
621 1023 703 1086 quae
729 1011 840 1064 cautae
867 1003 1015 1086 suerunt,
1037 1005 1071 1068 in
1096 1005 1190 1070 nulio

69 1089 243 1150 solvantur
267 1106 393 1148 usurae.

499 1163 555 1230 lx.
598 1186 747 1264 carrona.

472 1282 519 1343 Dc
541 1283 646 1342 usuris
665 1282 808 1364 frugum.

138 1359 356 1446 ¹Quicunque
385 1360 494 1446 fruges
516 1365 620 1426 aridas
641 1375 673 1426 et
701 1362 868 1444 humidas',
891 1359 925 1427 id
950 1369 998 1428 est
1020 1368 1132 1431 vinum
1158 1376 1191 1432 et

68 1451 203 1525 etcum,
233 1449 287 1510 vel
309 1447 530 1528 quodcunque
558 1469 704 1508 annonae
728 1467 829 1530 genus
852 1448 944 1510 alteri
965 1453 1190 1513 commodave-

70 1534 133 1610 rit,
164 1551 232 1593 uon
248 1531 391 1612 amplius
410 1528 449 1589 ab
474 1539 666 1612 eapropter
688 1551 818 1608 usuras,
850 1553 946 1625 quam
970 1535 1096 1594 tertiam
1116 1557 1189 1616 par-

69 1625 139 1676 tem
165 1612 323 1695 accipiat,
358 1612 392 1675 id
420 1619 470 1672 est
497 1622 533 1672 ut
561 1633 660 1695 super
685 1612 766 1673 duos
789 1614 934 1692 modios,
964 1617 1022 1697 qui
1046 1617 1188 1699 accepit,

70 1697 204 1758 tertium
228 1695 353 1758 reddat·
395 1695 500 1772 Quam
519 1694 645 1777 legem,
676 1694 717 1754 ad
736 1694 820 1755 solas
844 1698 955 1778 fruges
976 1699 1190 1782 praecipimur

69 1779 247 1862 pertinere.
295 1779 375 1838 Nam
402 1777 442 1838 de
465 1777 604 1859 pecunia
634 1778 848 1853 commodata,
887 1780 1066 1844 secundum
1093 1801 1191 1867 supe·-

68 1863 194 1924 riorem
217 1861 325 1943 legem
349 1858 457 1922 valere
485 1867 518 1922 et
543 1859 710 1924 observare
733 1880 909 1922 censemus»

505 1973 546 2038 X·
580 2013 583 2018 ·
608 1994 758 2050 narrant.

95 2083 157 2146 Cui
175 2081 312 2146 debcant
329 2095 513 2144 testamenta
531 2083 770 2164 oci'ccripturac
788 2082 1022 2145 commendatae
1037 2085 1170 2148 restitui.

156 2161 399 2228 Testamentum
424 2167 464 2226 ab
499 2187 537 2226 eo
565 2165 618 2226 cui
651 2166 751 2226 fuerit
775 2167 1050 2243 commendatum,
1081 2179 1192 2249 postea

71 2271 172 2330 quam
191 2247 256 2310 hoc
278 2257 351 2308 ante
373 2255 471 2309 testes
491 2245 715 2332 publicaverit,
738 2247 820 2309 sicut
841 2249 942 2309 estin
966 2248 1092 2332 legibus
1115 2272 1192 2312 con·

72 2331 239 2406 stitutum,
269 2326 356 2407 illi„
375 2332 433 2413 qui
459 2331 614 2392 maiorem
640 2340 762 2413 partem
785 2331 824 2392 de
854 2331 969 2391 eodem
993 2339 1186 2395 testamento

72 2423 123 2474 est
147 2419 418 2495 consequuturus,
441 2414 597 2474 reddatur
619 2409 743 2474 heredi.
786 2413 882 2491 Quod
908 2413 934 2474 si
952 2414 1007 2474 alii
1027 2416 1191 2479 redditum

72 2497 184 2574 suerit,
212 2493 264 2557 vel
290 2493 470 2557 adversario
493 2496 561 2557 eius
589 2493 763 2574 traditum,
786 2496 842 2591 qui
864 2491 1032 2558 tradiderit
1058 2500 1190 2581 duplam

72 2579 343 2660 compositionem
362 2575 527 2657 restituat,
561 2599 658 2662 quam
682 2573 732 2638 illi
755 2599 806 2638 out
834 2580 1061 2641 fraudulentus
1090 2583 1191 2643 fuerit

73 2661 197 2720 inferre
218 2661 372 2722 voluerat.
403 2661 479 2722 Illas
493 2682 569 2722 vero
585 2661 766 2744 scripturas,
787 2682 868 2742 quae
895 2661 993 2724 simul
1011 2663 1094 2724 tradi
1116 2685 1190 2748 pur·-

73 2741 163 2802 tibus
184 2742 314 2818 debent,
345 2742 371 2804 si
393 2743 630 2806 commendatas
652 2743 841 2825 quicunque
869 2747 1054 2829 susceperit,
1077 2747 1110 2809 id
1131 2759 1190 2826 est,

70 2833 275 2903 testamenta,
298 2825 436 2904 iudicia,
458 2834 561 2910 pacta,
586 2826 797 2901 donationes,
826 2826 879 2886 vel
901 2837 1006 2889 cetera
1035 2830 1129 2908 talia,
1162 2831 1189 2894 si

72 2906 168 2967 alteri
195 2907 296 2968 altero
326 2909 456 2969 ahsente
486 2907 670 2987 tradiderit,
703 2907 760 2968 ille
788 2907 846 2989 qui
878 2909 1027 2990 dederat,
1058 2922 1191 2975 revocet

74 2990 163 3070 quod
190 2990 301 3061 dedit;
332 3001 365 3051 et
386 2990 551 3070 omnihus,
580 2987 697 3075 quibus
725 2989 759 3051 in
788 3010 959 3056 commune
990 2986 1194 3072 debebatur,

74 3072 241 3135 restituere
263 3090 330 3134 non
352 3081 503 3136 moretur.

250 3241 340 3313 Ttr.
366 3241 432 3315 Vt.
482 3241 542 3312 De
567 3240 777 3337 pignoribus
805 3253 842 3314 et
866 3243 1006 3317 debitio.

387 3389 413 3451 1.
475 3409 538 3456 ras.
579 3405 645 3456 oto.
687 3409 775 3456 acus.
816 3410 884 3455 nux.

451 3505 501 3566 Dc
523 3523 587 3564 non
609 3502 818 3588 pignerando.

155 3581 353 3670 pignorandi
374 3585 540 3662 licentiam
561 3586 594 3644 in
613 3587 761 3647 omnibus
781 3585 1019 3658 submovemus3
1042 3583 1186 3670 alioquin

72 3664 99 3731 si
122 3691 188 3731 non
212 3678 379 3752 acceptum
424 3669 515 3754 ignus
536 3667 783 3751 praesumpserit
804 3669 963 3750 ingenuus
986 3669 1025 3730 de
1047 3669 1116 3732 iure
1137 3673 1187 3732 al-

72 3753 173 3814 terius
194 3773 364 3834 usurpare,
387 3695 521 3834 diaplum
551 3760 684 3834 cogatur
714 3750 891 3812 exsolvere.
933 3752 1051 3814 Servus
1077 3763 1185 3816 autem

72 3834 225 3920 simplum
245 3835 402 3913 restituat,
424 3844 456 3897 et
478 3841 609 3895 centum
630 3831 757 3916 flagella
779 3832 940 3917 suscipiat.

483 3947 554 4014 11.
603 3965 752 4022 auriam.

344 4068 395 4129 Dc
418 4066 551 4151 pignore
571 4061 716 4146 deposita
742 4075 773 4124 et
793 4059 919 4145 furato.
1021 4125 1024 4132 ,

155 4149 191 4215 δί
213 4150 288 4231 quic
307 4150 433 4234 ,pignus
455 4143 551 4213 alteri
573 4145 757 4226 deposuerit
776 4167 835 4229 pro
857 4146 967 4230 aliquo
995 4147 1121 4227 debito,
1152 4160 1186 4212 et

73 4227 172 4312 illud,
190 4231 258 4321 ipse
281 4233 348 4316 qui,
362 4227 560 4317 deposuerit,
584 4229 706 4292 iuratus
723 4228 839 4310 fuerit,
860 4251 922 4320 pra
939 4232 1011 4296 fure
1026 4240 1191 4307 teneatue·
