2632 4822
132 239 207 320 756
494 246 702 308 euraccum
736 247 853 312 neces

130 397 181 466 Do
208 389 404 460 successione
434 403 602 475 nepotum,
638 390 695 473 qui
719 402 794 487 post
815 404 947 459 nostem
962 399 1083 482 putore
1114 399 1153 465 ὴ,
1185 401 1256 466 ³5„

533 475 595 535 Aoi
621 486 840 542 remanseriut.

210 589 252 654 V.
292 588 329 653 Si
354 587 427 672 quis
445 587 595 650 hahuerit
620 585 704 650 lilios
732 586 894 672 legitimos
916 601 1020 654 unam
1038 604 1098 659 unt
1119 595 1251 682 plures,

129 685 163 740 ot
183 671 358 758 contigerit
388 692 490 733 unum
516 691 557 732 ex
587 669 638 732 his
666 670 795 732 vivente
817 681 908 756 petre
932 672 1033 758 morl,
1066 689 1103 742 et
1128 679 1253 744 dercli-

128 757 237 846 querit
256 755 341 817 filios
361 751 521 837 legitimos
541 771 661 831 unam,
679 761 736 814 aut
779 753 883 833 lus-ea,
908 766 943 819 et
963 761 1251 846 eontigeritavum

126 840 229 920 morl,
262 837 360 899 talem
387 845 512 919 partem
534 834 717 920 percipiant
766 836 984 903 esubstantia
1001 845 1054 906 ari
1080 845 1152 925 sui,
1182 867 1247 911 una

128 940 203 988 cum
225 919 346 1006 patruis
374 919 460 993 suis,
491 917 622 1016 qualem
650 925 744 1002 pater
769 939 882 982 eorum
912 921 1000 987 inter
1025 927 1148 991 iratres
1173 951 1246 994 suos

148 1012 340 1088 eroeptums
368 1011 455 1080 erat,
485 1023 514 1062 ss
550 999 643 1064 virus
670 998 793 1064 fuisset.
848 1002 1007 1070 Similiter
1039 1019 1073 1073 et
1105 1011 1135 1073 sl
1160 1011 1245 1074 filiae

126 1030 291 1172 legitimae
317 1103 404 1155 uua,
441 1091 497 1144 eut
523 1082 654 1166 plnres,
693 1093 749 1147 ant
776 1081 839 1146 lilii
864 1090 1028 1155 naturales
1052 1110 1164 1169 nnus,
1191 1105 1244 1156 ant

151 1171 238 1232 lusos
266 1165 410 1244 fuerint,
437 1164 577 1228 habeant
599 1166 705 1249 legem
735 1186 846 1247 suam,
879 1170 964 1235 siout
986 1173 1022 1236 iu
1047 1174 1243 1241 benedicto

126 1195 257 1338 legitur.
325 1247 412 1327 Quia
449 1247 680 1324 inhnmanum,
736 1257 770 1311 et
797 1250 934 1335 impium
973 1257 1112 1320 ridetur
1150 1262 1242 1326 nobie

126 1357 214 1413 esse,
243 1338 281 1395 nt
303 1351 363 1418 pro
392 1330 449 1392 teli
470 1350 580 1394 caussa
600 1329 862 1394 exhaeredentur
888 1335 949 1398 filii
968 1338 1009 1400 ab
1038 1341 1241 1408 haereditate

126 1414 322 1504 patrissui,
349 1433 409 1497 pro
438 1433 499 1491 eo,
528 1412 617 1494 quod
635 1420 726 1494 peter
747 1432 860 1478 eorum
881 1416 916 1478 in
945 1421 1020 1485 sinn
1045 1424 1102 1487 avi
1123 1436 1241 1488 mortu·

127 1524 166 1566 us
195 1496 332 1563 estosed
358 1515 400 1559 ex
425 1494 573 1558 omnibus
595 1494 782 1578 aequalem,
806 1507 843 1560 nt
868 1521 983 1586 snpra,
1013 1527 1091 1570 cnm
1119 1509 1240 1604 patruis

126 1582 195 1650 suis
219 1581 254 1642 in
282 1581 356 1662 loco
371 1577 470 1663 patris
499 1585 730 1662 postmortem
755 1576 806 1643 avi
834 1586 1016 1670 percipiant
1045 1599 1239 1673 portionem.

128 1662 286 1729 Similiter
316 1671 349 1724 et
378 1660 406 1723 si
438 1660 524 1724 filias
556 1657 718 1750 legitimae
744 1682 811 1724 non
841 1665 983 1747 fuerint,
1016 1679 1051 1733 et
1077 1675 1241 1736 naturales

127 1745 254 1810 inventi
282 1743 408 1807 luerint
427 1765 511 1805 unus
539 1747 594 1804 aut
639 1741 746 1824 lures,
773 1743 912 1813 habeant
933 1750 1040 1838 legem
1063 1776 1178 1837 enam,
1209 1755 1241 1820 io

127 1838 177 1895 eet
202 1827 329 1890 tortium
355 1848 396 1890 ex
421 1825 578 1886 omnibus.
616 1765 672 1890 ll?
693 1825 810 1904 1418.

209 1908 271 1976 vt.
310 1909 345 1971 Si
366 1907 440 1994 quio
461 1929 595 1970 uxorem
616 1928 705 1970 suam
731 1907 850 1994 absque
878 1912 973 2001 eulpa
991 1921 1025 1996 e)
1053 1928 1241 2004 postposne·

128 1995 191 2071 rit,
219 2002 251 2056 et
271 1991 366 2055 aliam
388 1993 423 2051 in
444 1990 576 2052 domum
598 2007 696 2074 super
717 2012 789 2054 eam
807 1993 955 2075 duxerit,
990 2010 1164 2084 componat
1189 2027 1240 2065 so-

127 2078 210 2140 lidos
235 2078 273 2142 D.
306 2073 449 2136 medinm
476 2072 577 2154 Regi,
615 2082 650 2134 et
681 2073 825 2138 medium
856 2079 1045 2172 parentibus
1077 2087 1242 2165 mulieris,

127 2181 225 2246 quam
247 2155 479 2242 postposuerit:
509 2153 679 2217 mundium
695 2175 771 2218 vcro
790 2157 936 2222 mulieris
954 2161 1123 2244 ciusdem,
1146 2191 1241 2251 qnam

126 2243 360 2326 postposuerit,
392 2237 523 2304 amittat.
571 2237 615 2300 Et
652 2235 680 2300 si
713 2239 859 2304 noluerit
893 2241 934 2304 ad
964 2247 1120 2312 maritum
1146 2273 1241 2328 suum

127 2324 267 2401 reverti,
304 2328 485 2384 revertatur
519 2320 560 2383 ad
590 2328 740 2404 parentes
766 2344 840 2389 suos
867 2345 943 2388 cum
981 2328 1082 2395 rebus
1105 2333 1174 2404 suis
1210 2345 1243 2398 et

128 2405 273 2482 mundio.
315 2404 356 2466 11.
379 2403 425 2466 st.
451 2423 477 2465 a.

505 2519 554 2580 De
587 2517 719 2582 ονίηιίιιε
744 2522 868 2585 uxoris

210 2632 307 2703 Vll„
330 2631 365 2694 si
393 2630 465 2714 quis
496 2649 629 2692 uxorem
658 2651 748 2695 susm
777 2631 1043 2702 incriminarerit
1072 2647 1142 2708 asto
1169 2651 1243 2712 ant.

129 2735 182 2778 mo
212 2717 282 2778 sine
319 2723 407 2777 certa
443 2735 551 2775 caussa
582 2713 747 2796 legitima,
783 2719 876 2799 quasi
915 2721 1145 2808 adulterasset,
1185 2743 1245 2795 aut

129 2803 163 2860 in
186 2798 323 2856 animam
344 2795 450 2855 meriti
473 2796 522 2856 sni
547 2803 728 2877 tractasset,
757 2797 855 2861 liceat
880 2800 932 2864 illi
954 2805 1084 2868 mulieri
1104 2831 1166 2890 per
1192 2837 1245 2878 sa.

62 2883 66 2890 .
130 2888 329 2944 crumentum
357 2886 528 2958 parentum
553 2897 700 2958 suorum,
721 2880 776 2942 vel
799 2903 859 2964 per
884 2905 1022 2968 pugnem
1039 2907 1074 2951 ee
1096 2895 1245 2960 munda-

126 2985 176 3029 re.
207 2961 298 3024 Etsi
323 2958 490 3044 purificata
512 2959 629 3053 fuerit,
660 2969 741 3024 tuno
761 2965 895 3030 maritus
920 2968 987 3032 eius
1010 2972 1164 3059 praebeat
1191 2999 1243 3040 sa-

129 3053 330 3110 cramentum
362 3057 435 3120 oum
464 3041 650 3123 parentibus
673 3044 740 3122 suis
760 3044 915 3130 legitimis
938 3050 999 3113 sibi
1025 3053 1125 3135 XIl.‚
1150 3062 1242 3140 quod

130 3150 196 3192 non
217 3139 284 3190 asto
302 3124 409 3187 animo
426 3144 488 3184 nec
510 3123 620 3186 dolose
633 3123 664 3187 ei
679 3127 802 3189 crimen
823 3130 954 3213 iniecit,
975 3146 1012 3198 nt
1033 3157 1104 3200 cam
1123 3140 1242 3204 debeat

130 3211 310 3280 dimittere,
344 3206 407 3267 nisi
435 3227 494 3288 pro
519 3213 606 3266 certa
638 3209 840 3294 suspicione,
885 3224 918 3276 et
943 3219 1052 3280 andita
1076 3221 1242 3288 habuisset

129 3297 209 3358 haec
235 3292 352 3354 verbo:
386 3296 420 3350 et
437 3288 465 3349 si
485 3288 565 3348 haec
584 3285 693 3353 lacere
707 3295 868 3376 potnerit,
887 3298 930 3359 eit
949 3301 1115 3366 absolutus
1136 3328 1154 3366 a
1172 3311 1269 3370 cul·-

129 3401 180 3462 pa.
221 3377 263 3437 Et
282 3375 309 3435 si
329 3393 423 3434 uusus
447 3393 511 3430 non
539 3371 639 3432 fuerit
663 3372 790 3454 iurare,
817 3391 989 3462 componat
1013 3385 1178 3470 widrigild
1193 3391 1241 3474 ip-

129 3463 195 3522 sius
215 3457 379 3533 mulieris,
409 3464 569 3535 tamquam
588 3454 615 3514 si
639 3455 770 3519 fratrem
794 3457 865 3522 eius
881 3463 1070 3546 occidisset,
1095 3472 1242 3534 medium

129 3543 209 3624 Regi
243 3538 438 3600 set-medium
465 3534 651 3618 parentibus
678 3538 777 3620 ipsius
805 3543 961 3611 mulieris.
1008 3549 1047 3610 ll.
1069 3550 1119 3615 55.
1151 3575 1197 3621 12,

202 3639 283 3676 eoru.
318 3623 398 3675 Petro
420 3628 449 3672 te
473 3619 594 3689 appellat
608 3620 754 3685 Martinus,
785 3623 861 3704 qnod
883 3626 940 3696 ipse
968 3628 1054 3684 hebet
1073 3644 1176 3687 certam
1195 3650 1242 3688 sn·

130 3696 313 3766 spectionem,
339 3691 414 3760 qued
438 3700 581 3760 postquam
606 3689 730 3759 adiunxit
750 3691 805 3746 sibi
824 3693 854 3746 in
876 3697 1002 3766 coniugio
1026 3703 1140 3758 Marium
1163 3714 1241 3760 tuom

132 3766 233 3825 filiam,
253 3761 328 3832 quod
351 3761 410 3830 ipsa
431 3759 594 3810 adulteravit
611 3776 647 3811 se.

141 3861 143 3866 ·
202 3835 280 3885 Petro
306 3839 334 3882 te
355 3830 476 3900 appellat
497 3829 648 3891 lllortinus,
693 3830 769 3899 quod
790 3839 820 3884 tn
844 3851 900 3887 non
923 3836 998 3889 fuisti
1023 3855 1103 3892 ausus
1130 3839 1240 3906 iurare,

151 3901 205 3956 uod
223 3919 278 3954 non
297 3909 354 3952 osto
374 3901 478 3960 animo,
509 3915 561 3951 nec
580 3899 673 3952 dolose
690 3899 790 3954 crimen
817 3902 949 3969 ingereres
966 3907 1056 3960 Al'doe
1073 3927 1140 3962 suae
1158 3915 1243 3966 sormi

131 3922 167 4026 ile
186 3970 337 4033 adulto-io,
362 3979 505 4040 postquam
523 3968 580 4038 ipse
599 3985 657 4021 cain
675 3971 817 4027 mundavit
834 3975 869 4027 de
886 3977 938 4031 isto
957 3978 1077 4031 crimine,

202 4117 232 4178 e)
251 4114 295 4167 Al.
315 4111 402 4164 Codel.
422 4127 534 4161 uxorem
552 4127 628 4162 suom
646 4109 798 4182 legitimam
822 4116 925 4190 absque
943 4120 1041 4192 culpmi
1060 4140 1178 4182 uxorem
1197 4148 1243 4184 su,

131 4206 175 4240 om
194 4185 296 4256 ubsque
315 4182 397 4250 culpo
413 4181 548 4251 legitimo.
644 4223 648 4232 ,
