2648 4874
130 253 204 327 eto
376 268 479 328 neers
497 261 787 330 memoratorum
805 273 870 327 tn.
886 275 920 328 u.
939 275 1011 330 rsr.
1031 281 1052 330 1.

126 433 181 477 res
204 412 358 476 eeclesias
386 431 592 495 nequaquam
612 413 852 475 committantur
884 415 1087 498 presbytero,
1111 437 1173 478 neo
1199 419 1247 480 oi-

128 496 239 558 tieinm
261 499 349 557 vaiet
370 500 554 572 exsolvere,
588 514 648 557 nec
673 493 805 578 pupillis
827 498 1015 557 sacerdotati
1038 499 1108 560 iure
1127 521 1244 562 occur-

128 597 223 658 rere,
251 600 312 640 nec
333 577 429 638 rebus
458 598 568 637 esrum
591 578 803 639 necessariam
832 597 941 638 euram
971 581 1174 662 impendere,
1206 605 1244 644 ea

127 663 257 724 seilicet
276 660 419 737 ratione,
449 669 485 719 ut
509 659 661 738 ecclesia,
695 681 779 742 qnae
804 661 915 723 decem
944 661 1090 722 habuerit
1117 666 1256 726 manci-.

129 747 203 830 pia,
226 764 324 824 super
350 762 383 802 se
406 741 522 803 habeat
545 744 758 813 sacerdotem
789 765 872 824 qnae
899 765 975 804 vero
996 744 1100 806 minus
1128 748 1244 808 decem
1278 800 1280 804 .

127 826 290 924 'mancipia
310 823 479 903 habuerit,
502 825 573 886 aiiis
597 825 813 904 coniungatur
837 826 991 887 ecclesiis.
1051 827 1086 886 si
1104 829 1175 910 quis
1196 853 1242 890 sa-

130 929 173 970 ne
194 927 419 992 episcoporum
439 907 524 968 hanc
556 918 696 970 nostram
724 907 961 968 institutionem
982 907 1224 990 parvipenderit
1232 955 1246 988 ,-

63 986 68 994 ’
131 1001 163 1054 et
184 991 350 1074 quidpiam
372 989 490 1050 exindo
521 990 743 1050 temerandum
772 987 967 1066 crediderit,
996 991 1134 1051 duorum
1154 1013 1245 1056 men·

130 1074 214 1136 sium
238 1071 346 1158 spatiis
367 1091 401 1134 se
423 1072 553 1133 noverit
573 1071 904 1134 excommunicatione
925 1072 1067 1133 multari.

279 1251 338 1338 Vi.
367 1271 408 1318 trt
429 1273 550 1317 ronias
571 1273 695 1320 nomm.
717 1274 779 1320 res.
800 1275 863 1322 ens.
885 1273 999 1316 wenna
1020 1277 1089 1324 ner.

130 1373 181 1435 De
203 1370 402 1434 coercitione
423 1369 616 1437 Pontificum
629 1413 644 1442 ,
686 1372 743 1452 qai
773 1389 835 1454 pro
863 1370 974 1443 retas,
1020 1392 1098 1454 quus
1128 1395 1149 1433 u
1177 1376 1243 1436 suis

194 1454 333 1516 eeclesiis
355 1449 518 1535 ecferunt,
540 1453 726 1514 tricennium
748 1453 960 1514 intercessisse
987 1467 1182 1522 caussaretur.

217 1561 305 1620 Deus
330 1559 433 1622 iustus
458 1559 577 1637 iudex,
615 1559 673 1640 qui
699 1559 852 1620 iustitiam
880 1559 1137 1642 intemporaliter
1170 1562 1244 1625 dili·

135 1642 198 1723 git,
223 1663 289 1702 uon
324 1644 395 1704 vnit
417 1643 538 1704 servire
566 1643 720 1702 iustitiam
752 1640 903 1723 tempori,
934 1643 990 1704 sed
1019 1650 1163 1728 tempora
1189 1669 1243 1728 po·

134 1728 199 1786 tius
225 1723 395 1806 aequitatis
424 1727 495 1806 lege
523 1725 686 1789 concludi.
757 1725 827 1806 Ipse
854 1724 953 1806 igitur
974 1728 1082 1802 Deus,
1118 1727 1241 1788 institia

135 1817 192 1870 est.
233 1808 303 1868 Deo
327 1829 403 1891 ergo
425 1808 541 1884 datur,
586 1803 747 1889 quidquid
775 1829 792 1866 a
816 1806 965 1869 fidelibus
991 1807 1024 1866 in
1054 1809 1115 1869 Dei
1140 1810 1243 1871 eccle·

132 1889 188 1952 siis
210 1888 381 1952 iustissima
404 1889 575 1952 devotione
600 1889 743 1950 offertur.
797 1889 877 1950 Nam
900 1898 932 1950 et
967 1888 1073 1951 fidelis
1102 1893 1242 1976 quisque

132 1973 273 2034 iustitiae
297 1973 458 2051 serviens,
488 1975 558 2033 Deo
582 1972 762 2047 mediante,
792 1971 848 2055 qui
878 1971 980 2033 iustus
1002 1983 1067 2048 est,
1096 1985 1242 2036 votasua

130 2055 310 2130 adstringit.
337 2056 510 2136 Nunquam
529 2054 616 2114 enim
634 2055 715 2114 iusta
732 2062 803 2114 vota
824 2053 977 2118 solvenda
999 2066 1084 2130 sunt,
1107 2077 1190 2138 qnae
1210 2065 1242 2119 et

129 2161 146 2198 a
169 2138 292 2200 iustitis
317 2146 561 2220 processerunt,
596 2147 628 2197 et
649 2157 708 2218 per
734 2136 887 2197 iustitiam
909 2137 1030 2218 illigata
1052 2151 1241 2201 noscuntur.

129 2222 200 2282 Deo
219 2221 319 2302 igitur
336 2221 481 2280 fraudem
494 2220 588 2296 facit,
610 2219 667 2302 qui
694 2217 833 2279 iustitiae
852 2219 978 2302 aliquid
990 2220 1157 2287 subtrahit,
1183 2224 1242 2282 Er·

131 2323 173 2384 go
193 2312 225 2364 et
248 2303 401 2363 iustitiam
425 2303 600 2372 rescindit,
635 2300 781 2383 quisquis
811 2301 917 2361 aliena
955 2309 1030 2363 vota
1053 2305 1242 2386 corrumpit.

129 2387 213 2446 Cum
234 2383 351 2466 igitur,
388 2393 426 2444 ut
449 2384 570 2445 dictum
594 2393 661 2461 est,
696 2385 782 2444 Dens
817 2382 936 2443 iustitia
966 2385 1023 2462 sit,
1053 2406 1116 2468 qna
1151 2407 1240 2468 prae·

129 2467 320 2547 comptionis
350 2466 474 2526 insania
503 2468 625 2550 agitur,
660 2474 696 2525 ut
732 2465 771 2526 de
796 2486 893 2526 manu
915 2466 975 2527 Dei
1000 2468 1073 2548 quis
1095 2470 1237 2544 auferat,

152 2550 216 2608 uod
236 2549 408 2609 tricennali
428 2557 607 2632 temporum
629 2547 881 2632 praescriptione
898 2570 931 2609 se
947 2551 1088 2612 tennis'se
1106 2559 1238 2612 conten-

128 2571 203 2692 iat?
232 2631 409 2692 Multorum
433 2632 520 2692 enim
542 2641 664 2692 mentes
685 2629 898 2707 Pontificum,
923 2631 1051 2693 inlicito
1079 2633 1240 2715 cupidita-

127 2715 169 2775 tis
193 2734 272 2774 ausu
294 2711 504 2794 praecipites,
527 2713 683 2797 quaedam
703 2711 744 2772 de
764 2712 830 2787 his,
852 2733 934 2795 quae
966 2715 997 2772 in
1022 2736 1134 2776 eorum
1154 2715 1241 2776 dioe-

128 2796 194 2858 oesi
218 2796 360 2856 fundatis
381 2797 526 2858 ecclesiis
549 2796 602 2880 pia
627 2795 771 2856 fidelium
798 2795 960 2857 oblatione
986 2796 1164 2874 donantur,
1187 2797 1241 2857 in·

128 2875 265 2940 satiabiii
293 2879 476 2960 rapacitatis
508 2879 633 2956 studio,
678 2885 733 2937 aut
766 2877 831 2937 iuri
865 2878 1019 2939 ecclesiae
1050 2879 1240 2961 principalis

118 2961 320 3038 innectunt,
348 2969 403 3021 aut
433 2961 582 3023 donanda
611 2960 700 3035 aliis,
741 2961 792 3021 vei
820 2960 878 3020 sub
907 2961 1067 3041 stipendio
1090 2961 1239 3021 habenda

128 3043 343 3106 distribuunt:
381 3044 492 3125 sicque
517 3065 582 3105 non
609 3043 714 3105 solum
740 3042 844 3102 aliena
868 3043 1088 3126 disrumpunt,
1119 3044 1176 3104 sed
1205 3051 1239 3103 et

130 3125 334 3209 sacrilegium
363 3137 557 3208 operantur,
592 3126 625 3184 in
653 3147 691 3186 eo
720 3124 807 3206 quod
838 3125 991 3186 ecclesiae
1019 3125 1081 3185 Dei
1107 3125 1240 3186 frauda-

128 3219 215 3271 tores
249 3210 401 3274 existunt.
463 3209 642 3272 Ecclesiam
677 3207 797 3290 quippe
828 3207 998 3284 fraudare,
1033 3209 1239 3290 sacrilegium
1311 3281 1316 3288 .

130 3313 199 3354 esse
219 3313 236 3352 a
257 3291 431 3352 maioribus
468 3291 670 3375 approbatur.
734 3289 828 3350 Unde
855 3299 887 3351 et
915 3311 989 3349 oum
1021 3311 1074 3352 eos
1103 3292 1239 3352 evidens

129 3375 211 3436 ratio
233 3375 421 3457 persuadeat
442 3376 482 3436 ad
509 3374 731 3448 reddendum,
760 3382 815 3432 ant
833 3372 1030 3433 tricennium
1054 3373 1087 3433 in
1109 3394 1145 3435 re
1163 3394 1238 3455 pos·

130 3479 214 3519 sessa
242 3467 427 3538 opponunt,
457 3467 511 3518 aut
531 3476 596 3516 non
618 3477 651 3517 se
671 3455 785 3516 fecisse
810 3455 1023 3536 respondent,
1053 3456 1141 3538 quod
1179 3453 1239 3514 de-

15 3591 18 3598 .
130 3561 270 3602 cessores
299 3561 373 3602 suos
398 3539 499 3622 egisse
519 3559 584 3600 non
607 3538 775 3614 nesciunt,
804 3547 836 3597 et
859 3547 964 3596 tamen
990 3538 1067 3598 scita
1087 3536 1239 3598 emenda·

129 3643 166 3684 re
187 3621 363 3702 refugiunt.
407 3625 525 3704 Sisque
553 3621 763 3704 cupiditatem
784 3620 947 3680 tricennio
974 3619 1104 3695 fovent,
1133 3628 1166 3679 et
1188 3639 1239 3678 ra·

129 3705 275 3787 pacitatis
310 3705 415 3764 studia
445 3715 625 3786 temporum
651 3703 956 3787 praescriptionibus
989 3701 1172 3763 cumulant:
1205 3707 1240 3762 et

130 3787 188 3866 qui
224 3786 396 3847 admissum
428 3789 553 3848 facinus
584 3787 625 3847 ad
660 3796 857 3846 momentum
894 3787 1002 3846 delere
1031 3784 1237 3858 debuerunt,

131 3869 251 3928 annosa
285 3869 319 3928 id
345 3869 547 3952 oppositione
575 3869 713 3931 solidare
737 3868 949 3931 contendunt.
1008 3868 1156 3944 Quantae
1180 3864 1240 3948 igi·

130 3957 185 4011 tur
209 3951 379 4032 impietatis
403 3951 459 4011 iiie
488 3950 669 4013 credendus
693 3958 757 4028 est,
789 3950 845 4032 qni
875 3949 913 4010 ad
938 3949 1001 4008 hoe
1023 3949 1161 4025 laborat,
1197 3946 1238 4008 ad

130 4031 193 4095 hoo
227 4033 323 4094 etiam
353 4033 582 4116 propositionis
615 4054 690 4094 suae
720 4053 816 4096 voces
839 4041 1006 4114 exagerat,
1038 4041 1074 4090 nt
1098 4051 1157 4112 per
1179 4029 1237 4090 tri·

130 4116 285 4178 connium
318 4137 351 4178 se
390 4116 599 4200 reoogrioscst
628 4119 699 4178 Deo
739 4114 891 4175 iniuriam
928 4112 1096 4190 intulisse,
1139 4131 1238 4194 quent

130 4208 237 4263 tamon
264 4208 375 4261 exacto
397 4199 559 4262 tricennio
585 4207 702 4260 renuat
721 4198 912 4261 emendare?
946 4198 1040 4258 Nunc
1062 4216 1141 4256 vero
1162 4215 1237 4258 cum
