2632 4822
476 275 587 332 uaeas
611 275 810 358 normam
1138 265 1212 340 833

95 419 274 506 'nepotibus
299 418 503 496 ordinentur,
530 428 565 479 ut
589 419 654 483 illis
674 419 835 502 provisum
859 421 975 502 fuerit,
999 426 1065 486 'aut
1091 430 1212 492 'conve-

103 507 194 568 nerit.
239 505 273 565 Si
297 513 402 563 autem
424 501 580 582 praedicti
601 513 732 586 nepotes
759 504 956 566 decesserint
976 506 1118 571 intestati
1139 514 1211 574 abs-

102 611 166 672 que
189 586 270 648 filiis
293 595 325 646 et
352 585 501 661 filiabus,
532 596 715 646 etsorores
742 587 936 667 reliquerint
965 594 1014 668 e),
1047 592 1211 660 Amitanes

101 693 225 747 eorum,
248 689 330 750 quae
354 668 387 727 in
413 689 483 730 casa
505 667 536 726 in
564 669 681 750 capillo
707 669 930 746 remanserint,
958 691 1032 744 cum
1055 674 1130 755 ipsis
1157 699 1212 738 ne·

99 754 229 838 potibus
256 751 338 827 suis,
366 751 400 810 in
424 753 521 812 rebus
556 761 708 832 nepotum
737 760 770 810 et
794 752 929 812 fratrum
954 757 1129 819 succedant
1156 781 1211 822 ae·-

100 838 251 921 qualiter,
272 841 542 916 quantaecunque
571 833 703 894 fuerint.
744 833 786 895 Π.
812 834 857 910 14,
882 857 930 916 27.
1199 837 1204 848 “

184 943 229 1008 ΙΙ,
270 943 309 1002 In
328 939 496 1002 anterioris
516 937 623 999 Edicti
647 936 796 1020 Capitnlo
821 939 1018 1020 continetur,
1039 951 1075 1005 ut
1094 944 1120 1005 si
1139 946 1211 1029 quis

99 1024 327 1110 Langobardos
350 1022 567 1104 pertinentem
587 1040 681 1082 suum
709 1021 742 1080 in
767 1031 880 1100 quarta
907 1044 1004 1084 manu
1030 1027 1210 1108 tradiderit,

100 1118 133 1170 et
158 1131 176 1168 a
202 1125 235 1170 se
258 1104 377 1167 amund
401 1105 534 1181 fecerit,
567 1113 623 1164 aut
645 1103 731 1164 circa
758 1105 856 1164 altare
882 1104 1067 1172 ducendum
1101 1111 1211 1173 Sacer·

99 1191 166 1253 doti
194 1188 381 1265 tradiderit,
395 1189 518 1248 solutus
542 1187 581 1247 ab
613 1187 700 1246 omni
728 1186 914 1247 conditione
948 1189 1111 1253 servitutis
1138 1216 1209 1276 per·

98 1284 234 1335 maneat.
278 1271 341 1332 Sed
364 1270 519 1351 quoniam
544 1269 686 1351 perversi
709 1267 857 1330 homines
884 1270 1106 1335 benefactores
1135 1298 1209 1338 suos

98 1366 226 1439 accepta
249 1355 397 1416 libertate
419 1351 665 1435 postponebant,
687 1361 719 1412 et
746 1350 806 1433 ipsi
830 1373 883 1413 eos
907 1357 1110 1433 postmodum
1129 1359 1210 1418 reti·

97 1460 174 1499 nere
200 1457 405 1518 nequaquam
425 1436 588 1506 volebant,
611 1435 704 1497 multi
724 1433 872 1495 homines
893 1437 1053 1516 timentes,
1087 1460 1127 1499 ne
1157 1442 1209 1501 sui
1281 1502 1283 1512 ,

96 1521 205 1582 liberti
235 1541 289 1582 eos
322 1526 563 1602 postponerent,
589 1515 769 1597 libertatem
798 1517 844 1577 eis
868 1518 975 1580 facere
1007 1521 1207 1584 omittebant.

18 1669 20 1678 ι
94 1606 270 1686 Propterea
299 1602 489 1678 statuimus,
529 1607 564 1660 ut
595 1601 622 1661 si
651 1599 722 1682 quis
750 1599 976 1681 Langobardos
1007 1603 1206 1686 pertinentes

95 1709 169 1748 suos
189 1685 337 1768 th‘ingare
357 1681 499 1746 voluerit
522 1681 555 1741 in
584 1695 696 1763 quarta
724 1703 831 1758 manu,
855 1693 887 1743 et
913 1683 1073 1746 chartulas
1101 1687 1129 1747 ei
1159 1689 1206 1750 fe·
1295 1721 1296 1724 ¹

95 1771 193 1845 cerit,
227 1766 342 1844 etsibi
373 1765 588 1827 reservaverit
619 1763 785 1826 servitium
810 1765 898 1844 eius,
926 1767 1002 1827 dnm
1025 1768 1204 1843 advixerit,

96 1861 129 1913 et
150 1848 348 1926 decreverit,
375 1858 411 1908 ut
438 1858 510 1930 post
537 1847 664 1908 obitum·
684 1846 753 1908 eius
780 1847 876 1907 liberi
903 1849 986 1928 sint,
1011 1851 1123 1913 stabile
1146 1853 1204 1912 de-

94 1932 170 1994 beat
202 1952 390 2028 permanere
420 1929 599 1991 secundnm
624 1941 748 1992 textum
777 1939 902 2008 cartae,
937 1952 1034 2012 quam
1060 1933 1089 1995 ei
1116 1935 1204 1996 fecit.

93 2015 179 2093 Quia
201 2014 356 2074 minatum
381 2013 472 2073 nobis
495 2012 652 2093 apparuit,
676 2023 713 2073 ut
733 2011 830 2072 homo
852 2013 1092 2076 benefactorem
1110 2038 1205 2077 sunm

93 2099 224 2159 vivente
249 2118 299 2173 eo,
325 2095 485 2157 dimittere
503 2095 626 2178 debeat.
667 2097 746 2158 Nam
764 2099 821 2177 qui
844 2094 878 2154 in
897 2097 1041 2159 Ecclesia
1065 2097 1204 2160 liberum

93 2178 250 2240 dimiserit
272 2199 331 2260 per
353 2199 482 2237 manum
506 2178 704 2254 Sacerdotis,
734 2177 780 2238 sic
801 2187 986 2259 permaneat
1009 2179 1078 2242 eins
1103 2181 1203 2243 liber-

94 2271 152 2341 tas,
177 2261 261 2323 sicut
284 2261 471 2321 continetur
494 2259 528 2319 in
552 2261 705 2320 anteriori
732 2259 858 2322 Edicto.
921 2261 966 2328 ΙΙ.
989 2263 1038 2340 54.
1060 2285 1090 2346 9.

175 2369 237 2436 ΙΙΙ.
279 2367 498 2450 cognovimus
524 2367 712 2430 multotiens
744 2367 883 2450 perfidos
915 2367 1063 2430 homines
1090 2380 1202 2434 contra

88 2453 289 2514 voluntatem
312 2452 538 2512 defunctorum
558 2460 729 2534 parentum
752 2473 884 2525 suorum
905 2472 1010 2533 agere,
1039 2453 1115 2514 dum
1139 2454 1200 2535 ipsi
1251 2448 1257 2459 ’

110 2557 146 2595 ro
168 2534 332 2595 animabus
356 2535 421 2596 suis
444 2555 503 2614 per
528 2535 612 2595 Loca
637 2532 835 2594 venerabilia
858 2553 910 2594 res
937 2555 1008 2594 suas
1029 2534 1199 2598 distribue·

84 2556 184 2696 bant,
215 2627 247 2678 et
272 2616 508 2699 pertinentibus
533 2617 598 2677 suis
624 2614 816 2692 simpliciter
840 2614 1021 2676 libertatem
1044 2639 1117 2678 cnm
1144 2641 1199 2681 re-

84 2701 144 2763 bus
166 2698 366 2783 quibuslibet
385 2698 562 2770 donabant;
582 2707 613 2760 et
641 2720 713 2759 oum
734 2697 810 2782 ipsis
832 2697 1014 2760 hominibus
1032 2721 1091 2780 per
1109 2723 1200 2762 suam

85 2785 233 2846 astutiam
255 2783 410 2864 agebant,
441 2790 473 2841 et
503 2801 556 2840 eos
586 2803 603 2840 a
632 2781 697 2842 suis
732 2780 906 2861 cespitibus
933 2791 1135 2844 removentes
1162 2785 1196 2844 in

85 2888 180 2926 suum
205 2865 374 2928 servitium
394 2862 614 2943 replicabant,
639 2862 695 2947 qui
719 2862 923 2944 postmodum
950 2863 1130 2925 libertatem
1151 2866 1196 2926 si-

85 2947 151 3007 mul
175 2958 206 3008 et
237 2969 289 3008 res
318 2947 515 3007 amittebant.
567 2946 647 3007 Ideo
676 2943 894 3027 praevidimus
929 2944 1014 3005 hanc
1046 2967 1195 3010 resecare

83 3028 247 3105 malitiam,
267 3038 303 3088 ut
325 3030 474 3094 voluntas
496 3036 528 3089 et
553 3027 713 3088 ordinatio
731 3027 876 3087 defuncti
899 3026 1122 3108 adimpleatur.
1153 3030 1195 3090 Et

83 3111 127 3171 ita
150 3112 319 3188 sancimus,
346 3121 381 3172 nt
405 3111 430 3171 si
454 3109 526 3191 quis
547 3108 775 3192 Langobardus
800 3130 859 3195 per
881 3106 1023 3169 chartam
1045 3109 1077 3167 in
1106 3113 1194 3171 sani·
1242 3105 1243 3110 ἵ

82 3202 163 3271 tate,
186 3202 241 3252 aut
263 3192 296 3250 in
319 3192 520 3274 aegritudine
543 3213 594 3252 res
615 3214 686 3252 suas
707 3190 922 3268 ordinaverit,
949 3200 981 3250 et
1002 3191 1119 3252 dixerit
1141 3213 1193 3255 eas

80 3274 200 3335 habere
225 3274 311 3334 Loca
335 3273 551 3349 venerabilia,
584 3281 616 3333 et
641 3273 801 3350 familias,
832 3293 891 3353 per
918 3293 996 3352 quas
1023 3294 1072 3335 res
1104 3274 1191 3356 ipsae

81 3357 294 3431 excolantur,
320 3355 438 3418 liberas
465 3376 532 3416 esse
556 3353 686 3430 dixerit,
709 3354 796 3414 utin
827 3354 902 3436 ipsis
922 3354 1082 3438 religiosis
1110 3357 1190 3418 locis

78 3440 243 3500 redditum
263 3438 400 3512 faciant,
427 3436 605 3499 secundum
630 3436 729 3519 ipsius
753 3443 905 3496 statutum
941 3439 1079 3498 reddant
1101 3441 1189 3500 omni

79 3531 236 3603 tempore,
258 3521 352 3580 iuxta·
374 3520 496 3581 domini
528 3519 577 3579 sni
600 3519 882 3602 praeceptionem,
908 3518 969 3598 ipsi
991 3529 1024 3580 et
1046 3520 1105 3581 filii
1135 3543 1187 3582 eo·

78 3625 173 3680 rum,
198 3614 230 3664 et
254 3604 319 3664 sint
338 3601 432 3664 liberi
450 3603 489 3663 de
513 3602 578 3662 suis
595 3602 762 3685 personis,
789 3599 873 3663 sicut
892 3601 1050 3664 Dominus
1075 3625 1188 3664 eorum

79 3685 255 3747 instituerit
266 3711 274 3757 ;
306 3694 339 3746 et
365 3683 404 3744 ab
435 3685 504 3745 eius
530 3683 704 3744 heredibus
736 3704 800 3742 non
829 3683 1049 3765 replicentur,
1078 3706 1138 3746 nec
1169 3710 1187 3746 a

78 3768 145 3831 suis
168 3768 341 3850 cespitibus
359 3774 607 3843 removeantur,
628 3767 682 3826 sed
705 3764 743 3824 ab
765 3764 840 3847 ipsis
869 3766 964 3827 Locis
988 3769 1185 3828 venerabili-

76 3851 137 3914 bus
160 3851 395 3913 defensentur:
421 3859 555 3932 exoepto
575 3847 602 3910 si
624 3869 681 3909 sua
706 3847 872 3911 voluntate
896 3848 1062 3913 voluerint
1082 3851 1184 3930 exire,

85 4001 546 4023 *ιι-μ-

138 4089 230 4160 .e)A1.
251 4087 338 4141 Codd.
356 4085 454 4140 decess.
470 4087 549 4159 absq.
561 4085 639 4160 filiis
662 4098 690 4137 et
703 4083 835 4156 filiabus,
856 4096 906 4139 aut
925 4084 1069 4148 intestati,
1096 4102 1123 4140 er
1139 4108 1183 4140 so-

75 4177 153 4212 rores
172 4177 206 4212 ex
221 4169 301 4229 parte
317 4157 506 4228 patris‘reliq.
577 4155 685 4209 Herold.
704 4154 802 4209 decess.
828 4169 855 4209 et
879 4173 988 4210 sorores
1013 4158 1183 4228 reliquerint

75 4232 177 4284 amitae
196 4246 289 4284 eorum
305 4239 354 4280 etc.
443 4259 447 4264 ·

892 4331 957 4400 bb»
