2684 4868
138 280 211 366 599
345 277 449 350 necis
467 289 758 350 wrsraoruoauu
777 291 842 345 nu.
860 292 940 350 vau.
958 292 1101 352 rauna
1127 305 1131 314 ·

576 432 618 496 V.
657 451 805 507 narraui.
868 477 871 484 .

200 555 238 617 aa·
257 567 512 637 quorumeunque
532 547 714 608 animalium
733 566 817 627 grex
836 547 871 608 in
887 567 1008 632 pascua
1027 548 1198 614 intraverit

173 675 177 684 .
640 630 755 691 aliena.

226 716 261 777 Si
293 714 327 774 in
370 735 466 776 ascua
494 729 572 796 grex
597 713 723 773 alienus
749 710 931 788 intraverit,
960 710 1029 774 sive
1052 711 1158 775 ovium
1188 715 1255 778 sive

136 819 326 876 raucarum,
346 738 412 860 boc
434 797 523 879 quod
545 796 584 857 de
605 795 712 878 porcis
730 795 940 855 constitutum
956 804 1023 873 est,
1044 798 1254 880 praecipimus

139 881 306 946 custodiri.
346 883 523 940 Consortes
540 897 616 940 vero
637 877 690 938 vel
705 876 848 962 hospites
873 877 958 939 nulli
979 879 1159 940 calumniae
1178 883 1268 942 sub-¹

139 962 381 1046 iaceantrquia
402 963 468 1023 illis
490 983 584 1022 usum
605 962 797 1038 herbarum,
819 981 902 1042 quae
919 963 1091 1023 conclusae
1108 983 1173 1023 nou
1188 966 1256 1024 iue-

140 1059 232 1127 raut,
266 1055 391 1107 constat
411 1065 479 1106 esse
504 1065 718 1106 communem.
770 1043 836 1122 Qui
856 1047 932 1106 r'ero
954 1057 1072 1107 sortem
1095 1067 1185 1106 suam
1205 1053 1257 1105 to-

139 1143 207 1193 tam
227 1133 310 1191 iorte
334 1127 552 1207 concluserit,
575 1126 735 1188 etalieua
754 1148 873 1210 pascua
894 1129 1025 1189 absente
1049 1129 1183 1189 domino
1196 1129 1257 1188 -iu-

141 1213 246 1290 vadit,
284 1213 354 1274 sine
391 1211 559 1293 pascuario
589 1232 656 1271 nou
677 1217 877 1293 praesumat,
917 1211 980 1272 nisi
999 1213 1083 1272 forte
1107 1210 1261 1276 domiuus.

42 1359 45 1366 ,
141 1317 282 1379 pascuae
303 1292 451 1355 voluerit.

141 1411 200 1474 vt.
248 1409 289 1474 ut
306 1431 368 1496 pra
382 1409 520 1470 inuentis
536 1407 725 1470 animalibus
746 1408 887 1470 erroneis
897 1407 1024 1493 publice
1039 1405 1255 1473 denuncietur.

227 1518 376 1580 Caballos
395 1517 448 1579 val
469 1517 620 1578 animalia
641 1515 898 1578 errantialiceat
929 1537 1107 1599 occupare,
1148 1515 1193 1577 ita
1220 1524 1256 1576 ut

143 1603 201 1686 qui
225 1601 386 1663 invenerit
408 1599 578 1663 denuntiet
599 1609 653 1660 aut
673 1599 854 1683 Episcopo,
876 1606 931 1658 aut
951 1597 1068 1659 Comiti
1080 1643 1089 1674 ,
1124 1609 1179 1660 aut
1203 1599 1255 1659 iu-

144 1684 225 1762 dici,
248 1695 305 1746 aut
325 1682 505 1746 senioribus
529 1683 614 1760 loci,
653 1691 707 1742 aut
734 1682 829 1744 etiam
860 1682 894 1742 in
929 1690 1092 1743 conventu
1122 1682 1254 1763 publico

142 1764 341 1833 uicinorum:
373 1767 461 1864 quod
484 1765 509 1827 si
532 1787 597 1826 nou
621 1764 876 1840 denuntiaverit,
898 1765 977 1824 furis
1000 1765 1175 1849 dampnum
1195 1765 1255 1826 ha·
1327 1802 1328 1808 κ

143 1851 243 1934 bebit.
284 1849 407 1942 Similis
427 1860 459 1912 et
481 1850 520 1911 de
543 1848 615 1908 aliis
636 1848 737 1910 rebus·
754 1848 832 1908 ordo
854 1848 1005 1911 manebit.

145 1975 227 2064 'l'llss
268 1993 310 2062 Ut
329 1995 469 2059 errantia
486 1993 636 2056 animalia
654 2006 806 2077 occupata
820 1995 875 2076 qui
889 1994 1066 2073 inuenerit,
1087 1992 1256 2076 diligenter

522 2077 636 2136 babeat
656 2088 687 2136 et
707 2088 877 2137 conservet.

227 2161 295 2246 Qui
313 2159 451 2224 errantia
473 2157 624 2218 animalia
640 2167 672 2218 et
692 2157 761 2219 sine
782 2159 914 2220 custode
937 2157 1114 2237 invenerit,
1137 2158 1181 2220 ita
1204 2158 1256 2221 di-

143 2231 284 2334 ligenter
309 2252 465 2326 occupet,
487 2252 523 2303 ut
542 2261 607 2316 nou
628 2241 844 2322 evertatzsed
862 2241 944 2303 sicut
959 2242 1126 2324 proprium
1144 2242 1256 2326 diligat

131 2318 240 2410 'atque
267 2327 433 2389 custodiat.
482 2325 582 2404 Quod
609 2323 635 2383 si
668 2323 817 2384 domiuus
842 2324 898 2406 qui
928 2324 1068 2407 perdidit
1092 2326 1276 2395 caballum·

146 2434 241 2472 suum
257 2412 311 2472 vel
328 2407 464 2485 animal,
487 2429 553 2469 non
574 2426 736 2484 eversum,
759 2407 816 2467 sed
836 2406 994 2468 dilectum
1017 2415 1049 2468 et
1068 2429 1181 2468 sanum
1201 2409 1254 2467 in-

142 2494 290 2574 venerit,
311 2513 380 2579 ¹per
408 2490 535 2572 singula
556 2487 659 2570 capita
680 2488 798 2549 maiora
820 2500 992 2585 quaternas
1022 2490 1156 2572 siliquas
1187 2491 1255 2568 ille,

145 2576 202 2658 qui
226 2566 406 2650 inienerit,
428 2571 574 2654 accipiat,
596 2582 630 2632 et
650 2581 807 2654 quantum
827 2595 861 2632 ru
883 2573 1057 2634 substantia
1079 2573 1180 2656 ipsius
1202 2595 1256 2633 ca-

145 2658 225 2732 balli
247 2656 438 2754 expendisse
460 2653 632 2732 iuraverit,
658 2678 676 2714 a
699 2655 831 2715 domino
853 2655 969 2716 caballi
989 2654 1132 2738 recipiat.
1175 2657 1257 2730 Cae-

145 2729 258 2802 terum
273 2733 303 2801 sr
321 2736 456 2817 evertit,
478 2737 614 2820 duplum
635 2737 753 2799 animal
776 2737 906 2800 domino
929 2747 1059 2823 cogatur
1080 2740 1257 2800 exsolvere.

146 2887 236 2950 Vlll.
278 2886 327 2947 Ne
349 2885 499 2947 animalia
520 2886 662 2946 errantia
691 2905 765 2946 occu
790 2897 842 2945 ata
872 2899 926 2948 aut
955 2886 1165 2960 tondeantur,
1202 2900 1259 2951 aut

229 2971 409 3030 charactere
432 2981 597 3045 notentur,
620 2967 668 3028 uel
687 2970 720 3028 in
741 2906 877 3028 adienum
897 2972 946 3028 ius
968 2968 1173 3033 deducantur.

229 3050 399 3126 Cabaliam
422 3060 549 3132 captum
573 3060 731 3123 errantem
754 3050 863 3112 nullus
883 3052 1018 3114 tondere
1040 3061 1094 3112 aut
1116 3053 1257 3115 vendere

145 3132 336 3219 praesumat.
379 3133 520 3194 Caballis
539 3131 636 3192 etiam
657 3143 711 3194 aut
736 3131 855 3210 bobus,
890 3136 944 3196 uel
966 3135 1037 3196 aliis
1059 3134 1260 3217 quibuslibet

135 3217 316 3301 ,pecoribus
336 3215 517 3279 errantibus
540 3215 622 3274 nulli
645 3215 742 3276 liceat
762 3214 959 3278 characteres
973 3217 1117 3300 infigere.
1158 3219 1260 3297 Quod

145 3301 171 3362 ai
195 3299 267 3380 quis
286 3297 456 3360 inventum
478 3296 595 3358 animal
614 3297 755 3359 vendere
778 3308 833 3358 aut
853 3299 972 3361 donare
999 3301 1259 3384 praesumpserit,

144 3382 327 3455 secuudum
341 3382 430 3463 leges
449 3381 531 3442 sicut
546 3381 599 3439 fur
617 3388 778 3441 teneatur:
800 3381 856 3463 qui
875 3402 953 3443 vero
968 3383 1166 3459 totonderit,
1195 3393 1259 3445 tres

130 3459 267 3560 „subtlps
275 3464 467 3605 ficompulsus
488 3463 640 3530 exsolvat.
682 3461 733 3524 lta
749 3461 812 3543 erit
832 3464 931 3526 etiam
949 3464 999 3546 ei,
1021 3465 1079 3548 qui
1093 3465 1260 3530 characte-

147 3569 217 3608 rem
237 3570 271 3607 rn
297 3547 391 3610 uerit.

274 3733 365 3803 Tt‘r.
392 3733 458 3805 Vl.
506 3732 566 3804 De
591 3730 729 3827 Apibus
755 3744 791 3804 et
815 3756 944 3804 earum
969 3735 1142 3830 dampnis.

208 3954 211 3962 ,
320 3965 324 3976 ,
391 3897 416 3956 Ι.
459 3895 508 3956 De
527 3895 661 3956 inventis
682 3894 792 3978 apibus
810 3891 1035 3976 defendendis.

233 3979 357 4062 Siquis
378 3976 602 4061 apesinsilva
624 3999 700 4054 sua,
732 3987 788 4036 aut
808 3978 842 4036 in
865 3977 1019 4060 rupibus,
1047 3979 1099 4042 vel
1122 3978 1156 4040 iu
1175 4001 1262 4058 saxo,
1323 4021 1325 4024 -

151 4072 206 4128 aut
228 4064 260 4122 iu
278 4062 445 4124 arboribus
459 4059 636 4135 invenerit,
659 4058 754 4119 faeiat
770 4069 832 4121 tres
855 4061 1020 4140 decurias,
1044 4084 1127 4144 quae
1148 4085 1266 4125 vocan-

141 4157 206 4215 tar
215 4146 433 4212 characteres:
456 4143 542 4205 unde
561 4143 740 4224 potiusnon
755 4164 927 4225 perunum
943 4144 1159 4208 characterem
1176 4146 1265 4207 fraus

151 4238 313 4307 pascatur,
354 4227 397 4293 Et
419 4226 446 4288 si
465 4223 538 4310 quis
556 4233 669 4288 contra
681 4224 744 4288 hoc
761 4225 894 4306 feeerit,
915 4237 1013 4312 atque
1036 4228 1184 4294 alienum
1204 4229 1266 4312 sig·
