2684 4868
134 233 211 314 544
328 253 434 310 neers
453 252 747 311 wrsrsornonnn
764 253 898 315 narr.
914 254 1057 316 ranna.

135 407 193 462 aut
211 396 325 461 salutis
341 404 397 458 aut
417 393 631 478 aegritudinis
650 415 805 479 responsa
825 397 1023 477 poposcerit,
1055 397 1111 463 vel
1132 421 1259 466 conan-

133 482 249 544 lcndos
271 503 326 542 eos
355 501 415 562 pro
434 480 686 562 quibuscunque
704 478 801 541 rebus
821 479 1014 559 crediderit,
1044 481 1083 545 ad
1107 482 1191 567 legis
1209 487 1257 548 il-

132 561 378 627 lias'teneatur
403 561 863 638 satisfactionemtobnoxins,
897 584 981 645 quae
1010 565 1043 624 iu
1073 564 1136 627 hoc
1164 567 1254 630 libro

132 657 243 725 sexto,
277 644 337 709 sub
360 646 456 706 titulo
478 645 641 723 secundo,
671 667 726 706 era
747 646 868 728 prima,
904 667 979 724 eos,
1009 647 1066 729 qni
1085 646 1125 710 dc
1144 651 1252 714 salute

132 733 186 794 vel
206 741 309 794 morte
335 728 520 810 Principis,
550 739 605 788 aut
621 748 893 812 quorumcunque
916 727 1102 809 hominnm,
1130 733 1249 794 vatici-

133 826 262 879 natores
296 833 443 898 quosque
474 811 645 874 consulere
677 818 880 894 qiu-tentant,
923 813 1035 873 statuit
1069 815 1248 880 serenitatis

131 899 247 961 ordine
263 897 412 959 resecari.
455 894 510 955 Illi
528 904 654 956 tantum
668 893 792 958 indices
807 895 847 955 ad
864 891 963 957 huius
979 894 1061 980 legis
1076 916 1141 957 non
1159 905 1250 961 tene-

129 980 254 1044 bantur
281 978 477 1042 sententiam
504 977 761 1056 condemnandi,
791 976 850 1059 qui
880 977 1010 1039 divinos
1040 978 1126 1060 ipsos
1152 988 1249 1063 atquc

130 1085 243 1126 eoram
263 1061 383 1125 similes
406 1083 473 1122 non
494 1060 700 1137 sciscitandi,
734 1060 791 1123 scd
817 1060 1000 1123 ulciscendi
1018 1071 1113 1138 voto,
1143 1084 1253 1125 coram

128 1146 240 1209 multis
255 1144 478 1229 perquirendo
497 1143 729 1223 detribuorint,
752 1144 787 1205 id
802 1152 866 1220 est,
889 1144 996 1205 sinon
1014 1153 1052 1206 ut
1065 1144 1194 1227 aliquid
1209 1146 1251 1208 de

129 1250 169 1293 eo
198 1230 281 1292 scire
306 1225 506 1309 inquirendo
528 1226 719 1304 intendant,
753 1227 810 1288 sed
837 1225 945 1310 detegi
969 1226 1032 1288 sibi
1060 1225 1124 1288 hoc
1143 1229 1251 1291 solnm

127 1312 220 1373 unde
232 1312 410 1387 feriantur,
433 1310 618 1391 exquirant.
659 1311 702 1370 at
719 1331 826 1387 nunc,
847 1309 924 1390 quia
946 1319 979 1372 et
992 1310 1137 1392 auguriis
1153 1312 1251 1374 dedi-

126 1404 176 1458 tos
199 1394 314 1457 eodem
339 1391 436 1453 modo
461 1393 613 1453 novimus
639 1392 776 1454 odibiles
790 1393 879 1452 Deo:
911 1392 986 1454 ideo
1010 1393 1145 1474 speciali
1165 1394 1249 1478 legis

126 1479 296 1540 sanctione
310 1474 532 1553 decernimus,
550 1485 587 1536 ut
601 1474 790 1558 quicunque
802 1484 878 1535 sunt
891 1473 954 1554 illi,
974 1476 1094 1558 quibus
1107 1498 1248 1561 augures

124 1560 178 1622 rel
200 1559 335 1644 auguria
357 1557 528 1620 observare
550 1559 734 1640 contigerit,
756 1557 997 1640 quinquagenis
1017 1559 1150 1642 publice
1173 1560 1250 1624 snb-

125 1643 281 1704 iiciautur
293 1641 483 1706 verberibus
501 1642 684 1706 coercendi.
717 1641 786 1718 ¹Qui
802 1651 909 1703 tamen
926 1641 965 1702 ad
980 1643 1114 1705 solitum
1127 1643 1247 1706 vitium

125 1727 212 1786 ultra
228 1725 397 1803 redierint,
419 1724 547 1808 perdito
561 1725 658 1786 etiam
674 1723 870 1804 testimonio,
892 1724 990 1786 simili
1005 1734 1102 1788 erunt
1114 1737 1247 1791 senten·
1314 1783 1315 1791 ,

124 1808 169 1871 tia
186 1809 390 1894 flagellorum
408 1807 617 1874 subiiciendi.

194 1993 284 2068 TIT.
311 1995 382 2072 ΙΙΙ,
432 1995 492 2066 Dc
516 1993 782 2067 excutientibus
807 2005 955 2088 partum
979 1993 1182 2068 hominum.

252 2157 279 2225 I.
322 2160 372 2219 De
394 2158 443 2218 lais
463 2159 519 2242 qui
534 2159 697 2242 potionem
715 2156 764 2218 od
782 2157 1112 2234 avorsumrlederint.

205 2241 242 2303 Si
261 2242 335 2324 quis
349 2241 479 2302 mulieri
497 2241 686 2324 praegnanti
704 2240 870 2324 potionem
885 2239 925 2300 ad
941 2262 1092 2304 avorsum
1108 2250 1163 2304 ant
1178 2265 1240 2326 pro

120 2324 270 2388 necando
289 2325 413 2385 infante
433 2324 576 2402 dederit,
599 2323 786 2385 occidutur:
809 2331 840 2384 et
857 2323 1001 2402 mulier,
1024 2346 1108 2407 quae
1128 2327 1239 2406 potio-

121 2429 197 2468 nem
224 2407 264 2466 ad
288 2429 437 2468 avorsum
461 2407 569 2469 facere
598 2404 777 2487 quaesivit,
804 2406 831 2469 si
852 2405 971 2466 ancilla
992 2415 1059 2486 est,
1089 2410 1154 2470 CC.
1177 2408 1237 2468 fla-

121 2490 206 2570 gella
227 2487 400 2570 suscipiat;
435 2488 462 2550 si
497 2490 658 2572 ingenua,
687 2497 793 2551 careat
814 2488 970 2574 dignitate
998 2511 1172 2576 personae,
1202 2499 1236 2553 et

121 2572 177 2634 cai
197 2571 384 2634 iusserimus
405 2570 564 2634 servitura
583 2573 737 2652 tradatur.

545 2687 588 2750 11.
649 2707 798 2762 anricus.

215 2805 218 2810 '
327 2802 366 2864 Si
384 2803 537 2882 ingenuus
555 2803 721 2882 ingenuam
742 2815 890 2866 avortere
903 2801 1033 2884 fecerit.

203 2886 238 2949 Si
261 2886 335 2969 quis
356 2886 526 2946 mulierem
542 2887 703 2969 gravidam
724 2886 916 2969 percusserit
937 2907 1131 2969 quocunqne
1154 2887 1234 2966 ictu,

121 2978 175 3031 aut
196 2992 255 3054 per
284 2972 424 3052 aliquam
456 2971 662 3031 occasionem
691 2969 859 3032 mulierem
890 2970 1061 3052 ingenuam
1087 2980 1232 3032 avortere

119 3055 253 3132 fecerit,
276 3065 309 3116 et
333 3053 452 3114 exinde
482 3063 607 3114 mortua
636 3052 750 3130 fuerit,
777 3073 836 3147 pro
864 3053 1042 3114 homicidio
1069 3052 1232 3137 puniatur.

121 3138 157 3200 Si
180 3148 286 3198 autern
307 3137 530 3198 tantummodo
551 3146 659 3219 partus
680 3143 872 3215 excutiatur,
893 3145 925 3196 et
945 3137 1063 3198 mulier
1083 3135 1233 3198 in'nullo

120 3221 287 3300 debilitata
307 3220 424 3297 fuerit,
447 3231 479 3281 et
500 3219 658 3303 ingennus
690 3217 849 3301 ingenuae
879 3218 944 3280 hoc
974 3219 1122 3281 intulisse
1156 3241 1235 3304 cog-

120 3304 283 3382 noscitur,
313 3304 341 3364 si
372 3305 545 3364 formatum
576 3303 733 3364 infantem
764 3301 926 3379 extinxit,
957 3299 1020 3365 CC.
1050 3303 1173 3365 solidos
1202 3307 1235 3380 r)

70 3381 73 3388 ’
118 3389 248 3449 reddat:
280 3386 308 3448 si
328 3407 404 3450 vero
426 3386 619 3466 informem,
649 3395 782 3448 centum
803 3384 925 3446 solidos
945 3406 1005 3470 pro
1033 3387 1120 3449 lacto
1139 3387 1236 3450 resti-

23 3479 198 3536 *twa-tuat·

552 3551 612 3614 111.
653 3533 812 3625 anatona,

260 3667 301 3729 Si
320 3668 456 3748 ingenua
470 3669 585 3730 mulier
607 3668 774 3747 ingenuam
799 3679 949 3731 avortere
963 3665 1094 3750 fhcerit.

202 3748 238 3810 si
260 3751 378 3812 mulier
398 3752 538 3834 ingenua
564 3770 623 3834 per
642 3748 782 3832 aliquam
801 3749 991 3812 violentiam
1012 3759 1066 3811 aut
1087 3749 1233 3814 occasio-

121 3852 197 3893 nem
219 3831 380 3928 ingenuae
407 3843 533 3916 partum
560 3831 757 3909 excusserit,
791 3842 846 3895 aut
877 3855 918 3894 ex
950 3833 1016 3895 hoc
1047 3833 1233 3896 debilitasse

120 3925 336 3998 cognoscitur,
348 3917 432 3978 sicut
452 3925 485 3979 et
505 3916 639 4002 ingenui
657 3915 831 4001 superioris
852 3917 986 4002 dampni
1004 3937 1112 4003 poena
1132 3917 1234 3978 mulc-

118 4007 214 4060 tetur.
306 4047 309 4052 .

122 4141 560 4160 W

189 4197 217 4271 r)
233 4197 276 4252 Al.
295 4213 355 4250 mss.
378 4195 456 4250 CCV.
473 4195 544 4262 sol.,·
571 4195 650 4252 CCL.
669 4197 721 4258 sol,
788 4231 790 4236 ·
