2640 4838
458 281 627 340 anieron
662 281 843 349 aornlflls
1129 271 1204 346 725

169 425 345 496 ccxxxi.
387 425 421 490 Si
440 425 513 508 quis
533 423 631 487 tlinm
648 423 695 486 da:
701 445 736 485 re
749 421 880 502 mobili,
896 423 957 486 ant
969 425 1205 514 immobilipul·

86 513 206 578 severit
226 512 386 588 dicendo,
415 509 504 592 quod
527 510 611 569 malo
632 509 746 569 ordine
775 505 954 592 possideat,
982 517 1014 569 et
1042 532 1206 594 possessor

76 591 272 681 negaverit,
297 594 341 654 ita
363 592 602 676 prospeximuss,
622 590 753 673 quodsi
772 591 943 675 perannat
965 592 1113 677 quinque
1135 597 1204 658 fue·

85 683 129 746 rit
151 699 330 763 possessor,
358 686 436 736 tunc
458 675 525 757 ipse
547 673 604 757 qui
626 674 786 758 possedit,
816 681 871 734 ant
892 696 950 756 per
970 687 1205 751 sacramentum

87 764 202 826 debeat
223 779 359 843 negare,
387 766 445 819 aut
463 778 523 841 per
548 778 690 842 pugnam
710 779 745 820 se
775 756 970 836 defendere,
1003 759 1031 820 si
1053 763 1205 844 potuerit.

90 850 131 910 ll.
154 847 205 910 35.
228 865 257 904 a.
707 891 710 898 .
886 898 888 906 s
1075 870 1079 878 ·
1197 889 1202 901 ,

155 932 235 980 rona.
272 925 353 976 Petre
379 929 409 975 te
438 921 559 994 appellat
582 922 715 996 Martinus
736 920 848 993 (temen
874 921 949 994 prins
970 941 1032 994 rens
1056 925 1205 997 inquisitus

86 1017 136 1072 per
164 997 265 1050 editam
288 992 443 1056 actionem,
475 995 496 1046 si
526 993 644 1047 voluerit
669 993 760 1044 dicere
783 991 895 1046 titulum
925 995 1099 1064 possessionis
1124 1016 1204 1051 suae:

88 1071 130 1126 sin
147 1077 237 1120 autern
254 1063 369 1127 dixerit,
394 1065 536 1134 sensile,
561 1063 643 1133 dic‚)
666 1063 741 1132 quod
763 1070 835 1115 terra
856 1064 973 1132 quaein
999 1066 1048 1118 tali
1068 1069 1130 1121 loco
1153 1077 1205 1142 est,

88 1157 138 1192 sua
162 1147 218 1200 est,
242 1144 270 1188 et
295 1143 327 1186 tu
349 1151 409 1187 eam
431 1135 551 1205 possides
570 1133 642 1185 malo
661 1134 764 1186 ordine.
800 1131 835 1188 Et
861 1131 883 1183 si
901 1150 960 1185 reus
976 1137 1131 1202 negaverit,
1157 1139 1206 1190 de-

88 1209 184 1261 tendat
197 1223 227 1258 se
243 1224 259 1256 a
284 1203 409 1274 quinque
431 1205 525 1266 sanis,
551 1213 599 1256 ant
616 1221 664 1274 per
690 1213 908 1266 sacramentum,
941 1207 1094 1258 secundnm
1114 1209 1206 1279 quali-

88 1288 173 1332 tatem
197 1275 351 1346 pecuniee,
371 1283 420 1326 aut
441 1293 489 1346 per
511 1274 635 1339 bellum,
671 1274 692 1325 si
716 1273 850 1346 potuerit;
888 1275 993 1333 etlroc
1013 1285 1147 1349 perpetue
1162 1297 1206 1331 se.

89 1349 210 1408 eundum
230 1347 317 1398 laune:
340 1355 368 1406 et
389 1361 438 1414 per
455 1345 523 1397 alios
545 1347 628 1413 Reges
652 1344 706 1406 sit,
733 1354 764 1396 ut
783 1344 905 1413 superius
924 1343 1053 1404 diximus.

158 1419 185 1470 si
208 1434 271 1472 vero
296 1433 344 1484 pro
365 1416 570 1486 recuperanda,
602 1415 647 1467 vel
666 1415 852 1479 restituenda,
878 1431 928 1472 seu
953 1414 1205 1490 adipiscendapon

86 1489 206 1546 sessione
225 1487 309 1538 debet
333 1503 391 1538 esse
416 1487 507 1548 actio,
529 1485 569 1540 ita
587 1487 643 1538 fist.
1258 1489 1260 1496 “

158 1559 238 1612 Petre
260 1566 289 1610 te
312 1557 434 1626 appellat
461 1560 595 1619 loannes,
623 1553 698 1628 quod
719 1565 750 1608 tu
773 1555 846 1607 malo
864 1553 959 1610 ordine
973 1557 1095 1628 possides
1115 1577 1204 1628 qnan-

86 1629 151 1682 darn
172 1638 290 1688 terram,
322 1643 394 1698 quae
420 1624 450 1677 in
475 1626 526 1680 tali
555 1626 618 1678 loco
643 1635 701 1688 est,
731 1641 813 1694 quam
834 1625 893 1695 ipse
918 1625 1061 1695 possidere
1079 1628 1202 1682 deberet.

88 1700 116 1751 Si
140 1716 203 1753 vero
234 1697 372 1762 negaverit
394 1705 509 1762 tenere,
545 1705 573 1749 et
594 1697 648 1747 iam
667 1695 817 1765 possederit
839 1713 889 1766 per
907 1697 939 1750 V.
967 1712 1069 1762 annos,
1100 1699 1201 1763 faeiat,

88 1780 120 1822 ut
144 1769 244 1836 legitur
258 1767 289 1818 in
309 1768 388 1834 loge,
422 1767 444 1818 si
468 1765 604 1838 potuerit:
630 1775 657 1819 et
679 1765 828 1834 aliquando
857 1767 925 1830 hoc,
957 1769 1110 1822 secundnm
1133 1771 1204 1823 titu-

88 1840 145 1890 lum
169 1839 278 1892 scilicet
301 1830 484 1907 possessionis.
520 1839 588 1890 Nam
621 1835 643 1886 si
667 1835 755 1888 bonus
782 1845 824 1888 est
841 1835 961 1906 titulus,
995 1839 1098 1909 poterit
1121 1858 1203 1910 saepe

87 1917 152 1967 aute
176 1909 207 1960 V.
230 1925 318 1970 annos,
340 1907 465 1960 similiter
484 1906 665 1976 respondere,
691 1887 772 1976 saepis
794 1923 860 1962 non.
896 1905 925 1958 Si
949 1905 1012 1960 vero
1038 1911 1126 1963 malus
1146 1911 1202 1975 sit,

88 1987 169 2030 antea
194 1988 222 2030 et
245 1987 323 2047 post,
357 1985 389 2028 ut
416 1975 475 2029 dixi
493 1977 635 2047 superius,
663 1976 719 2029 fiat.
757 1977 827 2040 Sed,
852 1983 883 2028 ut
912 1976 958 2028 alii
985 1979 1098 2042 dicunt,
1124 1981 1204 2035 aliter

89 2057 145 2114 est,
170 2048 235 2100 dum
264 2056 305 2100 est
324 2047 440 2112 litigium
464 2047 498 2099 de
518 2043 594 2099 nirda
612 2045 799 2128 possessione3
830 2043 905 2097 ntis
927 2047 975 2116 qui
998 2059 1076 2102 tenet
1093 2051 1204 2102 unicam

18 2149 20 2152 ·
88 2119 297 2192 possessionem,
318 2127 438 2188 assertor·
450 2119 669 2188 quinquennsum
689 2116 743 2186 sibi
755 2133 812 2168 esse
827 2117 1011 2185 praesidium,
1038 2119 1060 2170 si
1077 2121 1205 2188 possede-

88 2191 124 2244 rit
136 2205 186 2260 per
199 2190 230 2242 V.
251 2206 336 2249 sonos
354 2189 384 2242 in
401 2189 472 2240 facie
491 2189 567 2251 aius,
587 2187 744 2256 quipnlsat
766 2204 828 2240 eum
847 2186 924 2238 malo.
938 2189 1033 2252 ordine
1046 2191 1201 2259 possidere;

22 2260 24 2265 '
88 2261 110 2314 si
128 2259 241 2321 neoti,
260 2275 312 2311 nec
330 2258 415 2322 clam,
435 2276 487 2312 neo
505 2256 631 2328 precario.
646 2256 680 2308 ab
699 2256 851 2329 adversario
876 2259 1012 2324 possidet:
1030 2261 1064 2324 *et
1083 2259 1105 2312 si
1123 2271 1204 2329 negat

88 2348 118 2384 se
135 2331 207 2382 malo
226 2330 321 2382 ordine
337 2329 492 2400 possidere,
511 2331 595 2382 fretus
615 2345 652 2384 eo,
665 2325 798 2396 praesidio
816 2337 900 2393 neget,
915 2347 964 2398 per
980 2338 1202 2394 sacramentum,

89 2411 138 2454 aut
156 2417 353 2471 perpugnam‚
382 2401 404 2450 si
426 2400 564 2470 potuerit,
597 2415 625 2450 se
644 2397 793 2463 desendat3
830 2395 917 2462 idest,
948 2398 971 2450 si
988 2390 1118 2466 morbus,
1140 2410 1205 2468 'aut

88 2471 247 2534 infirmitas,
276 2471 321 2523 vel
341 2471 548 2524 conditio‘eum
566 2485 686 2538 pugnare
703 2485 758 2519 non
775 2465 955 2537 prohibuerit.
991 2471 1062 2522 Dum
1080 2489 1144 2525 vero
1170 2471 1204 2525 fit

90 2541 162 2601 actio
182 2541 212 2592 in
229 2558 305 2608 rem,
323 2558 404 2611 saepe
422 2558 457 2602 ee,
470 2539 634 2598 excindetur
647 2557 698 2611 pro.
716 2537 889 2610 possessione
904 2538 987 2592 XXX.
1009 2559 1153 2604 annornm.v

173 2609 372 2676 CCXXXIi.
414 2613 447 2672 Si
469 2612 542 2693 quis
558 2631 609 2670 res
625 2609 763 2686 alienus,
785 2609 819 2668 id
839 2617 887 2669 est
902 2631 1050 2690 serram,
1073 2621 1129 2672 aut
1150 2633 1205 2671 an·
1232 2663 1233 2672 ,

89 2695 216 2772 sillam,
238 2715 296 2754 seu
313 2694 390 2756 alias
405 2715 457 2756 res
478 2692 629 2770 mobiles,
652 2691 757 2754 sciens
778 2689 900 2752 alienas
919 2713 1008 2770 esse,
1031 2717 1096 2754 non
1119 2717 1204 2772 sues,

88 2774 609 2860 ubicumque·transvendiderit,
652 2783 685 2836 et
719 2773 910 2854 inventum,
945 2783 1000 2835 aut
1033 2777 1206 2860 probatum

89 2861 207 2937 fuerit,
242 2859 278 2919 in
308 2861 451 2944 ectogild
484 2881 536 2920 eas
561 2857 720 2932 restituat,
783 2857 826 2918 Et
852 2854 881 2918 si
905 2879 964 2940 per
990 2857 1206 2942 ignorantiam

89 2941 290 3020 vendiderit,
311 2952 392 3007 tuno
417 2941 567 3028 praebeat
586 2938 837 3015 sacramentum,
865 2940 953 3024 quod
975 2943 1114 3004 credens
1131 2965 1206 3008 suas

90 3048 143 3094 res
173 3025 391 3091 vendidissett
429 3035 461 3088 et
497 3023 612 3086 reddet
642 3033 739 3107 caput
769 3044 844 3084 eum
870 3023 1048 3087 nutrimine
1079 3047 1139 3088 sno
1169 3025 1205 3085 in

90 3107 320 3190 qualicumque
341 3109 392 3171 sit.
434 3107 478 3176 ll.
501 3105 550 3171 25.
577 3127 602 3166 1.
820 3167 825 3172 .

174 3189 381 3258 ccxxmtr.
423 3190 457 3256 Si
477 3189 549 3272 quis
566 3187 798 3271 comparaverit
812 3187 1021 3271 mancipium,
1043 3196 1075 3249 et
1097 3196 1206 3267 postea

91 3272 256 3354 leprosum
287 3281 344 3332 aut
371 3271 615 3334 daemoniacum
648 3270 851 3352 apparuerit,
892 3280 972 3332 tunc
1005 3270 1157 3333 venditor
1178 3269 1207 3330 si

90 3355 235 3438 pulsatus
266 3356 390 3432 fuerit,
415 3355 566 3437 praeirent
600 3363 835 3414 sacramentnm
861 3353 1034 3434 singulis,
1053 3353 1141 3434 qnod
1167 3351 1207 3412 in

92 3437 291 3500 conscientia
320 3437 419 3521 ipsius
440 3437 480 3498 de
509 3438 577 3519 ipsa
605 3435 790 3500 infirmitate
819 3457 887 3495 non
914 3435 1207 3519 suisset,·quando

91 3534 168 3583 eum
199 3521 367 3597 vendidit,
398 3529 431 3582 et
456 3519 592 3602 amplius
621 3540 687 3579 non
709 3519 938 3590 calumnietur.¹
977 3519 1020 3581 ll.
1043 3519 1093 3582 55.
1113 3519 1144 3595 4.

175 3603 372 3668 ΕΟΧΧΧΝ.
415 3603 450 3664 Si
477 3601 550 3686 quis
577 3600 1008 3684 comparaverit'aneillam,
1045 3610 1077 3663 et
1097 3610 1209 3683 postea

89 3687 218 3749 venerit
240 3688 321 3747 alter
342 3685 580 3764 eertushomo,
601 3685 658 3766 qni
679 3705 749 3745 eam
769 3705 857 3744 suain
879 3684 964 3747 dicat
986 3704 1065 3761 esse,
1098 3705 1208 3747 reser-

88 3779 158 3832 tant
183 3768 304 3853 pariter
319 3769 371 3830 ad
399 3778 571 3830 auctorem.
620 3769 867 3839 Tunesuctor,
900 3766 927 3828 si
950 3766 1116 3831 vindicare
1140 3787 1206 3826 non

88 3851 416 3936 potnerit5praebeat
428 3853 680 3927 'sacramentum
702 3850 792 3932 quod
812 3850 959 3919 conscius
981 3873 1049 3910 non
1067 3849 1109 3912 sit
1123 3850 1210 3913 frau-

90 3935 153 4010 dis,
174 3955 236 3999 nee
255 3933 436 3996 colludium
450 3933 589 4008 fecisset,
614 3943 645 3994 et
659 3933 774 3994 reddat
788 3932 927 4014 pretium
942 3941 1080 4010 tantum,
1103 3952 1209 4013 qnan-

88 4024 160 4077 tum
182 4017 214 4076 in
237 4019 294 4079 illa
313 4018 365 4078 die
381 4018 454 4094 fuit,
477 4018 608 4099 quando
625 4038 699 4078 eam
712 4015 864 4093 tradidit,
898 4027 931 4076 et
948 4015 1084 4098 accipiat
1105 4014 1209 4076 ancil-

90 4101 154 4161 lam
175 4099 285 4180 ipsam,
308 4109 341 4162 et
361 4101 492 4183 proprio
512 4099 644 4160 domino
662 4099 774 4159 tradat.
805 4099 847 4161 Et
860 4099 890 4162 si
905 4100 1024 4164 ancilla
1041 4099 1110 4178 ipsa
1124 4097 1211 4181 apud

91 4193 229 4268 emtores
251 4183 334 4250 tilios
355 4183 490 4265 lecerit,
520 4192 600 4247 tunc
619 4183 676 4246 ille
702 4179 760 4268 qui
782 4202 854 4251 eam
872 4183 963 4270 prins
983 4181 1151 4262 vendidit,
1178 4191 1211 4245 et
