<?xml version="1.0" encoding="UTF-8"?>
<!DOCTYPE html PUBLIC "-//W3C//DTD XHTML 1.0 Transitional//EN"
    "http://www.w3.org/TR/xhtml1/DTD/xhtml1-transitional.dtd">
<html xmlns="http://www.w3.org/1999/xhtml" xml:lang="en" lang="en">
 <head>
  <title>
</title>
<meta http-equiv="Content-Type" content="text/html;charset=utf-8" />
  <meta name='ocr-system' content='tesseract 3.04.00' />
  <meta name='ocr-capabilities' content='ocr_page ocr_carea ocr_par ocr_line ocrx_word'/>
</head>
<body>
  <div class='ocr_page' id='page_1' title='image "./corpusiurisgerm00visigoog_0379.png"; bbox 0 0 2632 4822; ppageno 0'>
   <div class='ocr_carea' id='block_1_1' title="bbox 128 219 947 300">
    <p class='ocr_par' dir='ltr' id='par_1_1' title="bbox 128 219 947 300">
     <span class='ocr_line' id='line_1_1' title="bbox 128 219 947 300; baseline -0.012 -2"><span class='ocrx_word' id='word_1_1' title='bbox 128 219 202 300; x_wconf 81' lang='lat'>78⁰</span> <span class='ocrx_word' id='word_1_2' title='bbox 394 232 613 290; x_wconf 82' lang='lat' dir='ltr'>ssurrssum</span> <span class='ocrx_word' id='word_1_3' title='bbox 648 231 776 291; x_wconf 80' lang='lat' dir='ltr'>trouu</span> <span class='ocrx_word' id='word_1_4' title='bbox 811 230 875 288; x_wconf 84' lang='lat' dir='ltr'>sn.</span> <span class='ocrx_word' id='word_1_5' title='bbox 899 233 947 290; x_wconf 82' lang='lat' dir='ltr'>u.</span> 
     </span>
    </p>
   </div>
   <div class='ocr_carea' id='block_1_2' title="bbox 120 369 1269 1993">
    <p class='ocr_par' dir='ltr' id='par_1_2' title="bbox 127 369 1267 520">
     <span class='ocr_line' id='line_1_2' title="bbox 128 369 1267 444; baseline -0.011 -6"><span class='ocrx_word' id='word_1_6' title='bbox 128 379 224 438; x_wconf 81' lang='lat' dir='ltr'>tincti</span> <span class='ocrx_word' id='word_1_7' title='bbox 248 379 331 436; x_wconf 83' lang='lat' dir='ltr'>Peter</span> <span class='ocrx_word' id='word_1_8' title='bbox 351 381 416 430; x_wconf 87' lang='lat' dir='ltr'>tuns</span> <span class='ocrx_word' id='word_1_9' title='bbox 435 371 549 430; x_wconf 70' lang='lat' dir='ltr'>donavit</span> <span class='ocrx_word' id='word_1_10' title='bbox 566 373 653 443; x_wconf 75' lang='lat' dir='ltr'>mihi5</span> <span class='ocrx_word' id='word_1_11' title='bbox 678 380 740 440; x_wconf 83' lang='lat' dir='ltr'>aut,</span> <span class='ocrx_word' id='word_1_12' title='bbox 761 371 905 442; x_wconf 70' lang='lat' dir='ltr'>vendidit,</span> <span class='ocrx_word' id='word_1_13' title='bbox 933 377 964 426; x_wconf 88' lang='lat' dir='ltr'>et</span> <span class='ocrx_word' id='word_1_14' title='bbox 982 388 1038 442; x_wconf 79' lang='lat' dir='ltr'>ego</span> <span class='ocrx_word' id='word_1_15' title='bbox 1063 387 1118 444; x_wconf 77' lang='lat' dir='ltr'>per</span> <span class='ocrx_word' id='word_1_16' title='bbox 1139 369 1200 426; x_wconf 57' lang='lat' dir='ltr'>xl„</span> <span class='ocrx_word' id='word_1_17' title='bbox 1226 389 1267 426; x_wconf 77' lang='lat' dir='ltr'>sn·</span> 
     </span>
     <span class='ocr_line' id='line_1_3' title="bbox 127 449 462 520; baseline -0.042 -12"><span class='ocrx_word' id='word_1_18' title='bbox 127 471 178 508; x_wconf 88' lang='lat' dir='ltr'>nos</span> <span class='ocrx_word' id='word_1_19' title='bbox 197 449 287 504; x_wconf 87' lang='lat' dir='ltr'>habeo</span> <span class='ocrx_word' id='word_1_20' title='bbox 305 462 462 520; x_wconf 87' lang='lat' dir='ltr'>possessam.</span> 
     </span>
    </p>

    <p class='ocr_par' dir='ltr' id='par_1_3' title="bbox 127 511 1269 935">
     <span class='ocr_line' id='line_1_4' title="bbox 198 511 1269 588; baseline -0.011 -12"><span class='ocrx_word' id='word_1_21' title='bbox 198 523 278 576; x_wconf 85' lang='lat' dir='ltr'>Petre</span> <span class='ocrx_word' id='word_1_22' title='bbox 295 528 324 573; x_wconf 88' lang='lat' dir='ltr'>te</span> <span class='ocrx_word' id='word_1_23' title='bbox 343 515 466 588; x_wconf 84' lang='lat' dir='ltr'>appellat</span> <span class='ocrx_word' id='word_1_24' title='bbox 484 512 630 578; x_wconf 80' lang='lat' dir='ltr'>Martinus,</span> <span class='ocrx_word' id='word_1_25' title='bbox 653 511 730 584; x_wconf 84' lang='lat' dir='ltr'>qnod</span> <span class='ocrx_word' id='word_1_26' title='bbox 749 523 781 566; x_wconf 89' lang='lat' dir='ltr'>tn</span> <span class='ocrx_word' id='word_1_27' title='bbox 808 519 887 566; x_wconf 83' lang='lat' dir='ltr'>tenes</span> <span class='ocrx_word' id='word_1_28' title='bbox 909 511 960 568; x_wconf 87' lang='lat' dir='ltr'>sibi</span> <span class='ocrx_word' id='word_1_29' title='bbox 987 514 1068 566; x_wconf 82' lang='lat' dir='ltr'>malo</span> <span class='ocrx_word' id='word_1_30' title='bbox 1093 511 1200 566; x_wconf 87' lang='lat' dir='ltr'>ordine</span> <span class='ocrx_word' id='word_1_31' title='bbox 1220 520 1269 566; x_wconf 85' lang='lat' dir='ltr'>ter·</span> 
     </span>
     <span class='ocr_line' id='line_1_5' title="bbox 128 584 1268 656; baseline -0.01 -10"><span class='ocrx_word' id='word_1_32' title='bbox 128 611 185 647; x_wconf 84' lang='lat' dir='ltr'>rans</span> <span class='ocrx_word' id='word_1_33' title='bbox 210 592 240 644; x_wconf 89' lang='lat' dir='ltr'>in</span> <span class='ocrx_word' id='word_1_34' title='bbox 262 589 313 644; x_wconf 84' lang='lat' dir='ltr'>tali</span> <span class='ocrx_word' id='word_1_35' title='bbox 333 587 408 640; x_wconf 91' lang='lat' dir='ltr'>loco.</span> <span class='ocrx_word' id='word_1_36' title='bbox 451 587 514 654; x_wconf 83' lang='lat' dir='ltr'>lpsa</span> <span class='ocrx_word' id='word_1_37' title='bbox 534 592 606 636; x_wconf 86' lang='lat' dir='ltr'>terra</span> <span class='ocrx_word' id='word_1_38' title='bbox 625 601 686 636; x_wconf 83' lang='lat' dir='ltr'>mes</span> <span class='ocrx_word' id='word_1_39' title='bbox 709 584 817 655; x_wconf 85' lang='lat' dir='ltr'>propria</span> <span class='ocrx_word' id='word_1_40' title='bbox 841 593 893 640; x_wconf 89' lang='lat' dir='ltr'>est.</span> <span class='ocrx_word' id='word_1_41' title='bbox 937 584 1018 655; x_wconf 86' lang='lat' dir='ltr'>Quid</span> <span class='ocrx_word' id='word_1_42' title='bbox 1042 584 1100 637; x_wconf 87' lang='lat' dir='ltr'>tibi</span> <span class='ocrx_word' id='word_1_43' title='bbox 1124 584 1268 656; x_wconf 79' lang='lat' dir='ltr'><strong>pertinet?</strong></span> 
     </span>
     <span class='ocr_line' id='line_1_6' title="bbox 128 653 1268 724; baseline -0.009 -8"><span class='ocrx_word' id='word_1_44' title='bbox 128 666 253 718; x_wconf 76' lang='lat' dir='ltr'><strong>Donatus</strong></span> <span class='ocrx_word' id='word_1_45' title='bbox 275 669 341 713; x_wconf 90' lang='lat' dir='ltr'>tuus</span> <span class='ocrx_word' id='word_1_46' title='bbox 362 657 444 708; x_wconf 82' lang='lat' dir='ltr'>frater</span> <span class='ocrx_word' id='word_1_47' title='bbox 460 654 601 722; x_wconf 75' lang='lat' dir='ltr'>vendidit3</span> <span class='ocrx_word' id='word_1_48' title='bbox 626 663 689 718; x_wconf 87' lang='lat' dir='ltr'>ant,</span> <span class='ocrx_word' id='word_1_49' title='bbox 713 653 839 707; x_wconf 84' lang='lat' dir='ltr'>donavit:</span> <span class='ocrx_word' id='word_1_50' title='bbox 868 663 899 708; x_wconf 90' lang='lat' dir='ltr'>et</span> <span class='ocrx_word' id='word_1_51' title='bbox 921 672 989 709; x_wconf 90' lang='lat' dir='ltr'>ecce</span> <span class='ocrx_word' id='word_1_52' title='bbox 1008 665 1101 708; x_wconf 86' lang='lat' dir='ltr'>carta.</span> <span class='ocrx_word' id='word_1_53' title='bbox 1143 655 1182 706; x_wconf 86' lang='lat' dir='ltr'>Et</span> <span class='ocrx_word' id='word_1_54' title='bbox 1205 655 1268 724; x_wconf 89' lang='lat' dir='ltr'>qnid</span> 
     </span>
     <span class='ocr_line' id='line_1_7' title="bbox 128 724 1267 806; baseline -0.008 -20"><span class='ocrx_word' id='word_1_55' title='bbox 128 731 263 806; x_wconf 81' lang='lat' dir='ltr'>pertinuit</span> <span class='ocrx_word' id='word_1_56' title='bbox 287 729 322 782; x_wconf 81' lang='lat' dir='ltr'>ud</span> <span class='ocrx_word' id='word_1_57' title='bbox 344 727 452 780; x_wconf 81' lang='lat' dir='ltr'>fratrem</span> <span class='ocrx_word' id='word_1_58' title='bbox 475 726 590 777; x_wconf 87' lang='lat' dir='ltr'>meum?</span> <span class='ocrx_word' id='word_1_59' title='bbox 634 727 677 776; x_wconf 89' lang='lat' dir='ltr'>Tu</span> <span class='ocrx_word' id='word_1_60' title='bbox 700 741 763 776; x_wconf 93' lang='lat' dir='ltr'>eum</span> <span class='ocrx_word' id='word_1_61' title='bbox 784 725 908 792; x_wconf 76' lang='lat' dir='ltr'>donasti,</span> <span class='ocrx_word' id='word_1_62' title='bbox 937 733 1005 787; x_wconf 87' lang='lat' dir='ltr'>aut,</span> <span class='ocrx_word' id='word_1_63' title='bbox 1031 743 1085 798; x_wconf 91' lang='lat' dir='ltr'>per</span> <span class='ocrx_word' id='word_1_64' title='bbox 1111 724 1267 777; x_wconf 73' lang='lat' dir='ltr'>estimonio</span> 
     </span>
     <span class='ocr_line' id='line_1_8' title="bbox 127 793 1268 868; baseline -0.01 -11"><span class='ocrx_word' id='word_1_65' title='bbox 127 821 193 857; x_wconf 85' lang='lat' dir='ltr'>nern</span> <span class='ocrx_word' id='word_1_66' title='bbox 213 799 322 854; x_wconf 86' lang='lat' dir='ltr'>dedisti.</span> <span class='ocrx_word' id='word_1_67' title='bbox 360 797 394 851; x_wconf 85' lang='lat' dir='ltr'>Et</span> <span class='ocrx_word' id='word_1_68' title='bbox 411 795 480 868; x_wconf 90' lang='lat' dir='ltr'>quid</span> <span class='ocrx_word' id='word_1_69' title='bbox 506 793 575 862; x_wconf 82' lang='lat' dir='ltr'>ego?</span> <span class='ocrx_word' id='word_1_70' title='bbox 597 795 673 865; x_wconf 84' lang='lat' dir='ltr'>Quid</span> <span class='ocrx_word' id='word_1_71' title='bbox 694 794 776 848; x_wconf 84' lang='lat' dir='ltr'>frater</span> <span class='ocrx_word' id='word_1_72' title='bbox 798 794 884 848; x_wconf 82' lang='lat' dir='ltr'>tuus?</span> <span class='ocrx_word' id='word_1_73' title='bbox 906 797 960 850; x_wconf 86' lang='lat' dir='ltr'>Per</span> <span class='ocrx_word' id='word_1_74' title='bbox 980 796 1043 850; x_wconf 79' lang='lat' dir='ltr'>XL</span> <span class='ocrx_word' id='word_1_75' title='bbox 1071 813 1167 848; x_wconf 81' lang='lat' dir='ltr'>annos</span> <span class='ocrx_word' id='word_1_76' title='bbox 1186 795 1268 847; x_wconf 83' lang='lat' dir='ltr'>habe·</span> 
     </span>
     <span class='ocr_line' id='line_1_9' title="bbox 128 865 1227 935; baseline -0.012 -8"><span class='ocrx_word' id='word_1_77' title='bbox 128 889 195 927; x_wconf 88' lang='lat' dir='ltr'>mus.</span> <span class='ocrx_word' id='word_1_78' title='bbox 229 885 367 924; x_wconf 79' lang='lat' dir='ltr'>ossessasn.</span> <span class='ocrx_word' id='word_1_79' title='bbox 406 867 480 920; x_wconf 89' lang='lat' dir='ltr'>iuret</span> <span class='ocrx_word' id='word_1_80' title='bbox 505 883 582 917; x_wconf 85' lang='lat' dir='ltr'>snam</span> <span class='ocrx_word' id='word_1_81' title='bbox 604 865 809 935; x_wconf 84' lang='lat' dir='ltr'>possessionem.</span> <span class='ocrx_word' id='word_1_82' title='bbox 961 901 968 908; x_wconf 83' lang='lat'>-</span> <span class='ocrx_word' id='word_1_83' title='bbox 1222 897 1227 906; x_wconf 89' lang='lat'>·</span> 
     </span>
    </p>

    <p class='ocr_par' dir='ltr' id='par_1_4' title="bbox 128 933 1266 1366">
     <span class='ocr_line' id='line_1_10' title="bbox 220 933 1266 1008; baseline -0.005 -15"><span class='ocrx_word' id='word_1_84' title='bbox 220 948 278 993; x_wconf 88' lang='lat' dir='ltr'>etre</span> <span class='ocrx_word' id='word_1_85' title='bbox 299 948 329 992; x_wconf 87' lang='lat' dir='ltr'>te</span> <span class='ocrx_word' id='word_1_86' title='bbox 358 939 481 1008; x_wconf 74' lang='lat' dir='ltr'>appellat</span> <span class='ocrx_word' id='word_1_87' title='bbox 504 935 660 1000; x_wconf 85' lang='lat' dir='ltr'>Martinus,</span> <span class='ocrx_word' id='word_1_88' title='bbox 688 936 764 1006; x_wconf 87' lang='lat' dir='ltr'>quod</span> <span class='ocrx_word' id='word_1_89' title='bbox 787 946 818 989; x_wconf 87' lang='lat' dir='ltr'>tu</span> <span class='ocrx_word' id='word_1_90' title='bbox 846 944 923 990; x_wconf 89' lang='lat' dir='ltr'>tenes</span> <span class='ocrx_word' id='word_1_91' title='bbox 950 933 1005 988; x_wconf 88' lang='lat' dir='ltr'>sibi</span> <span class='ocrx_word' id='word_1_92' title='bbox 1032 943 1145 989; x_wconf 79' lang='lat' dir='ltr'>terram</span> <span class='ocrx_word' id='word_1_93' title='bbox 1169 936 1200 988; x_wconf 92' lang='lat' dir='ltr'>in</span> <span class='ocrx_word' id='word_1_94' title='bbox 1221 935 1266 988; x_wconf 82' lang='lat' dir='ltr'>uli</span> 
     </span>
     <span class='ocr_line' id='line_1_11' title="bbox 128 1003 1264 1077; baseline -0.007 -11"><span class='ocrx_word' id='word_1_95' title='bbox 128 1013 194 1066; x_wconf 88' lang='lat' dir='ltr'>loco</span> <span class='ocrx_word' id='word_1_96' title='bbox 216 1009 289 1064; x_wconf 88' lang='lat' dir='ltr'>malo</span> <span class='ocrx_word' id='word_1_97' title='bbox 311 1009 415 1061; x_wconf 83' lang='lat' dir='ltr'><strong>ordine.</strong></span> <span class='ocrx_word' id='word_1_98' title='bbox 453 1009 515 1077; x_wconf 84' lang='lat' dir='ltr'>ipsa</span> <span class='ocrx_word' id='word_1_99' title='bbox 539 1016 610 1059; x_wconf 82' lang='lat' dir='ltr'>terre</span> <span class='ocrx_word' id='word_1_100' title='bbox 634 1023 695 1058; x_wconf 88' lang='lat' dir='ltr'>mea</span> <span class='ocrx_word' id='word_1_101' title='bbox 717 1003 824 1076; x_wconf 87' lang='lat' dir='ltr'>propria</span> <span class='ocrx_word' id='word_1_102' title='bbox 847 1014 895 1059; x_wconf 83' lang='lat' dir='ltr'>est</span> <span class='ocrx_word' id='word_1_103' title='bbox 932 1005 1013 1076; x_wconf 86' lang='lat' dir='ltr'><strong>Quid</strong></span> <span class='ocrx_word' id='word_1_104' title='bbox 1039 1005 1097 1058; x_wconf 87' lang='lat' dir='ltr'>tibi</span> <span class='ocrx_word' id='word_1_105' title='bbox 1120 1006 1264 1075; x_wconf 78' lang='lat' dir='ltr'>pertinet?</span> 
     </span>
     <span class='ocr_line' id='line_1_12' title="bbox 129 1076 1263 1148; baseline -0.008 -11"><span class='ocrx_word' id='word_1_106' title='bbox 129 1085 182 1138; x_wconf 90' lang='lat' dir='ltr'>Per</span> <span class='ocrx_word' id='word_1_107' title='bbox 197 1089 308 1134; x_wconf 83' lang='lat' dir='ltr'>certam.</span> <span class='ocrx_word' id='word_1_108' title='bbox 336 1079 370 1131; x_wconf 85' lang='lat' dir='ltr'>Et</span> <span class='ocrx_word' id='word_1_109' title='bbox 386 1077 438 1131; x_wconf 89' lang='lat' dir='ltr'>tibi</span> <span class='ocrx_word' id='word_1_110' title='bbox 449 1076 517 1147; x_wconf 89' lang='lat' dir='ltr'>quid</span> <span class='ocrx_word' id='word_1_111' title='bbox 532 1076 671 1148; x_wconf 76' lang='lat' dir='ltr'>pertinet?</span> <span class='ocrx_word' id='word_1_112' title='bbox 697 1078 748 1128; x_wconf 87' lang='lat' dir='ltr'>Per</span> <span class='ocrx_word' id='word_1_113' title='bbox 764 1085 873 1130; x_wconf 85' lang='lat' dir='ltr'>cartam.</span> <span class='ocrx_word' id='word_1_114' title='bbox 893 1076 1122 1129; x_wconf 84' lang='lat' dir='ltr'>Dataradiaad</span> <span class='ocrx_word' id='word_1_115' title='bbox 1138 1077 1263 1138; x_wconf 80' lang='lat' dir='ltr'>invicem,</span> 
     </span>
     <span class='ocr_line' id='line_1_13' title="bbox 130 1147 1265 1209; baseline -0.006 -3"><span class='ocrx_word' id='word_1_116' title='bbox 130 1171 201 1206; x_wconf 90' lang='lat' dir='ltr'>unus</span> <span class='ocrx_word' id='word_1_117' title='bbox 228 1151 263 1204; x_wconf 90' lang='lat' dir='ltr'>de</span> <span class='ocrx_word' id='word_1_118' title='bbox 285 1149 429 1202; x_wconf 86' lang='lat' dir='ltr'>ostendere</span> <span class='ocrx_word' id='word_1_119' title='bbox 454 1155 555 1200; x_wconf 81' lang='lat' dir='ltr'>cartam</span> <span class='ocrx_word' id='word_1_120' title='bbox 583 1147 619 1199; x_wconf 89' lang='lat' dir='ltr'>de</span> <span class='ocrx_word' id='word_1_121' title='bbox 647 1164 703 1199; x_wconf 89' lang='lat' dir='ltr'>uno</span> <span class='ocrx_word' id='word_1_122' title='bbox 728 1148 830 1209; x_wconf 85' lang='lat' dir='ltr'>fratre,</span> <span class='ocrx_word' id='word_1_123' title='bbox 865 1157 894 1201; x_wconf 89' lang='lat' dir='ltr'>et</span> <span class='ocrx_word' id='word_1_124' title='bbox 920 1147 990 1200; x_wconf 86' lang='lat' dir='ltr'>alius</span> <span class='ocrx_word' id='word_1_125' title='bbox 1014 1148 1053 1198; x_wconf 94' lang='lat' dir='ltr'>de</span> <span class='ocrx_word' id='word_1_126' title='bbox 1081 1148 1156 1199; x_wconf 89' lang='lat' dir='ltr'>alio.</span> <span class='ocrx_word' id='word_1_127' title='bbox 1193 1147 1265 1206; x_wconf 78' lang='lat' dir='ltr'>Etsi</span> 
     </span>
     <span class='ocr_line' id='line_1_14' title="bbox 129 1216 1264 1290; baseline -0.004 -14"><span class='ocrx_word' id='word_1_128' title='bbox 129 1223 225 1277; x_wconf 88' lang='lat' dir='ltr'>nullus</span> <span class='ocrx_word' id='word_1_129' title='bbox 247 1238 281 1272; x_wconf 84' lang='lat' dir='ltr'>ex</span> <span class='ocrx_word' id='word_1_130' title='bbox 300 1218 427 1272; x_wconf 83' lang='lat' dir='ltr'>iratribus</span> <span class='ocrx_word' id='word_1_131' title='bbox 450 1217 556 1270; x_wconf 83' lang='lat' dir='ltr'>venerit</span> <span class='ocrx_word' id='word_1_132' title='bbox 583 1216 612 1268; x_wconf 87' lang='lat' dir='ltr'>in</span> <span class='ocrx_word' id='word_1_133' title='bbox 640 1218 852 1280; x_wconf 71' lang='lat' dir='ltr'>auctoritatem,</span> <span class='ocrx_word' id='word_1_134' title='bbox 879 1217 956 1270; x_wconf 87' lang='lat' dir='ltr'>dicat</span> <span class='ocrx_word' id='word_1_135' title='bbox 979 1217 1062 1290; x_wconf 91' lang='lat' dir='ltr'>ipse,</span> <span class='ocrx_word' id='word_1_136' title='bbox 1093 1218 1152 1290; x_wconf 81' lang='lat' dir='ltr'>qui</span> <span class='ocrx_word' id='word_1_137' title='bbox 1177 1225 1264 1283; x_wconf 80' lang='lat' dir='ltr'>tenet,</span> 
     </span>
     <span class='ocr_line' id='line_1_15' title="bbox 129 1288 613 1366; baseline -0.014 -19"><span class='ocrx_word' id='word_1_138' title='bbox 129 1292 327 1366; x_wconf 85' lang='lat' dir='ltr'>possessionem</span> <span class='ocrx_word' id='word_1_139' title='bbox 351 1289 387 1342; x_wconf 93' lang='lat' dir='ltr'>de</span> <span class='ocrx_word' id='word_1_140' title='bbox 413 1288 494 1342; x_wconf 79' lang='lat' dir='ltr'>XXX.</span> <span class='ocrx_word' id='word_1_141' title='bbox 519 1304 613 1340; x_wconf 86' lang='lat' dir='ltr'>annos.</span> 
     </span>
    </p>

    <p class='ocr_par' dir='ltr' id='par_1_5' title="bbox 201 1356 1071 1428">
     <span class='ocr_line' id='line_1_16' title="bbox 201 1356 1071 1428; baseline -0.005 -13"><span class='ocrx_word' id='word_1_142' title='bbox 201 1362 236 1415; x_wconf 89' lang='lat' dir='ltr'>Et</span> <span class='ocrx_word' id='word_1_143' title='bbox 259 1361 312 1414; x_wconf 89' lang='lat' dir='ltr'>hoc</span> <span class='ocrx_word' id='word_1_144' title='bbox 334 1365 375 1413; x_wconf 88' lang='lat' dir='ltr'>est</span> <span class='ocrx_word' id='word_1_145' title='bbox 397 1375 552 1428; x_wconf 83' lang='lat' dir='ltr'>responsum</span> <span class='ocrx_word' id='word_1_146' title='bbox 575 1358 727 1411; x_wconf 83' lang='lat' dir='ltr'>secundum</span> <span class='ocrx_word' id='word_1_147' title='bbox 748 1357 844 1412; x_wconf 85' lang='lat' dir='ltr'>asinos.</span> <span class='ocrx_word' id='word_1_148' title='bbox 881 1358 938 1412; x_wconf 80' lang='lat' dir='ltr'>Sed</span> <span class='ocrx_word' id='word_1_149' title='bbox 958 1356 1000 1410; x_wconf 89' lang='lat' dir='ltr'>ita</span> <span class='ocrx_word' id='word_1_150' title='bbox 1024 1357 1071 1411; x_wconf 88' lang='lat' dir='ltr'>sit.</span> 
     </span>
    </p>

    <p class='ocr_par' dir='ltr' id='par_1_6' title="bbox 130 1427 1267 1837">
     <span class='ocr_line' id='line_1_17' title="bbox 200 1427 1266 1502; baseline -0.003 -19"><span class='ocrx_word' id='word_1_151' title='bbox 200 1434 279 1486; x_wconf 83' lang='lat' dir='ltr'>Petrc</span> <span class='ocrx_word' id='word_1_152' title='bbox 303 1439 331 1482; x_wconf 92' lang='lat' dir='ltr'>te</span> <span class='ocrx_word' id='word_1_153' title='bbox 351 1429 474 1502; x_wconf 85' lang='lat' dir='ltr'>appellat</span> <span class='ocrx_word' id='word_1_154' title='bbox 496 1428 630 1481; x_wconf 88' lang='lat' dir='ltr'>Martinus</span> <span class='ocrx_word' id='word_1_155' title='bbox 655 1438 719 1481; x_wconf 87' lang='lat' dir='ltr'>tuus</span> <span class='ocrx_word' id='word_1_156' title='bbox 742 1429 840 1491; x_wconf 86' lang='lat' dir='ltr'>frater,</span> <span class='ocrx_word' id='word_1_157' title='bbox 866 1429 941 1501; x_wconf 89' lang='lat' dir='ltr'>quod</span> <span class='ocrx_word' id='word_1_158' title='bbox 959 1437 1046 1492; x_wconf 79' lang='lat' dir='ltr'>terra,</span> <span class='ocrx_word' id='word_1_159' title='bbox 1075 1439 1158 1501; x_wconf 79' lang='lat' dir='ltr'>quae</span> <span class='ocrx_word' id='word_1_160' title='bbox 1177 1427 1208 1480; x_wconf 92' lang='lat' dir='ltr'>in</span> <span class='ocrx_word' id='word_1_161' title='bbox 1220 1428 1266 1480; x_wconf 83' lang='lat' dir='ltr'>tali</span> 
     </span>
     <span class='ocr_line' id='line_1_18' title="bbox 131 1498 1265 1570; baseline -0.005 -13"><span class='ocrx_word' id='word_1_162' title='bbox 131 1503 261 1564; x_wconf 87' lang='lat' dir='ltr'>lococst,</span> <span class='ocrx_word' id='word_1_163' title='bbox 282 1516 365 1570; x_wconf 84' lang='lat' dir='ltr'>quam</span> <span class='ocrx_word' id='word_1_164' title='bbox 381 1505 412 1552; x_wconf 89' lang='lat' dir='ltr'>tu</span> <span class='ocrx_word' id='word_1_165' title='bbox 430 1508 519 1561; x_wconf 90' lang='lat' dir='ltr'>tenes,</span> <span class='ocrx_word' id='word_1_166' title='bbox 537 1517 586 1550; x_wconf 86' lang='lat' dir='ltr'>sua</span> <span class='ocrx_word' id='word_1_167' title='bbox 600 1499 690 1550; x_wconf 85' lang='lat' dir='ltr'>media</span> <span class='ocrx_word' id='word_1_168' title='bbox 706 1507 753 1551; x_wconf 82' lang='lat' dir='ltr'>est</span> <span class='ocrx_word' id='word_1_169' title='bbox 783 1500 853 1551; x_wconf 88' lang='lat' dir='ltr'>Nolo</span> <span class='ocrx_word' id='word_1_170' title='bbox 873 1499 897 1552; x_wconf 92' lang='lat' dir='ltr'>ei</span> <span class='ocrx_word' id='word_1_171' title='bbox 916 1499 1097 1568; x_wconf 85' lang='lat' dir='ltr'>respondere.</span> <span class='ocrx_word' id='word_1_172' title='bbox 1137 1500 1199 1552; x_wconf 86' lang='lat' dir='ltr'>Nec</span> <span class='ocrx_word' id='word_1_173' title='bbox 1221 1498 1265 1551; x_wconf 90' lang='lat' dir='ltr'>ille</span> 
     </span>
     <span class='ocr_line' id='line_1_19' title="bbox 131 1569 1265 1640; baseline -0.004 -16"><span class='ocrx_word' id='word_1_174' title='bbox 131 1573 215 1626; x_wconf 88' lang='lat' dir='ltr'>dehet</span> <span class='ocrx_word' id='word_1_175' title='bbox 233 1571 358 1624; x_wconf 85' lang='lat' dir='ltr'>adversus</span> <span class='ocrx_word' id='word_1_176' title='bbox 373 1587 416 1624; x_wconf 91' lang='lat' dir='ltr'>me</span> <span class='ocrx_word' id='word_1_177' title='bbox 433 1570 591 1640; x_wconf 83' lang='lat' dir='ltr'>agere,quia</span> <span class='ocrx_word' id='word_1_178' title='bbox 610 1587 660 1639; x_wconf 92' lang='lat' dir='ltr'>per</span> <span class='ocrx_word' id='word_1_179' title='bbox 678 1569 729 1620; x_wconf 81' lang='lat' dir='ltr'>xt.</span> <span class='ocrx_word' id='word_1_180' title='bbox 749 1587 833 1622; x_wconf 88' lang='lat' dir='ltr'>annos</span> <span class='ocrx_word' id='word_1_181' title='bbox 853 1569 971 1640; x_wconf 89' lang='lat' dir='ltr'>possedi.</span> <span class='ocrx_word' id='word_1_182' title='bbox 1008 1571 1086 1623; x_wconf 84' lang='lat' dir='ltr'><strong>Vere</strong></span> <span class='ocrx_word' id='word_1_183' title='bbox 1107 1569 1265 1639; x_wconf 76' lang='lat' dir='ltr'>possedisti,</span> 
     </span>
     <span class='ocr_line' id='line_1_20' title="bbox 131 1639 1267 1722; baseline -0.006 -25"><span class='ocrx_word' id='word_1_184' title='bbox 131 1644 180 1696; x_wconf 87' lang='lat' dir='ltr'>sed</span> <span class='ocrx_word' id='word_1_185' title='bbox 198 1643 270 1696; x_wconf 87' lang='lat' dir='ltr'>malo</span> <span class='ocrx_word' id='word_1_186' title='bbox 287 1639 391 1692; x_wconf 82' lang='lat' dir='ltr'>ordine.</span> <span class='ocrx_word' id='word_1_187' title='bbox 445 1641 506 1692; x_wconf 86' lang='lat' dir='ltr'>Non</span> <span class='ocrx_word' id='word_1_188' title='bbox 526 1640 598 1692; x_wconf 85' lang='lat' dir='ltr'>malo</span> <span class='ocrx_word' id='word_1_189' title='bbox 620 1639 714 1692; x_wconf 81' lang='lat' dir='ltr'>ordine</span> <span class='ocrx_word' id='word_1_190' title='bbox 735 1640 864 1710; x_wconf 86' lang='lat' dir='ltr'>possedi,</span> <span class='ocrx_word' id='word_1_191' title='bbox 886 1641 952 1722; x_wconf 74' lang='lat' dir='ltr'>qnia</span> <span class='ocrx_word' id='word_1_192' title='bbox 972 1647 1006 1691; x_wconf 89' lang='lat' dir='ltr'>tn</span> <span class='ocrx_word' id='word_1_193' title='bbox 1037 1639 1114 1692; x_wconf 88' lang='lat' dir='ltr'>milri</span> <span class='ocrx_word' id='word_1_194' title='bbox 1143 1641 1267 1692; x_wconf 89' lang='lat' dir='ltr'>donavis-</span> 
     </span>
     <span class='ocr_line' id='line_1_21' title="bbox 131 1708 1266 1778; baseline -0.003 -11"><span class='ocrx_word' id='word_1_195' title='bbox 131 1713 171 1778; x_wconf 73' lang='lat' dir='ltr'>si,</span> <span class='ocrx_word' id='word_1_196' title='bbox 199 1714 253 1777; x_wconf 88' lang='lat' dir='ltr'>vel,</span> <span class='ocrx_word' id='word_1_197' title='bbox 277 1708 441 1778; x_wconf 86' lang='lat' dir='ltr'>vendidisti;</span> <span class='ocrx_word' id='word_1_198' title='bbox 457 1721 522 1777; x_wconf 83' lang='lat' dir='ltr'>sut,</span> <span class='ocrx_word' id='word_1_199' title='bbox 547 1710 781 1778; x_wconf 75' lang='lat' dir='ltr'>commutuavisti5</span> <span class='ocrx_word' id='word_1_200' title='bbox 810 1718 867 1776; x_wconf 87' lang='lat' dir='ltr'>ant,</span> <span class='ocrx_word' id='word_1_201' title='bbox 891 1729 921 1762; x_wconf 83' lang='grc' dir='ltr'>ιιι</span> <span class='ocrx_word' id='word_1_202' title='bbox 942 1709 1135 1765; x_wconf 74' lang='lat' dir='ltr'>estimatione</span> <span class='ocrx_word' id='word_1_203' title='bbox 1160 1709 1266 1764; x_wconf 86' lang='lat' dir='ltr'>dedisti.</span> 
     </span>
     <span class='ocr_line' id='line_1_22' title="bbox 130 1782 1026 1837; baseline 0.002 -2"><span class='ocrx_word' id='word_1_204' title='bbox 130 1783 167 1837; x_wconf 79' lang='lat' dir='ltr'>Et</span> <span class='ocrx_word' id='word_1_205' title='bbox 182 1782 221 1834; x_wconf 86' lang='lat' dir='ltr'>ita</span> <span class='ocrx_word' id='word_1_206' title='bbox 243 1783 324 1834; x_wconf 84' lang='lat' dir='ltr'>iuret.</span> <span class='ocrx_word' id='word_1_207' title='bbox 976 1819 987 1834; x_wconf 56' lang='lat'>2</span> <span class='ocrx_word' id='word_1_208' title='bbox 1022 1833 1026 1837; x_wconf 93' lang='lat'><em>.</em></span> 
     </span>
    </p>

    <p class='ocr_par' dir='ltr' id='par_1_7' title="bbox 120 1849 1265 1993">
     <span class='ocr_line' id='line_1_23' title="bbox 201 1849 1265 1923; baseline -0.001 -17"><span class='ocrx_word' id='word_1_209' title='bbox 201 1849 332 1906; x_wconf 85' lang='lat' dir='ltr'>Similiter</span> <span class='ocrx_word' id='word_1_210' title='bbox 349 1849 547 1921; x_wconf 81' lang='lat' dir='ltr'>respondeatur</span> <span class='ocrx_word' id='word_1_211' title='bbox 562 1850 592 1902; x_wconf 90' lang='lat' dir='ltr'>in</span> <span class='ocrx_word' id='word_1_212' title='bbox 614 1850 712 1904; x_wconf 86' lang='lat' dir='ltr'>ceteris</span> <span class='ocrx_word' id='word_1_213' title='bbox 734 1851 888 1906; x_wconf 88' lang='lat' dir='ltr'>actionibus</span> <span class='ocrx_word' id='word_1_214' title='bbox 909 1859 1049 1923; x_wconf 83' lang='lat' dir='ltr'>quantuni</span> <span class='ocrx_word' id='word_1_215' title='bbox 1064 1851 1105 1905; x_wconf 87' lang='lat' dir='ltr'>ad</span> <span class='ocrx_word' id='word_1_216' title='bbox 1135 1851 1212 1906; x_wconf 86' lang='lat' dir='ltr'>hanc</span> <span class='ocrx_word' id='word_1_217' title='bbox 1228 1850 1265 1905; x_wconf 87' lang='lat' dir='ltr'>le-</span> 
     </span>
     <span class='ocr_line' id='line_1_24' title="bbox 120 1921 365 1993; baseline -0.016 -17"><span class='ocrx_word' id='word_1_218' title='bbox 120 1941 200 1993; x_wconf 60' lang='lat' dir='ltr'>gem.</span> <span class='ocrx_word' id='word_1_219' title='bbox 238 1923 294 1984; x_wconf 89' lang='lat' dir='ltr'>Vel</span> <span class='ocrx_word' id='word_1_220' title='bbox 317 1921 365 1974; x_wconf 84' lang='lat' dir='ltr'>ita.</span> 
     </span>
    </p>
   </div>
   <div class='ocr_carea' id='block_1_3' title="bbox 213 1999 1263 2218">
    <p class='ocr_par' dir='ltr' id='par_1_8' title="bbox 213 1999 1263 2218">
     <span class='ocr_line' id='line_1_25' title="bbox 330 1999 1055 2120; baseline 0.003 -36"><span class='ocrx_word' id='word_1_221' title='bbox 330 2023 380 2084; x_wconf 88' lang='lat' dir='ltr'>De</span> <span class='ocrx_word' id='word_1_222' title='bbox 395 2045 505 2086; x_wconf 79' lang='lat' dir='ltr'>caussa</span> <span class='ocrx_word' id='word_1_223' title='bbox 529 2045 609 2110; x_wconf 85' lang='lat' dir='ltr'>quae</span> <span class='ocrx_word' id='word_1_224' title='bbox 630 1999 691 2110; x_wconf 72' lang='lat' dir='ltr'>per</span> <span class='ocrx_word' id='word_1_225' title='bbox 712 2047 849 2120; x_wconf 77' lang='lat' dir='ltr'>pugnam</span> <span class='ocrx_word' id='word_1_226' title='bbox 874 2027 1055 2110; x_wconf 79' lang='lat' dir='ltr'>quaeritur.</span> 
     </span>
     <span class='ocr_line' id='line_1_26' title="bbox 213 2130 1263 2218; baseline -0.003 -21"><span class='ocrx_word' id='word_1_227' title='bbox 213 2130 318 2199; x_wconf 75' lang='lat' dir='ltr'><strong>LXX.</strong></span> <span class='ocrx_word' id='word_1_228' title='bbox 359 2130 511 2208; x_wconf 83' lang='lat' dir='ltr'>(XVII.)</span> <span class='ocrx_word' id='word_1_229' title='bbox 552 2131 588 2192; x_wconf 85' lang='lat' dir='ltr'>si</span> <span class='ocrx_word' id='word_1_230' title='bbox 618 2131 691 2213; x_wconf 87' lang='lat' dir='ltr'>quis</span> <span class='ocrx_word' id='word_1_231' title='bbox 721 2133 820 2192; x_wconf 85' lang='lat' dir='ltr'>ulium</span> <span class='ocrx_word' id='word_1_232' title='bbox 851 2142 920 2193; x_wconf 82' lang='lat' dir='ltr'>usto</span> <span class='ocrx_word' id='word_1_233' title='bbox 943 2131 1056 2193; x_wconf 87' lang='lat' dir='ltr'>animo</span> <span class='ocrx_word' id='word_1_234' title='bbox 1079 2133 1263 2218; x_wconf 78' lang='lat' dir='ltr'>compella-</span> 
     </span>
    </p>
   </div>
   <div class='ocr_carea' id='block_1_4' title="bbox 46 2214 1263 4134">
    <p class='ocr_par' dir='ltr' id='par_1_9' title="bbox 46 2214 1263 2884">
     <span class='ocr_line' id='line_1_27' title="bbox 131 2214 1263 2300; baseline 0 -22"><span class='ocrx_word' id='word_1_235' title='bbox 131 2218 218 2284; x_wconf 78' lang='lat' dir='ltr'>verit</span> <span class='ocrx_word' id='word_1_236' title='bbox 240 2217 281 2279; x_wconf 91' lang='lat' dir='ltr'>de</span> <span class='ocrx_word' id='word_1_237' title='bbox 303 2235 426 2298; x_wconf 84' lang='lat' dir='ltr'>pogna,</span> <span class='ocrx_word' id='word_1_238' title='bbox 456 2234 538 2296; x_wconf 86' lang='lat' dir='ltr'>qnae</span> <span class='ocrx_word' id='word_1_239' title='bbox 560 2214 631 2277; x_wconf 86' lang='lat' dir='ltr'>fieri</span> <span class='ocrx_word' id='word_1_240' title='bbox 651 2215 734 2277; x_wconf 87' lang='lat' dir='ltr'>solet</span> <span class='ocrx_word' id='word_1_241' title='bbox 750 2237 809 2298; x_wconf 89' lang='lat' dir='ltr'>per</span> <span class='ocrx_word' id='word_1_242' title='bbox 828 2237 941 2298; x_wconf 81' lang='lat' dir='ltr'>pravus</span> <span class='ocrx_word' id='word_1_243' title='bbox 963 2237 1148 2297; x_wconf 80' lang='lat' dir='ltr'>personas,</span> <span class='ocrx_word' id='word_1_244' title='bbox 1172 2239 1263 2300; x_wconf 82' lang='lat' dir='ltr'>prae·</span> 
     </span>
     <span class='ocr_line' id='line_1_28' title="bbox 131 2297 1261 2381; baseline -0.005 -17"><span class='ocrx_word' id='word_1_245' title='bbox 131 2304 207 2365; x_wconf 85' lang='lat' dir='ltr'>best</span> <span class='ocrx_word' id='word_1_246' title='bbox 229 2308 464 2361; x_wconf 87' lang='lat' dir='ltr'>sacramentum</span> <span class='ocrx_word' id='word_1_247' title='bbox 488 2298 576 2380; x_wconf 89' lang='lat' dir='ltr'>ipse,</span> <span class='ocrx_word' id='word_1_248' title='bbox 608 2299 665 2381; x_wconf 88' lang='lat' dir='ltr'>qni</span> <span class='ocrx_word' id='word_1_249' title='bbox 687 2299 878 2380; x_wconf 83' lang='lat' dir='ltr'>compellat,</span> <span class='ocrx_word' id='word_1_250' title='bbox 909 2297 1008 2373; x_wconf 87' lang='lat' dir='ltr'>solus,</span> <span class='ocrx_word' id='word_1_251' title='bbox 1036 2309 1071 2359; x_wconf 88' lang='lat' dir='ltr'>et</span> <span class='ocrx_word' id='word_1_252' title='bbox 1095 2301 1190 2361; x_wconf 90' lang='lat' dir='ltr'>dicat</span> <span class='ocrx_word' id='word_1_253' title='bbox 1213 2301 1261 2359; x_wconf 90' lang='lat' dir='ltr'>in-</span> 
     </span>
     <span class='ocr_line' id='line_1_29' title="bbox 131 2381 1262 2467; baseline -0.004 -20"><span class='ocrx_word' id='word_1_254' title='bbox 131 2395 231 2462; x_wconf 85' lang='lat' dir='ltr'>ratns,</span> <span class='ocrx_word' id='word_1_255' title='bbox 253 2382 331 2464; x_wconf 88' lang='lat' dir='ltr'>qnia</span> <span class='ocrx_word' id='word_1_256' title='bbox 350 2401 416 2442; x_wconf 90' lang='lat' dir='ltr'>non</span> <span class='ocrx_word' id='word_1_257' title='bbox 442 2390 509 2443; x_wconf 84' lang='lat' dir='ltr'>osto</span> <span class='ocrx_word' id='word_1_258' title='bbox 530 2381 636 2443; x_wconf 88' lang='lat' dir='ltr'>animo</span> <span class='ocrx_word' id='word_1_259' title='bbox 661 2403 736 2442; x_wconf 91' lang='lat' dir='ltr'>enrn</span> <span class='ocrx_word' id='word_1_260' title='bbox 757 2401 817 2464; x_wconf 93' lang='lat' dir='ltr'>per</span> <span class='ocrx_word' id='word_1_261' title='bbox 835 2403 977 2464; x_wconf 80' lang='lat' dir='ltr'>pugnam</span> <span class='ocrx_word' id='word_1_262' title='bbox 994 2381 1141 2464; x_wconf 81' lang='lat' dir='ltr'>fatigare</span> <span class='ocrx_word' id='word_1_263' title='bbox 1165 2404 1262 2467; x_wconf 84' lang='lat' dir='ltr'>qnae-</span> 
     </span>
     <span class='ocr_line' id='line_1_30' title="bbox 133 2463 1260 2548; baseline -0.005 -17"><span class='ocrx_word' id='word_1_264' title='bbox 133 2475 200 2544; x_wconf 87' lang='lat' dir='ltr'>rat,</span> <span class='ocrx_word' id='word_1_265' title='bbox 233 2465 295 2527; x_wconf 88' lang='lat' dir='ltr'>nisi</span> <span class='ocrx_word' id='word_1_266' title='bbox 320 2464 409 2548; x_wconf 89' lang='lat' dir='ltr'>quod</span> <span class='ocrx_word' id='word_1_267' title='bbox 433 2473 552 2524; x_wconf 84' lang='lat' dir='ltr'>certam</span> <span class='ocrx_word' id='word_1_268' title='bbox 581 2463 699 2527; x_wconf 86' lang='lat' dir='ltr'>habeat</span> <span class='ocrx_word' id='word_1_269' title='bbox 723 2465 960 2547; x_wconf 75' lang='lat' dir='ltr'>suspicionem,</span> <span class='ocrx_word' id='word_1_270' title='bbox 996 2465 1069 2526; x_wconf 78' lang='lat' dir='ltr'>sire</span> <span class='ocrx_word' id='word_1_271' title='bbox 1103 2468 1148 2528; x_wconf 89' lang='lat' dir='ltr'>de</span> <span class='ocrx_word' id='word_1_272' title='bbox 1176 2470 1260 2526; x_wconf 85' lang='lat' dir='ltr'>furto</span> 
     </span>
     <span class='ocr_line' id='line_1_31' title="bbox 133 2547 1260 2634; baseline -0.004 -22"><span class='ocrx_word' id='word_1_273' title='bbox 133 2548 255 2626; x_wconf 80' lang='lat' dir='ltr'>fuerit,</span> <span class='ocrx_word' id='word_1_274' title='bbox 287 2547 355 2609; x_wconf 88' lang='lat' dir='ltr'>sive</span> <span class='ocrx_word' id='word_1_275' title='bbox 386 2547 426 2609; x_wconf 93' lang='lat' dir='ltr'>de</span> <span class='ocrx_word' id='word_1_276' title='bbox 449 2547 617 2620; x_wconf 88' lang='lat' dir='ltr'>incendio,</span> <span class='ocrx_word' id='word_1_277' title='bbox 641 2556 697 2608; x_wconf 86' lang='lat' dir='ltr'>unt</span> <span class='ocrx_word' id='word_1_278' title='bbox 719 2548 806 2610; x_wconf 88' lang='lat' dir='ltr'>unde</span> <span class='ocrx_word' id='word_1_279' title='bbox 824 2548 891 2628; x_wconf 84' lang='lat' dir='ltr'>ipsa</span> <span class='ocrx_word' id='word_1_280' title='bbox 912 2548 1129 2630; x_wconf 81' lang='lat' dir='ltr'>compellatio</span> <span class='ocrx_word' id='word_1_281' title='bbox 1148 2549 1260 2634; x_wconf 79' lang='lat' dir='ltr'>egitur.</span> 
     </span>
     <span class='ocr_line' id='line_1_32' title="bbox 134 2629 1258 2714; baseline -0.005 -19"><span class='ocrx_word' id='word_1_282' title='bbox 134 2635 177 2696; x_wconf 87' lang='lat' dir='ltr'>Et</span> <span class='ocrx_word' id='word_1_283' title='bbox 201 2631 228 2693; x_wconf 90' lang='lat' dir='ltr'>si</span> <span class='ocrx_word' id='word_1_284' title='bbox 252 2630 316 2691; x_wconf 85' lang='lat' dir='ltr'>lsoc</span> <span class='ocrx_word' id='word_1_285' title='bbox 338 2630 513 2708; x_wconf 77' lang='lat' dir='ltr'>iuraverit,</span> <span class='ocrx_word' id='word_1_286' title='bbox 538 2639 646 2713; x_wconf 89' lang='lat' dir='ltr'>postea</span> <span class='ocrx_word' id='word_1_287' title='bbox 677 2631 771 2692; x_wconf 75' lang='lat' dir='ltr'>vadat</span> <span class='ocrx_word' id='word_1_288' title='bbox 794 2631 913 2692; x_wconf 87' lang='lat' dir='ltr'>exinde</span> <span class='ocrx_word' id='word_1_289' title='bbox 945 2631 985 2691; x_wconf 84' lang='lat' dir='ltr'>ad</span> <span class='ocrx_word' id='word_1_290' title='bbox 1015 2653 1178 2714; x_wconf 84' lang='lat' dir='ltr'>pugnum.</span> <span class='ocrx_word' id='word_1_291' title='bbox 1227 2629 1258 2690; x_wconf 89' lang='lat' dir='ltr'>Si</span> 
     </span>
     <span class='ocr_line' id='line_1_33' title="bbox 135 2712 1259 2799; baseline -0.003 -23"><span class='ocrx_word' id='word_1_292' title='bbox 135 2723 243 2776; x_wconf 87' lang='lat' dir='ltr'>antem</span> <span class='ocrx_word' id='word_1_293' title='bbox 269 2712 403 2773; x_wconf 88' lang='lat' dir='ltr'>minime</span> <span class='ocrx_word' id='word_1_294' title='bbox 426 2715 531 2774; x_wconf 84' lang='lat' dir='ltr'>iurare</span> <span class='ocrx_word' id='word_1_295' title='bbox 552 2714 800 2796; x_wconf 77' lang='lat' dir='ltr'>praesumserit,</span> <span class='ocrx_word' id='word_1_296' title='bbox 823 2734 889 2773; x_wconf 90' lang='lat' dir='ltr'>non</span> <span class='ocrx_word' id='word_1_297' title='bbox 917 2713 958 2774; x_wconf 88' lang='lat' dir='ltr'>sit</span> <span class='ocrx_word' id='word_1_298' title='bbox 976 2712 1047 2798; x_wconf 89' lang='lat' dir='ltr'>ipsa</span> <span class='ocrx_word' id='word_1_299' title='bbox 1065 2736 1184 2777; x_wconf 83' lang='lat' dir='ltr'>caussa</span> <span class='ocrx_word' id='word_1_300' title='bbox 1204 2733 1259 2799; x_wconf 88' lang='lat' dir='ltr'>per</span> 
     </span>
     <span class='ocr_line' id='line_1_34' title="bbox 46 2795 959 2884; baseline 0.005 -26"><span class='ocrx_word' id='word_1_301' title='bbox 46 2813 51 2826; x_wconf 88' lang='lat'><strong><em>¹</em></strong></span> <span class='ocrx_word' id='word_1_302' title='bbox 134 2817 276 2884; x_wconf 78' lang='lat' dir='ltr'>pugnam</span> <span class='ocrx_word' id='word_1_303' title='bbox 298 2795 437 2856; x_wconf 86' lang='lat' dir='ltr'>iudicatu</span> <span class='ocrx_word' id='word_1_304' title='bbox 463 2806 560 2878; x_wconf 89' lang='lat' dir='ltr'>atque</span> <span class='ocrx_word' id='word_1_305' title='bbox 588 2795 688 2857; x_wconf 87' lang='lat' dir='ltr'>finits.</span> <span class='ocrx_word' id='word_1_306' title='bbox 772 2797 815 2862; x_wconf 93' lang='lat' dir='ltr'>ll.</span> <span class='ocrx_word' id='word_1_307' title='bbox 837 2797 886 2861; x_wconf 85' lang='lat'>55.</span> <span class='ocrx_word' id='word_1_308' title='bbox 913 2795 959 2863; x_wconf 86' lang='lat'>15.</span> 
     </span>
    </p>

    <p class='ocr_par' dir='ltr' id='par_1_10' title="bbox 135 2877 1263 4134">
     <span class='ocr_line' id='line_1_35' title="bbox 218 2877 1258 2960; baseline 0.003 -22"><span class='ocrx_word' id='word_1_309' title='bbox 218 2877 339 2941; x_wconf 71' lang='lat' dir='ltr'>mlxi.</span> <span class='ocrx_word' id='word_1_310' title='bbox 381 2877 547 2954; x_wconf 81' lang='lat' dir='ltr'><strong>(XVIII.)</strong></span> <span class='ocrx_word' id='word_1_311' title='bbox 588 2877 623 2939; x_wconf 90' lang='lat' dir='ltr'>Si</span> <span class='ocrx_word' id='word_1_312' title='bbox 637 2879 710 2960; x_wconf 89' lang='lat' dir='ltr'>quis</span> <span class='ocrx_word' id='word_1_313' title='bbox 721 2879 907 2941; x_wconf 88' lang='lat' dir='ltr'>liberhomo</span> <span class='ocrx_word' id='word_1_314' title='bbox 928 2879 969 2941; x_wconf 87' lang='lat' dir='ltr'>ad</span> <span class='ocrx_word' id='word_1_315' title='bbox 991 2878 1097 2942; x_wconf 88' lang='lat' dir='ltr'>alium</span> <span class='ocrx_word' id='word_1_316' title='bbox 1121 2881 1258 2944; x_wconf 85' lang='lat' dir='ltr'>liberum</span> 
     </span>
     <span class='ocr_line' id='line_1_36' title="bbox 135 2960 1258 3046; baseline 0 -23"><span class='ocrx_word' id='word_1_317' title='bbox 135 2961 300 3023; x_wconf 86' lang='lat' dir='ltr'>hominem</span> <span class='ocrx_word' id='word_1_318' title='bbox 319 2960 492 3024; x_wconf 87' lang='lat' dir='ltr'>consilium</span> <span class='ocrx_word' id='word_1_319' title='bbox 513 2960 640 3023; x_wconf 87' lang='lat' dir='ltr'>dederit</span> <span class='ocrx_word' id='word_1_320' title='bbox 655 2962 695 3024; x_wconf 92' lang='lat' dir='ltr'>de</span> <span class='ocrx_word' id='word_1_321' title='bbox 716 2961 893 3046; x_wconf 86' lang='lat' dir='ltr'>periurare,</span> <span class='ocrx_word' id='word_1_322' title='bbox 914 2972 970 3023; x_wconf 83' lang='lat' dir='ltr'>ant</span> <span class='ocrx_word' id='word_1_323' title='bbox 990 2985 1100 3026; x_wconf 85' lang='lat' dir='ltr'>casam</span> <span class='ocrx_word' id='word_1_324' title='bbox 1122 2965 1258 3027; x_wconf 82' lang='lat' dir='ltr'>alienam</span> 
     </span>
     <span class='ocr_line' id='line_1_37' title="bbox 138 3044 1257 3123; baseline 0.004 -18"><span class='ocrx_word' id='word_1_325' title='bbox 138 3045 327 3123; x_wconf 83' lang='lat' dir='ltr'>incendere,</span> <span class='ocrx_word' id='word_1_326' title='bbox 351 3044 405 3105; x_wconf 89' lang='lat' dir='ltr'>ubi</span> <span class='ocrx_word' id='word_1_327' title='bbox 427 3044 524 3105; x_wconf 90' lang='lat' dir='ltr'>homo</span> <span class='ocrx_word' id='word_1_328' title='bbox 549 3063 622 3105; x_wconf 86' lang='lat' dir='ltr'>curn</span> <span class='ocrx_word' id='word_1_329' title='bbox 647 3044 743 3106; x_wconf 88' lang='lat' dir='ltr'>rebus</span> <span class='ocrx_word' id='word_1_330' title='bbox 769 3046 836 3108; x_wconf 87' lang='lat' dir='ltr'>suis</span> <span class='ocrx_word' id='word_1_331' title='bbox 860 3045 1038 3123; x_wconf 84' lang='lat' dir='ltr'>inhabitat,</span> <span class='ocrx_word' id='word_1_332' title='bbox 1067 3058 1128 3110; x_wconf 86' lang='lat' dir='ltr'>ant</span> <span class='ocrx_word' id='word_1_333' title='bbox 1149 3047 1257 3110; x_wconf 90' lang='lat' dir='ltr'>mulie·</span> 
     </span>
     <span class='ocr_line' id='line_1_38' title="bbox 137 3127 1258 3215; baseline -0.001 -24"><span class='ocrx_word' id='word_1_334' title='bbox 137 3149 207 3191; x_wconf 85' lang='lat' dir='ltr'>rem</span> <span class='ocrx_word' id='word_1_335' title='bbox 229 3128 379 3203; x_wconf 83' lang='lat' dir='ltr'>alienam,</span> <span class='ocrx_word' id='word_1_336' title='bbox 398 3139 455 3189; x_wconf 85' lang='lat' dir='ltr'>aut</span> <span class='ocrx_word' id='word_1_337' title='bbox 476 3127 617 3210; x_wconf 83' lang='lat' dir='ltr'>puellam</span> <span class='ocrx_word' id='word_1_338' title='bbox 633 3128 762 3205; x_wconf 87' lang='lat' dir='ltr'>tollere,</span> <span class='ocrx_word' id='word_1_339' title='bbox 787 3138 842 3190; x_wconf 87' lang='lat' dir='ltr'>aut</span> <span class='ocrx_word' id='word_1_340' title='bbox 862 3149 987 3212; x_wconf 84' lang='lat' dir='ltr'>rapere,</span> <span class='ocrx_word' id='word_1_341' title='bbox 1011 3139 1044 3190; x_wconf 88' lang='lat' dir='ltr'>et</span> <span class='ocrx_word' id='word_1_342' title='bbox 1067 3152 1184 3194; x_wconf 80' lang='lat' dir='ltr'>caussa</span> <span class='ocrx_word' id='word_1_343' title='bbox 1205 3153 1258 3215; x_wconf 86' lang='lat' dir='ltr'>ap-</span> 
     </span>
     <span class='ocr_line' id='line_1_39' title="bbox 138 3210 1257 3296; baseline 0.002 -24"><span class='ocrx_word' id='word_1_344' title='bbox 138 3211 271 3296; x_wconf 81' lang='lat' dir='ltr'>probata</span> <span class='ocrx_word' id='word_1_345' title='bbox 292 3212 413 3288; x_wconf 83' lang='lat' dir='ltr'>fuerit,</span> <span class='ocrx_word' id='word_1_346' title='bbox 440 3221 612 3293; x_wconf 80' lang='lat' dir='ltr'>componat</span> <span class='ocrx_word' id='word_1_347' title='bbox 633 3232 693 3294; x_wconf 90' lang='lat' dir='ltr'>pro</span> <span class='ocrx_word' id='word_1_348' title='bbox 715 3210 833 3274; x_wconf 88' lang='lat' dir='ltr'>illicito</span> <span class='ocrx_word' id='word_1_349' title='bbox 860 3211 1006 3289; x_wconf 86' lang='lat' dir='ltr'>consilio,</span> <span class='ocrx_word' id='word_1_350' title='bbox 1030 3215 1125 3296; x_wconf 90' lang='lat' dir='ltr'>quod</span> <span class='ocrx_word' id='word_1_351' title='bbox 1148 3224 1257 3276; x_wconf 83' lang='lat' dir='ltr'>eontra</span> 
     </span>
     <span class='ocr_line' id='line_1_40' title="bbox 138 3293 1259 3380; baseline 0.003 -26"><span class='ocrx_word' id='word_1_352' title='bbox 138 3293 298 3372; x_wconf 80' lang='lat' dir='ltr'>rationem</span> <span class='ocrx_word' id='word_1_353' title='bbox 320 3293 525 3372; x_wconf 85' lang='lat' dir='ltr'>ministravit,</span> <span class='ocrx_word' id='word_1_354' title='bbox 544 3294 638 3356; x_wconf 86' lang='lat' dir='ltr'>solid.</span> <span class='ocrx_word' id='word_1_355' title='bbox 660 3295 711 3365; x_wconf 90' lang='lat' dir='ltr'>C.;</span> <span class='ocrx_word' id='word_1_356' title='bbox 733 3294 777 3356; x_wconf 87' lang='lat' dir='ltr'>ita</span> <span class='ocrx_word' id='word_1_357' title='bbox 789 3316 865 3356; x_wconf 86' lang='lat' dir='ltr'>sane</span> <span class='ocrx_word' id='word_1_358' title='bbox 888 3304 925 3356; x_wconf 87' lang='lat' dir='ltr'>ut</span> <span class='ocrx_word' id='word_1_359' title='bbox 941 3295 1028 3356; x_wconf 84' lang='lat' dir='ltr'>inter</span> <span class='ocrx_word' id='word_1_360' title='bbox 1042 3298 1103 3358; x_wconf 88' lang='lat' dir='ltr'>ista</span> <span class='ocrx_word' id='word_1_361' title='bbox 1119 3298 1259 3380; x_wconf 88' lang='lat' dir='ltr'>capitula</span> 
     </span>
     <span class='ocr_line' id='line_1_41' title="bbox 138 3376 1256 3464; baseline 0.004 -27"><span class='ocrx_word' id='word_1_362' title='bbox 138 3397 223 3459; x_wconf 87' lang='lat' dir='ltr'>quse</span> <span class='ocrx_word' id='word_1_363' title='bbox 245 3377 404 3451; x_wconf 83' lang='lat' dir='ltr'>diximus,</span> <span class='ocrx_word' id='word_1_364' title='bbox 427 3377 515 3440; x_wconf 87' lang='lat' dir='ltr'>unde</span> <span class='ocrx_word' id='word_1_365' title='bbox 538 3376 727 3461; x_wconf 88' lang='lat' dir='ltr'>compositio</span> <span class='ocrx_word' id='word_1_366' title='bbox 740 3399 799 3460; x_wconf 88' lang='lat' dir='ltr'>per</span> <span class='ocrx_word' id='word_1_367' title='bbox 820 3377 923 3459; x_wconf 89' lang='lat' dir='ltr'>ipsum</span> <span class='ocrx_word' id='word_1_368' title='bbox 945 3378 1050 3457; x_wconf 87' lang='lat' dir='ltr'>datur,</span> <span class='ocrx_word' id='word_1_369' title='bbox 1073 3380 1136 3462; x_wconf 90' lang='lat' dir='ltr'>qui</span> <span class='ocrx_word' id='word_1_370' title='bbox 1156 3383 1256 3464; x_wconf 88' lang='lat' dir='ltr'>ipsum</span> 
     </span>
     <span class='ocr_line' id='line_1_42' title="bbox 139 3460 1256 3544; baseline 0.004 -25"><span class='ocrx_word' id='word_1_371' title='bbox 139 3461 261 3520; x_wconf 86' lang='lat' dir='ltr'>malum</span> <span class='ocrx_word' id='word_1_372' title='bbox 279 3461 368 3539; x_wconf 83' lang='lat' dir='ltr'>fecit,</span> <span class='ocrx_word' id='word_1_373' title='bbox 385 3462 444 3523; x_wconf 89' lang='lat' dir='ltr'>sol.</span> <span class='ocrx_word' id='word_1_374' title='bbox 464 3461 634 3538; x_wconf 88' lang='lat' dir='ltr'>DCCCC.‚</span> <span class='ocrx_word' id='word_1_375' title='bbox 651 3460 719 3544; x_wconf 89' lang='lat' dir='ltr'>ipsc</span> <span class='ocrx_word' id='word_1_376' title='bbox 741 3460 927 3522; x_wconf 80' lang='lat' dir='ltr'>consiliator</span> <span class='ocrx_word' id='word_1_377' title='bbox 944 3473 1122 3544; x_wconf 86' lang='lat' dir='ltr'>componat</span> <span class='ocrx_word' id='word_1_378' title='bbox 1141 3466 1212 3526; x_wconf 49' lang='lat' dir='ltr'>sols</span> <span class='ocrx_word' id='word_1_379' title='bbox 1223 3465 1256 3526; x_wconf 87' lang='lat' dir='ltr'>C&#39;.</span> 
     </span>
     <span class='ocr_line' id='line_1_43' title="bbox 140 3543 1258 3633; baseline 0.004 -29"><span class='ocrx_word' id='word_1_380' title='bbox 140 3543 182 3604; x_wconf 86' lang='lat' dir='ltr'>Et</span> <span class='ocrx_word' id='word_1_381' title='bbox 198 3544 286 3606; x_wconf 87' lang='lat' dir='ltr'>unde</span> <span class='ocrx_word' id='word_1_382' title='bbox 308 3544 497 3628; x_wconf 88' lang='lat' dir='ltr'>compositio</span> <span class='ocrx_word' id='word_1_383' title='bbox 521 3544 558 3604; x_wconf 87' lang='lat' dir='ltr'>fit</span> <span class='ocrx_word' id='word_1_384' title='bbox 576 3545 616 3605; x_wconf 90' lang='lat' dir='ltr'>de</span> <span class='ocrx_word' id='word_1_385' title='bbox 647 3545 705 3610; x_wconf 89' lang='lat' dir='ltr'>sol.</span> <span class='ocrx_word' id='word_1_386' title='bbox 732 3545 843 3621; x_wconf 89' lang='lat' dir='ltr'>CCC.,</span> <span class='ocrx_word' id='word_1_387' title='bbox 862 3543 1060 3607; x_wconf 62' lang='lat' dir='ltr'>»consiliator</span> <span class='ocrx_word' id='word_1_388' title='bbox 1079 3557 1258 3633; x_wconf 73' lang='lat' dir='ltr'>&#39;componat</span> 
     </span>
     <span class='ocr_line' id='line_1_44' title="bbox 141 3625 1257 3714; baseline 0 -22"><span class='ocrx_word' id='word_1_389' title='bbox 141 3625 200 3692; x_wconf 78' lang='lat' dir='ltr'>tol.</span> <span class='ocrx_word' id='word_1_390' title='bbox 215 3629 250 3694; x_wconf 88' lang='lat' dir='ltr'>L.</span> <span class='ocrx_word' id='word_1_391' title='bbox 293 3628 374 3689; x_wconf 90' lang='lat' dir='ltr'>Etsi</span> <span class='ocrx_word' id='word_1_392' title='bbox 388 3629 496 3689; x_wconf 85' lang='lat' dir='ltr'>minus</span> <span class='ocrx_word' id='word_1_393' title='bbox 511 3630 542 3707; x_wconf 77' lang='lat' dir='ltr'>t)</span> <span class='ocrx_word' id='word_1_394' title='bbox 557 3627 596 3688; x_wconf 93' lang='lat' dir='ltr'>de</span> <span class='ocrx_word' id='word_1_395' title='bbox 617 3627 728 3688; x_wconf 91' lang='lat' dir='ltr'>solidis</span> <span class='ocrx_word' id='word_1_396' title='bbox 742 3629 833 3693; x_wconf 87' lang='lat' dir='ltr'>CCC.</span> <span class='ocrx_word' id='word_1_397' title='bbox 850 3627 953 3690; x_wconf 67' lang='lat' dir='ltr'>‘fuerit</span> <span class='ocrx_word' id='word_1_398' title='bbox 969 3628 1036 3712; x_wconf 89' lang='lat' dir='ltr'>ipsa</span> <span class='ocrx_word' id='word_1_399' title='bbox 1052 3631 1257 3714; x_wconf 84' lang='lat' dir='ltr'>compositio,</span> 
     </span>
     <span class='ocr_line' id='line_1_45' title="bbox 141 3709 1259 3794; baseline 0.004 -24"><span class='ocrx_word' id='word_1_400' title='bbox 141 3710 328 3772; x_wconf 86' lang='lat' dir='ltr'>consiliator</span> <span class='ocrx_word' id='word_1_401' title='bbox 356 3720 530 3794; x_wconf 87' lang='lat' dir='ltr'>componat</span> <span class='ocrx_word' id='word_1_402' title='bbox 550 3709 608 3776; x_wconf 76' lang='lat' dir='ltr'>sol.</span> <span class='ocrx_word' id='word_1_403' title='bbox 626 3709 693 3770; x_wconf 88' lang='lat' dir='ltr'>XL.</span> <span class='ocrx_word' id='word_1_404' title='bbox 725 3709 830 3772; x_wconf 88' lang='lat' dir='ltr'>minus</span> <span class='ocrx_word' id='word_1_405' title='bbox 854 3731 949 3772; x_wconf 84' lang='lat' dir='ltr'>non:</span> <span class='ocrx_word' id='word_1_406' title='bbox 980 3713 1193 3776; x_wconf 86' lang='lat' dir='ltr'>medietatem</span> <span class='ocrx_word' id='word_1_407' title='bbox 1221 3736 1259 3775; x_wconf 86' lang='lat' dir='ltr'>ex</span> 
     </span>
     <span class='ocr_line' id='line_1_46' title="bbox 142 3792 1260 3878; baseline 0.004 -26"><span class='ocrx_word' id='word_1_408' title='bbox 142 3792 291 3856; x_wconf 87' lang='lat' dir='ltr'>omnibus</span> <span class='ocrx_word' id='word_1_409' title='bbox 311 3792 533 3876; x_wconf 80' lang='lat' dir='ltr'>suprascriptis</span> <span class='ocrx_word' id='word_1_410' title='bbox 558 3792 707 3876; x_wconf 83' lang='lat' dir='ltr'>capitulis</span> <span class='ocrx_word' id='word_1_411' title='bbox 732 3793 767 3853; x_wconf 90' lang='lat' dir='ltr'>in</span> <span class='ocrx_word' id='word_1_412' title='bbox 788 3793 907 3877; x_wconf 88' lang='lat' dir='ltr'>palatio</span> <span class='ocrx_word' id='word_1_413' title='bbox 926 3795 1023 3878; x_wconf 85' lang='lat' dir='ltr'>regis,</span> <span class='ocrx_word' id='word_1_414' title='bbox 1045 3806 1079 3857; x_wconf 89' lang='lat' dir='ltr'>et</span> <span class='ocrx_word' id='word_1_415' title='bbox 1099 3799 1260 3860; x_wconf 85' lang='lat' dir='ltr'>medieta-</span> 
     </span>
     <span class='ocr_line' id='line_1_47' title="bbox 142 3874 1261 3964; baseline 0.004 -28"><span class='ocrx_word' id='word_1_416' title='bbox 142 3885 208 3938; x_wconf 86' lang='lat' dir='ltr'>tem</span> <span class='ocrx_word' id='word_1_417' title='bbox 229 3875 321 3938; x_wconf 89' lang='lat' dir='ltr'>euius</span> <span class='ocrx_word' id='word_1_418' title='bbox 345 3897 456 3937; x_wconf 82' lang='lat' dir='ltr'>caussa</span> <span class='ocrx_word' id='word_1_419' title='bbox 477 3874 585 3936; x_wconf 87' lang='lat' dir='ltr'>fuerit.</span> <span class='ocrx_word' id='word_1_420' title='bbox 627 3877 672 3937; x_wconf 87' lang='lat' dir='ltr'>Et</span> <span class='ocrx_word' id='word_1_421' title='bbox 695 3874 721 3937; x_wconf 90' lang='lat' dir='ltr'>si</span> <span class='ocrx_word' id='word_1_422' title='bbox 739 3876 806 3959; x_wconf 89' lang='lat' dir='ltr'>ipse</span> <span class='ocrx_word' id='word_1_423' title='bbox 831 3878 871 3938; x_wconf 89' lang='lat' dir='ltr'>de</span> <span class='ocrx_word' id='word_1_424' title='bbox 901 3877 966 3958; x_wconf 79' lang='lat' dir='ltr'>quo</span> <span class='ocrx_word' id='word_1_425' title='bbox 989 3878 1139 3958; x_wconf 84' lang='lat' dir='ltr'>dicitnr,</span> <span class='ocrx_word' id='word_1_426' title='bbox 1172 3880 1261 3964; x_wconf 88' lang='lat' dir='ltr'>quod</span> 
     </span>
     <span class='ocr_line' id='line_1_48' title="bbox 142 3958 1262 4043; baseline 0.005 -24"><span class='ocrx_word' id='word_1_427' title='bbox 142 3959 202 4020; x_wconf 85' lang='lat' dir='ltr'>ista</span> <span class='ocrx_word' id='word_1_428' title='bbox 231 3959 314 4020; x_wconf 84' lang='lat' dir='ltr'>mala</span> <span class='ocrx_word' id='word_1_429' title='bbox 339 3958 526 4020; x_wconf 81' lang='lat' dir='ltr'>consiliatus</span> <span class='ocrx_word' id='word_1_430' title='bbox 548 3958 658 4034; x_wconf 86' lang='lat' dir='ltr'>fuerit,</span> <span class='ocrx_word' id='word_1_431' title='bbox 682 3967 789 4021; x_wconf 83' lang='lat' dir='ltr'>vetare</span> <span class='ocrx_word' id='word_1_432' title='bbox 811 3960 964 4038; x_wconf 84' lang='lat' dir='ltr'>voluerit,</span> <span class='ocrx_word' id='word_1_433' title='bbox 984 3963 1075 4043; x_wconf 91' lang='lat' dir='ltr'>quod</span> <span class='ocrx_word' id='word_1_434' title='bbox 1089 3966 1159 4027; x_wconf 81' lang='lat' dir='ltr'>tale</span> <span class='ocrx_word' id='word_1_435' title='bbox 1182 3987 1262 4028; x_wconf 91' lang='lat' dir='ltr'>con·</span> 
     </span>
     <span class='ocr_line' id='line_1_49' title="bbox 143 4040 1263 4134; baseline 0.006 -31"><span class='ocrx_word' id='word_1_436' title='bbox 143 4042 254 4104; x_wconf 88' lang='lat' dir='ltr'>silium</span> <span class='ocrx_word' id='word_1_437' title='bbox 280 4061 347 4102; x_wconf 91' lang='lat' dir='ltr'>non</span> <span class='ocrx_word' id='word_1_438' title='bbox 375 4040 535 4118; x_wconf 87' lang='lat' dir='ltr'>dedisset,</span> <span class='ocrx_word' id='word_1_439' title='bbox 569 4040 722 4123; x_wconf 80' lang='lat' dir='ltr'>praebent</span> <span class='ocrx_word' id='word_1_440' title='bbox 749 4053 982 4106; x_wconf 86' lang='lat' dir='ltr'>sacramentum</span> <span class='ocrx_word' id='word_1_441' title='bbox 1001 4066 1079 4109; x_wconf 90' lang='lat' dir='ltr'>cum</span> <span class='ocrx_word' id='word_1_442' title='bbox 1104 4046 1263 4134; x_wconf 85' lang='lat' dir='ltr'>legitimis</span> 
     </span>
    </p>
   </div>
   <div class='ocr_carea' id='block_1_5' title="bbox 214 4212 728 4289">
    <p class='ocr_par' dir='ltr' id='par_1_11' title="bbox 214 4212 728 4289">
     <span class='ocr_line' id='line_1_50' title="bbox 214 4212 728 4289; baseline -0.004 -19"><span class='ocrx_word' id='word_1_443' title='bbox 214 4212 371 4289; x_wconf 77' lang='lat' dir='ltr'>t)11erol‹t</span> <span class='ocrx_word' id='word_1_444' title='bbox 392 4215 432 4268; x_wconf 72' lang='lat' dir='ltr'>Er</span> <span class='ocrx_word' id='word_1_445' title='bbox 450 4216 475 4268; x_wconf 77' lang='lat' dir='ltr'>n·</span> <span class='ocrx_word' id='word_1_446' title='bbox 492 4217 524 4270; x_wconf 82' lang='lat' dir='ltr'>in</span> <span class='ocrx_word' id='word_1_447' title='bbox 543 4217 613 4271; x_wconf 79' lang='lat' dir='ltr'>Pois</span> <span class='ocrx_word' id='word_1_448' title='bbox 629 4215 728 4269; x_wconf 79' lang='lat' dir='ltr'>minus.</span> 
     </span>
    </p>
   </div>
   <div class='ocr_carea' id='block_1_6' title="bbox 0 0 1336 4822">
    <p class='ocr_par' dir='ltr' id='par_1_12' title="bbox 0 0 1336 4822">
     <span class='ocr_line' id='line_1_51' title="bbox 0 0 1336 4822; baseline 0 0"><span class='ocrx_word' id='word_1_449' title='bbox 0 0 1336 4822; x_wconf 95' lang='lat' dir='ltr'> </span> 
     </span>
    </p>
   </div>
  </div>
 </body>
</html>
