2640 4838
478 267 646 326 coturnos
670 265 847 326 noraatna
1145 255 1218 331 ttt

99 416 266 484 hominem
293 407 585 494 comprehendens.
601 409 749 484 ,soluerit
777 409 818 472 ab
846 409 917 496 ipso
947 409 1218 496 ocnisusufaenit,

99 525 163 567 nec
184 504 253 585 ipse
279 497 477 578 requiratur.
560 494 658 571 145,
685 496 729 560 13⁸

112 613 114 620 ’
165 603 250 645 ΝΜ·
286 576 712 646 Pareteappnlmmaffinm,
740 575 817 648 qaod
839 577 963 632 Donatus
979 595 1045 630 suus
1066 593 1221 633 semusto-

100 656 178 710 lebat
196 656 289 721 fugere
312 650 383 700 foras
401 647 580 716 prouinciam,
601 657 650 699 aut
668 665 739 714 uuus
759 648 848 712 latro,
870 647 918 717 qui
936 645 1063 700 hahebat
1076 649 1128 702 sibi
1147 648 1222 706 furna

99 732 128 780 tu
146 732 225 780 tanta
243 721 372 780 mobilia,
399 735 470 786 quae
488 717 619 769 valebant
637 717 685 770 sol.
705 718 735 769 C.
757 727 784 770 et
809 729 840 770 tu
861 735 923 769 eum
949 717 1124 786 prehendisti.
1176 721 1221 783 De

98 806 182 851 torto.
219 794 247 847 Si
276 787 390 842 dixerit:
417 787 612 856 comprehendi
631 804 680 854 ego
697 787 787 850 illum,
812 788 860 839 scd
876 786 961 852 fugit:
986 790 1067 850 iuret,
1087 789 1220 842 slentlex

99 869 179 920 dicit.
216 864 245 915 Si
264 857 400 914 discordia
418 857 554 911 fueritde
572 857 663 921 rebus,
689 875 758 928 quas
776 875 869 911 secum
887 856 1017 927 portabat
1026 869 1039 924 ,a
1064 857 1098 922 de
1118 869 1223 931 quanto

100 935 268 996 manifestat,
286 930 401 993 reddam
432 938 460 980 et
476 927 549 982 iuret
567 928 642 998 quod
659 928 721 996 pins
741 929 925 983 nontuerint.
979 953 981 957 ·
1091 935 1093 938 ·
1124 977 1128 985 Ι
1177 983 1180 995 ⁸
1214 970 1217 978 .

170 1008 250 1059 Ρθῑῑθ
268 1012 296 1054 ῐθ
315 999 438 1071 appellat
455 997 598 1060 Martinus.
620 999 696 1068 qnod
714 1008 744 1052 tu
766 999 892 1066 occidisti
910 1001 1050 1062 Donatum
1068 1017 1148 1067 apum
1167 1017 1223 1052 scr-

99 1094 175 1138 vum·
209 1072 272 1127 Nun-
290 1067 391 1147 occidi,
414 1067 489 1140 qnod
507 1069 555 1142 per
573 1069 661 1134 legem
681 1069 829 1122 emendare
849 1068 987 1124 debeam'
1139 1067 1140 1070 ’
1182 1073 1184 1080 ’

198 1171 248 1232 Dc
270 1165 455 1244 Pprta'nura'o
478 1165 534 1246 quai
558 1163 807 1249 superflumino
824 1179 958 1249 portum,
976 1156 1131 1258 custodit,
1295 1246 1296 1250 Ἰ

163 1246 346 1326 CCXXX.
389 1245 424 1322 Si
446 1247 519 1330 quis
542 1247 773 1318 Portunarinm
794 1247 973 1334 pulsaverit
985 1293 996 1330 ,
1017 1249 1107 1330 qnod
1128 1247 1185 1334 fug
1206 1281 1223 1300 ·

98 1359 170 1401 cem
190 1333 359 1400 hominem
382 1340 437 1398 aut
457 1331 564 1393 sarem
584 1331 852 1415 transposuisset,
879 1343 912 1394 et
931 1331 1138 1414 portanarius
1162 1353 1222 1404 ne·

97 1418 237 1506 gaverit,
269 1415 315 1477 ita
348 1413 576 1492 decernimus,
613 1423 649 1474 nt
672 1414 828 1496 praebeat
849 1426 1085 1478 sacramentum
1113 1413 1221 1490 solus,

96 1503 186 1586 quod
205 1498 250 1560 «ad
271 1494 507 1560 conscientiam
528 1494 628 1578 ipsius
650 1517 716 1558 non
739 1497 962 1580 pervenisset,
995 1495 1086 1582 qnod
1106 1497 1220 1580 fugitis

73 1604 173 1664 ,vum
194 1581 373 1727 hominem5
390 1587 447 1740 2υὲ
470 1579 578 1641 furem
606 1579 872 1664 transposnisset,
893 1589 925 1644 et
947 1580 990 1643 sit
1010 1579 1217 1642 absolutusa

97 1668 203 1732 cula.
282 1669 457 1730 1.2.1.
723 1695 726 1700 ·
908 1687 930 1700 ··

153 1692 365 1816 PCCLXXI.
409 1745 444 1806 Si
466 1742 674 1830 portanarius
689 1746 794 1828 furem
808 1743 975 1828 hominem
993 1746 1106 1810 sciens
1119 1755 1224 1808 trans·

97 1831 245 1918 posuerit
274 1852 349 1893 cum
377 1825 487 1911 atique
516 1850 551 1890 re
581 1829 725 1908 furtiva,
758 1830 884 1914 collega
909 1831 990 1892 furis
1015 1829 1068 1907 sit,
1092 1832 1125 1890 et
1147 1849 1221 1904 oum

98 1938 138 1978 co
159 1914 266 1996 ipsam
285 1914 411 1974 furtum
430 1920 625 1992 componat,
656 1920 795 1996 ¹excepto
819 1913 910 1996 quod
931 1913 975 1976 sit
992 1903 1164 1996 culpabilis
1185 1907 1221 1972 in

97 1997 221 2083 palatio
239 1995 336 2078 Regis
357 1993 478 2058 solidos
499 1995 569 2062 XX.
655 1995 681 2063 l.
703 1997 752 2060 25.
779 1995 825 2062 25.
1057 2057 1061 2064 ,
1214 2052 1217 2061 ,

182 2077 379 2144 CCLXXII.
422 2077 457 2138 Si
479 2077 689 2158 portanarins
703 2079 901 2162 mancipium
922 2075 1220 2162 fugitivnmsciens

97 2160 342 2246 transposuerit,
364 2159 391 2222 si
413 2159 584 2243 probatum
605 2161 705 2224 fuerit
725 2163 893 2244 perquirat
914 2185 1007 2239 enan,
1033 2170 1067 2222 et
1086 2161 1221 2244 proprio

97 2246 230 2308 domino
251 2267 327 2308 cam
347 2242 456 2322 rebus,
478 2265 560 2325 quas
582 2267 694 2308 secum
715 2246 888 2324 detulerit,
917 2245 1077 2321 restituat.
1127 2243 1217 2306 Etsi

96 2329 165 2412 ipse
193 2329 293 2411 fugax
313 2325 393 2388 alibi
417 2327 710 2410 transmigraverit,
746 2337 782 2389 ut
809 2349 875 2393 non
903 2327 1113 2408 inveniatur,
1136 2335 1217 2397 tune

96 2411 253 2494 portitor,
276 2411 381 2494 ipsum
402 2409 598 2492 mancipium
619 2412 715 2474 simul
737 2421 845 2490 etres,
867 2432 1078 2496 qnassecum
1090 2406 1220 2478 detula-

96 2495 152 2572 rit,
168 2494 358 2576 ‚ds'quanto
379 2513 474 2554 ausus
493 2493 594 2558 fuerit
613 2494 732 2574 iurare,
754 2493 811 2578 qui
836 2494 996 2580 perdidit,
1033 2493 1065 2558 ei
1087 2493 1126 2556 ab
1147 2493 1219 2576 ipso

96 2577 154 2660 qui
177 2577 282 2639 sciens
304 2575 551 2659 transposuerit,
571 2579 750 2640 reddantur
768 2575 828 2640 sub
850 2577 1075 2653 aestimatione
1096 2575 1218 2660 pretii,

96 2669 233 2743 excepto
257 2681 316 2742 pro
336 2659 432 2742 culpa
453 2669 625 2742 componat
652 2661 721 2744 ipsc
740 2661 950 2746 portanarius
971 2659 1007 2726 in
1035 2669 1127 2748 cutte
1152 2661 1219 2722 Re-

99 2743 147 2826 gis
167 2743 290 2804 solidos
311 2741 385 2808 XX.
470 2743 495 2809 Ι.
517 2742 567 2806 25.
595 2743 640 2810 16.
684 2748 688 2752 '

180 2825 389 2892 CCLXXllt.
438 2825 473 2886 Si
500 2827 707 2911 portanarius
738 2824 907 2890 hominem
935 2826 1077 2889 liberum
1110 2822 1217 2887 sciens

94 2907 338 2992 transposuerit
349 2910 508 2992 fugacem,
521 2919 553 2971 et
571 2909 763 2992 cognoverit
783 2911 872 2992 quod
892 2907 1004 2994 iugari
1015 2909 1074 2987 e'st,
1090 2908 1217 2970 animae

94 2997 171 3054 suae
194 2991 339 3052 incurrat
359 2991 553 3075 periculum,
566 3003 621 3053 aut
641 3002 812 3075 componat
831 2993 988 3076 widrigitt
1007 3010 1116 3054 annm:
1139 2987 1217 3075 qnia

95 3081 266 3157 postquam
286 3073 449 3170 cognorit,
471 3076 561 3158 quod
582 3077 680 3158 fugax
702 3084 779 3152 arat,
795 3074 820 3137 si
838 3097 913 3137 eum
934 3085 1047 3137 tenere
1070 3095 1137 3134 non
1161 3093 1218 3156 po-

95 3153 208 3233 tnerit,
230 3175 305 3215 mox
330 3167 544 3235 innotescere,
567 3169 622 3220 aut
643 3168 851 3220 antecurrere
879 3157 1002 3224 debuit.
1044 3155 1143 3236 1·.²5·
1170 3173 1216 3236 ¹7·

155 3235 388 3300 'cetexxltt
433 3241 467 3301 Si
504 3240 701 3324 mancipium
737 3240 971 3323 cuiuscumque
1008 3246 1080 3324 post
1115 3236 1218 3298 alinna

95 3319 264 3382 hominem
283 3321 414 3404 fugerit,
438 3332 470 3382 et
491 3323 640 3385 dominus
667 3333 796 3386 secutus
818 3322 1019 3400 invitaverit,
1036 3333 1079 3386 ¹ut
1100 3321 1134 3380 in
1162 3339 1217 3403 pu-

96 3420 136 3465 ce
156 3403 313 3466 reddatur
334 3413 367 3464 et
389 3404 421 3463 iu
446 3406 557 3487 gratia,
578 3415 610 3467 et
631 3405 657 3466 si
679 3405 712 3465 in
744 3425 823 3490 pace
850 3407 1015 3468 redditum
1034 3403 1150 3482 fuerit,
1184 3411 1217 3465 et

95 3493 207 3570 postea
228 3485 379 3549 dominns
401 3509 460 3570 pro
487 3488 555 3573 ipsa
579 3489 674 3574 culpa
695 3488 729 3546 iu
758 3509 833 3548 enm
861 3484 1038 3551 vindictam
1066 3485 1215 3565 dederitt

96 3580 269 3651 componat
290 3569 408 3631 solidas
429 3571 500 3632 XX.
523 3570 584 3650 illi,
607 3572 647 3633 de
669 3571 760 3632 cuins
783 3569 875 3632 curte
894 3571 929 3633 id
950 3571 1072 3644 tulerit.
1123 3569 1216 3632 Etsi

97 3650 319 3734 denegaverit,
341 3653 431 3734 quod
453 3653 487 3714 in
509 3675 583 3714 eum
601 3654 777 3717 vindictam
799 3673 864 3713 nou
887 3653 1039 3731 dedisset,
1063 3645 1216 3736 praeia'cdt

96 3745 331 3796 sacramentum
352 3735 439 3798 solus
460 3736 530 3798 siue
552 3737 623 3800 aliis
650 3735 933 3815 sacramentalibus
960 3733 1213 3820 ad1Evangeliat

96 3825 130 3878 et
151 3819 192 3878 sit
214 3817 378 3880 absolutus
401 3820 544 3903 aculpa.
625 3819 722 3885 1.25.
749 3820 795 3884 18.
912 3843 948 3852 ··
1096 3848 1100 3900 '.
1144 3814 1208 3892 {fn

179 3897 363 3965 chxxv.
406 3902 440 3964 Si
461 3904 538 3981 itte,
559 3912 750 3985 postquem
777 3900 976 3996 mancipium
998 3903 1141 3967 altanum
1154 3901 1214 3962 ‘snt

94 3979 203 4064 gerit,
243 3992 276 4045 et
304 3983 412 4046 noluit
443 3986 479 4048 id
514 3986 653 4049 reddere
686 3994 759 4061 post
794 3986 971 4049 secundam
1018 3981 1214 4050 astantiam

94 4066 365 4128 contestationem
381 4067 513 4132 domino
533 4091 603 4147 suo,
624 4079 703 4140 tnnc
725 4069 918 4134 constrictus
937 4067 1213 4152 restituatdptssttl

93 4147 305 4234 mancipium,
328 4157 361 4212 et
381 4151 472 4218 aliud
492 4151 607 4216 simile·
622 4152 682 4218 sub
708 4152 931 4230 aestimatione
956 4152 1213 4241 pretjiffiompo·

96 4239 162 4295 nat.
244 4233 272 4299 1.
294 4233 343 4302 25.
371 4255 416 4318 ¹9·
1105 4273 1155 4305 ..nu
