2632 4822
133 265 206 344 778
416 285 637 345 srorrnsnm
663 286 789 343 saonis
823 288 889 348 ars.
904 293 954 348 vr.

127 437 196 507 set,
223 435 254 490 et
267 425 302 488 'si
323 447 382 512 per
399 426 510 492 XXX.
530 449 650 507 annos,
672 437 727 490 aut
749 449 846 513 supra
868 429 1028 514 possessio
1052 429 1114 492 ista
1133 429 1249 510 suerit,

129 531 195 571 nou
236 509 352 573 habeat
388 510 540 572 adversus
576 532 669 590 eum,
704 511 762 593 qui
793 514 951 594 possedit,
980 513 1177 574 facundiam
1201 514 1249 574 lo·
1302 515 1304 540 *

129 593 275 676 quendi,
307 553 382 654 euin
403 593 583 654 munimine
611 593 699 675 ipso,
721 595 810 675 quod
831 596 1001 657 ostendere
1026 597 1185 656 videtur:
1205 596 1250 655 ni-

127 678 154 738 si
183 675 271 759 ipse,
299 676 436 759 qni'per
463 675 564 737 XXX.
585 695 686 737 anuos
708 677 869 759 possedit,
900 678 1038 737 firmiter
1066 677 1248 761 possideat,

126 759 203 841 quia
231 757 478 840 gloriosissimus
498 757 704 820 Grimoaldus
725 759 795 820 Rex
824 779 883 843 per
911 757 1023 825 XXX.
1063 782 1171 822 annos
1197 761 1248 820 in·

125 843 269 903 stitutum
296 839 395 900 habet
419 839 661 923 possessionem.
693 909 696 916 Ι
724 840 804 902 Nam
833 841 859 902 si
892 840 977 902 iutra
1007 841 1113 903 XXX.
1147 863 1247 905 annos

123 924 281 1007 possessio
307 921 368 983 ista
387 922 506 1002 fuerit,
534 931 723 1006 potestatem
747 922 864 986 habeut
883 946 958 986 enm
978 925 1166 988 munimine
1189 949 1246 988 suo

125 1005 257 1067 dicendi
282 1005 370 1088 quod
395 1003 553 1083 voluerit,
581 1013 613 1067 et
634 1006 702 1088 ipse
722 1006 780 1090 qni
809 1007 970 1092 possedit,
1001 1008 1034 1070 ei
1062 1009 1244 1071 seeundum

124 1087 278 1152 Edictum
303 1087 505 1170 respondeat.
549 1086 593 1149 11.
615 1088 664 1151 55.
685 1086 715 1148 6.

192 1188 272 1224 sonu.
291 1172 369 1223 Petre
379 1178 408 1222 te
428 1169 699 1240 appeliatidartinns,
719 1169 833 1241 quodtu
845 1178 922 1225 tenes
933 1169 984 1224 sibi
995 1171 1069 1225 mulo
1080 1171 1181 1226 ordine
1193 1181 1244 1226 ter-

122 1255 180 1292 rum
194 1240 224 1292 in
240 1240 289 1296 tuli
307 1240 441 1308 ioeodpsn
451 1249 521 1292 terra
534 1257 584 1307 ego
595 1239 687 1293 habeo
700 1257 846 1310 possessam
862 1260 911 1312 per
925 1243 1004 1296 XXX.
1025 1259 1124 1296 annos.
1144 1245 1179 1296 Et
1195 1243 1243 1296 tibi

127 1310 195 1381 quid
218 1309 357 1380 pertinet?
383 1311 433 1362 Per
454 1310 751 1372 emendassent..
787 1319 816 1364 et
839 1329 905 1365 eece
923 1322 1005 1366 carta
1043 1314 1141 1383 Quare
1157 1313 1245 1368 tacui-

25 1395 28 1400 ·
58 1406 63 1417 ·
123 1382 159 1432 sti
182 1398 231 1450 ρετ
248 1392 339 1435 tantos
356 1379 462 1432 annosi
505 1382 561 1446 Ego
577 1379 663 1434 habui
679 1381 814 1452 perditam
833 1381 911 1434 istam
936 1392 1047 1435 cartam
1085 1383 1167 1436 Iuret
1187 1384 1246 1452 ipse

126 1450 174 1520 qui
192 1460 284 1516 tenet,
315 1467 391 1502 suam
419 1451 624 1521 possessionem.
667 1451 711 1504 'Si
731 1449 807 1520 ipse,
839 1452 888 1522 qui
909 1461 1004 1517 tenet,
1033 1470 1092 1506 non
1116 1452 1243 1506 habuerit

123 1538 272 1591 possessam
290 1529 388 1574 terram
429 1539 458 1573 ετ
479 1521 562 1576 XXX.
582 1537 685 1586 annos,
710 1519 785 1575 dicat
801 1537 863 1576 cum
885 1540 936 1575 sua
959 1532 1036 1578 carta
1058 1521 1132 1596 quid
1148 1525 1246 1581 volu&

126 1591 162 1644 rit
182 1591 240 1662 ipse
265 1591 313 1661 qui
341 1539 470 1660 appeiiat.

196 1662 230 1712 Et
251 1662 302 1713 hoe
319 1677 477 1729 responsum
494 1660 645 1714 seeundum
663 1673 758 1724 segnes
781 1665 829 1712 est.
874 1657 994 1715 sedita

194 1731 271 1783 Petre
292 1739 322 1782 te
341 1731 463 1800 appellet
479 1733 622 1795 Martinus,
656 1729 731 1799 quod
748 1738 838 1792 terra,
874 1747 947 1799 qnae
970 1729 1070 1786 intuli
1094 1731 1163 1784 loco
1182 1736 1244 1791 est,

124 1815 207 1871 quam
223 1809 255 1853 tu
272 1801 409 1871 possides,
437 1819 486 1856 suu
509 1810 566 1865 ert,
585 1810 614 1855 et
629 1807 661 1852 tu
680 1817 740 1852 eam
758 1799 810 1852 sibi
828 1801 980 1854 contendis.
1020 1801 1098 1872 Quid
1126 1801 1162 1854 ad
1181 1817 1245 1852 eum

122 1870 265 1942 pertinet?
292 1873 343 1924 Per
360 1871 509 1940 seriptum,
545 1871 620 1942 quod
637 1878 716 1940 pater
737 1873 876 1922 lohannes
896 1888 973 1924 socer
992 1879 1058 1924 tuus
1083 1871 1154 1926 feeit
1180 1869 1242 1922 sibi.

124 1940 202 1993 iliud
219 1941 350 2012 seriptum
368 1941 439 1994 nihil
461 1942 485 1994 ei
509 1952 610 2004 nocet,
639 1940 705 2009 quia
730 1957 779 2011 per
799 1939 878 1992 XXX.
897 1959 982 1994 annos
1005 1943 1131 2011 possedit
1148 1960 1183 1993 eo
1200 1949 1243 1992 ta-

123 2019 213 2064 cente.
247 2013 318 2064 Vere
340 2012 429 2064 tacuit
448 2031 500 2094 per
517 2013 597 2064 XXX.
627 2027 729 2071 annos,
757 2010 821 2080 quia
847 2011 977 2082 seriptum
1005 2029 1086 2063 suum
1113 2011 1243 2062 absenta-

123 2089 184 2133 tum
208 2080 273 2134 erit.
309 2081 412 2133 Tamen
427 2083 498 2134 nihil
516 2081 541 2134 ei
558 2098 659 2134 nocere
675 2089 775 2150 potest,
795 2080 861 2151 quia
874 2099 923 2152 per
939 2080 1052 2151 triginta
1075 2099 1159 2133 anuos
1173 2097 1243 2151 pos-

123 2150 209 2215 sedit,
239 2151 424 2222 praecipiente
442 2154 501 2219 lege
520 2153 555 2204 de
573 2152 626 2204 hae
644 2151 821 2221 pussessione.
1217 2149 1220 2156 ⁴

208 2223 274 2285 LV.
316 2224 394 2297 (il.)
435 2223 470 2285 Si
490 2224 563 2306 quis
584 2243 712 2283 servum
733 2242 827 2280 suum
856 2218 988 2281 fulfreal
1016 2217 1241 2302 thingsrcrit,

123 2311 156 2364 et
182 2303 300 2364 smnnd
329 2327 346 2366 a
377 2327 410 2368 se
442 2306 577 2384 feeerit,
612 2304 666 2367 rel
700 2323 905 2386 quocumque
937 2303 1035 2366 modo
1062 2324 1137 2363 enm
1160 2321 1241 2362 ase

124 2385 315 2463 absoiverit,
348 2387 382 2448 in
406 2410 503 2450 mauu
526 2385 622 2471 Regis
646 2387 767 2462 d‘audo,
791 2393 845 2446 ant
866 2387 899 2446 iu
925 2385 1062 2446 ecclesia
1084 2385 1172 2445 cirea
1188 2383 1239 2443 al·

121 2476 191 2528 tare
229 2469 378 2532 ducendo
417 2482 449 2533 et
474 2479 582 2553 postea
615 2469 683 2550 ipse
715 2467 850 2529 tibertus
877 2468 1078 2530 voluntatem
1113 2465 1240 2529 domini

121 2551 171 2612 sui
195 2551 329 2624 feeerit,
352 2555 558 2615 manifestare
577 2552 692 2614 debeat
714 2552 781 2633 ipse
803 2551 939 2612 libertus
976 2550 1162 2611 libertatem
1189 2571 1240 2609 su-

121 2655 173 2692 am
208 2635 335 2716 saepius
361 2637 459 2697 iudici
488 2646 544 2697 ant
574 2635 615 2695 ud
649 2632 774 2694 ricinos
806 2655 899 2710 suos,
939 2633 1029 2713 quod
1058 2633 1145 2693 liber
1181 2632 1239 2692 ab·

123 2716 248 2777 solutus
278 2737 346 2777 esse
381 2717 520 2784 ridetur.
571 2718 615 2778 Et
642 2725 751 2799 postea
783 2717 877 2776 nuiio
907 2723 1051 2796 tempore
1079 2714 1150 2796 ipse
1181 2737 1241 2797 pa-

122 2805 255 2874 tronus,
294 2809 348 2858 aut
376 2800 471 2861 heres
500 2801 585 2876 eius,
616 2808 727 2860 eontra
759 2819 850 2872 eum,
883 2797 939 2879 qui
973 2797 1145 2858 libertatus
1167 2809 1242 2876 est,

124 2880 310 2962 quaerelam
329 2883 427 2962 possit
449 2903 599 2960 movere,
627 2879 775 2955 dicendo,
795 2879 882 2961 quod
904 2879 934 2941 ei
955 2879 1071 2940 debeat
1097 2881 1240 2957 servire,

145 2983 182 3023 ro
206 2965 354 3045 eoquod
383 2986 439 3027 sua
460 2976 572 3046 sponte
602 2987 660 3046 pro
686 2961 846 3024 beneficio
868 2962 907 3022 de
937 2961 1072 3023 domino
1097 2985 1158 3023 suo
1184 2986 1241 3024 vo-

121 2985 281 3189 iuntatem
311 3047 380 3108 eius
398 3047 537 3109 fecerat:
563 3049 621 3109 sed
644 3041 735 3107 firma
755 3043 785 3105 ei
808 3065 865 3106 sua
885 3054 1072 3128 permaneat
1093 3045 1243 3108 tibertus.

202 3129 289 3272 liVi.
331 3210 421 3292 (III.)
460 3211 494 3273 Si
524 3210 597 3293 quis
633 3209 734 3271 aiinm
765 3207 805 3270 de
841 3209 927 3271 furto
962 3209 1157 3294 pulsaverit,
1207 3219 1243 3272 et

39 3343 44 3350 .
121 3311 183 3372 per
216 3316 358 3377 pugnam
388 3317 463 3357 enm
490 3294 623 3372 vicerit,
660 3303 716 3354 aut
744 3292 828 3353 forte
865 3315 924 3374 per
959 3292 1200 3354 districtionem
1223 3317 1242 3353 a

117 3375 253 3454 publico
273 3379 389 3438 factam
404 3386 447 3454 z)
460 3375 782 3454 manifestaverit,·et
800 3375 986 3456 compositio
1008 3377 1091 3437 faeta
1116 3377 1246 3452 fuerat,

118 3466 152 3516 et
181 3469 293 3540 postea
322 3461 427 3544 ipsum
460 3461 583 3520 furtum
616 3459 700 3540 apud
736 3456 836 3517 alium
867 3458 1032 3520 hominem
1062 3461 1242 3520 inventum

117 3535 237 3618 fuerit,
270 3550 304 3605 et
333 3556 420 3606 certo
444 3543 560 3604 veritas
583 3539 784 3626 apparuerit,
821 3541 910 3622 quod
939 3541 1027 3624 ipse,
1059 3541 1116 3624 qui
1144 3543 1242 3622 prius

120 3634 362 3706 composuerat,
399 3646 470 3686 rem
501 3625 601 3706 ipsam
634 3645 699 3684 non
732 3625 872 3700 inravit,
911 3623 1039 3700 omnia,
1073 3623 1241 3705 quiequid

119 3704 188 3788 ipse
216 3717 455 3792 composuerat,
486 3707 621 3790 recipiat
652 3707 691 3766 ab
719 3727 760 3768 eo
788 3705 845 3776 cui,
865 3715 1088 3788 composuerat
1111 3707 1241 3787 etipse

119 3802 306 3878 eornponat,
329 3793 413 3874 apud
447 3811 543 3872 quem
574 3791 697 3848 furtum
717 3789 822 3870 ipsum
842 3798 951 3872 postea
970 3789 1141 3850 inventum
1164 3789 1241 3848 fuc-
1306 3867 1307 3870 Ἴ

118 3872 172 3938 rit.
215 3876 295 3935 Nam
321 3876 347 3934 si
373 3874 496 3956 aiiquid
524 3894 583 3951 per
605 3882 839 3932 sacramentnm
863 3893 955 3934 suurn
978 3877 1015 3950 a)
1044 3871 1154 3948 dedit,
1177 3869 1241 3929 ha·

118 3956 210 4031 beat,
244 3955 296 4016 cui
328 3957 463 4022 dederit.
504 3957 583 4016 Nam
611 3955 638 4014 si
665 3962 753 4014 certa
780 3953 897 4016 veritas
934 3976 1001 4014 uon
1031 3953 1241 4038 apparuerit,

118 4040 209 4124 quod
230 4039 311 4099 aiter
333 4037 428 4098 homo
454 4039 575 4097 furtum
603 4036 709 4121 ipsum
730 4036 878 4116 fecisset,
907 4046 940 4099 et
963 4059 1023 4121 per
1055 4037 1241 4100 districtio-

140 4145 590 4162 b———u-——nu—

185 4197 212 4266 κ)
225 4195 331 4247 Herold.
348 4213 399 4268 per
412 4194 541 4248 distractu
558 4194 670 4266 publiea
678 4193 800 4268 furtum.
855 4193 885 4265 a)
901 4193 943 4247 ul.
962 4192 1048 4246 Codd.
1067 4210 1120 4264 pro
1138 4198 1245 4248 socru*

107 4282 205 4325 mereto
221 4284 281 4322 suo.
929 4288 931 4294 ·
