2648 4874
127 261 207 342 m
322 257 820 343 mensummnruonuuun.
840 284 894 342 ιιι.
913 283 985 341 nr.
1003 284 1051 342 ιι.

128 431 247 490 auiam*
265 422 454 486 irliouestisi
472 421 639 486 exhibea
670 421 831 504 morib-us,
866 415 1144 488 et'contiuentiaa
1165 422 1236 484 na..

118 532 172 572 *uo
192 507 389 589 restringere
410 506 515 568 caruis
537 505 678 588 lapsibus
699 506 886 588 implicatos.
927 509 1007 570 Num
1027 515 1105 568 tune
1127 505 1236 588 potius

129 588 272 675 gebtiac
290 587 411 670 patriae
441 598 567 651 nostrae
584 589 737 650 clementi
764 590 883 672 pietate
912 589 1126 666 consulimus,
1158 610 1236 650 cum

128 685 168 738 eti
176 671 515 756 prunorumionditus
533 670 657 732 seelera
679 670 846 754 extirpare
858 693 1024 750 curamus,
1054 679 1086 732 et
1114 671 1147 730 in
1170 693 1235 733 mu·

127 758 163 819 le
181 755 260 819 actis
287 752 440 815 vitiorum
467 752 642 816 terminum
668 752 826 836 ponimus·
886 755 974 816 Illud
1001 773 1077 814 saue
1106 753 1234 816 facinus

64 873 67 879 ·
128 836 334 909 detestandae
354 834 501 898 libidinis
521 836 674 918 abrogare
696 836 938 916 contendimus,
967 837 1085 919 quibus
1106 857 1234 898 maseu-

127 922 159 984 li·
174 918 332 982 urasoolos
360 917 484 981 inlicita
505 918 608 1000 stupri
629 919 772 998 actione,
802 919 975 982 immundis
995 916 1143 983 sordibus
1164 941 1234 980 ma-

128 1005 241 1066 nutere
261 1021 326 1062 non
349 1009 514 1080 metuunt,
549 999 697 1082 tantique
725 1022 759 1062 ue
781 1001 894 1084 flagitii
915 1001 1234 1084 coinquinationibus

127 1087 301 1170 polluunt,
328 1093 450 1162 quanto
471 1105 508 1144 eu
535 1093 567 1144 et
594 1083 710 1146 divinis
737 1085 868 1146 adversa
896 1085 1060 1160 cultibus,
1094 1094 1128 1145 et
1154 1107 1235 1146 eon·-

129 1169 226 1229 traria
247 1164 383 1228 castitati
404 1163 628 1248 conspicimus.
686 1166 730 1228 lit
748 1187 825 1228 vero
849 1167 929 1230 licet
955 1166 1140 1229 huiusmodi
1163 1168 1235 1248 lnp-

129 1272 182 1314 sus
214 1257 246 1310 et
277 1267 384 1308 sacrae
404 1248 580 1330 scripturae
607 1248 794 1326 auctoritas,
825 1259 857 1311 et
879 1250 1066 1310 'mundanae
1093 1250 1235 1311 sanctio-

129 1333 180 1395 'nis
204 1329 372 1415 prohibeat
396 1331 528 1390 omnino
550 1351 700 1409 censura,
723 1331 872 1393 novellae
898 1342 1003 1392 tumen
1021 1329 1101 1412 legis
1125 1353 1234 1393 neces-

130 1436 163 1478 se
186 1424 233 1476 est
253 1412 396 1494 abrogari
418 1412 597 1490 sententia,
624 1435 664 1474 ne
688 1413 765 1474 dum
783 1415 964 1475 emendatio
978 1423 1158 1496 opportuna
1173 1414 1234 1474 dii-

129 1499 250 1572 fertur,
273 1495 435 1577 peioribus
456 1514 600 1556 crescere
622 1495 707 1557 vitiis
728 1496 920 1570 dinoscatur.
989 1499 1032 1558 Et
1063 1494 1137 1556 ideo
1170 1495 1235 1556 bu-

130 1580 180 1640 ius
201 1579 281 1660 legis
304 1575 409 1637 edicto
438 1577 658 1656 decernimus,
696 1587 733 1638 ut
761 1579 948 1661 quicunque
970 1577 1083 1638 amodo
1106 1579 1161 1640 vel
1183 1579 1237 1639 de·

129 1663 263 1742 inceps,
293 1679 351 1720 seu
379 1660 418 1720 de
443 1658 621 1742 religiosis,
643 1660 709 1722 sive
736 1681 777 1722 ex
804 1660 894 1723 laicis
928 1661 1103 1723 cuiuslibet
1123 1660 1236 1722 aetatis

131 1755 187 1804 aut
214 1741 341 1823 generis
370 1740 466 1802 bomo
488 1742 683 1826 praescripto
710 1742 812 1803 fucrit
842 1743 964 1805 scelere
985 1743 1236 1824 quibuscunque

130 1825 262 1887 indiciis
282 1824 449 1885 manifeste
471 1825 633 1904 detectus,
654 1846 729 1886 mox
751 1825 883 1887 iubente
908 1825 1060 1908 Principe
1081 1825 1134 1887 vel
1156 1846 1236 1906 quo-

130 1909 211 1978 libet
232 1907 339 1968 iudice
362 1906 548 1983 insistente,
579 1909 766 1970 nouaclum
787 1907 1012 1970 castrationem
1033 1908 1151 1968 virium
1167 1927 1239 1990 per·

129 1992 231 2066 ferat,
265 1989 322 2050 sed
351 1988 485 2072 insuper
509 1988 653 2050 illumin
682 2011 715 2052 se
737 1989 890 2052 iacturam
915 1989 1051 2072 accipiat
1082 1988 1236 2064 ultionis,

131 2093 227 2156 quam
244 2091 303 2154 pro
327 2071 378 2132 bis
402 2071 519 2134 caussis
547 2073 668 2154 nuper,
702 2072 736 2132 in
757 2093 843 2134 anno
865 2072 1021 2134 videlicet
1049 2073 1146 2133 tertio
1167 2093 1237 2152 reg·

131 2155 168 2214 ni
191 2153 312 2230 nostri,
331 2154 536 2216 sacerdotalis
559 2154 679 2217 decreti
694 2157 894 2240 promulgata
913 2154 1073 2218 sententia
1087 2151 1238 2218 evidenti

132 2235 349 2320 descriptione
369 2235 574 2322 deprompsit.

208 2387 298 2458 Τιἰ.
323 2385 392 2465 VI.
439 2385 499 2458 De
523 2387 691 2460 divortiis
714 2389 923 2482 nuptiarum
946 2400 986 2459 et
1012 2385 1166 2460 discidio

517 2528 521 2535 ,
576 2509 800 2580 sponsorum.

574 2614 601 2677 1.
647 2636 795 2690 auricus.

184 2729 223 2791 Si
245 2727 358 2789 mulier
377 2728 445 2790 oiri
463 2729 514 2789 sui
535 2729 614 2790 iraste
635 2731 690 2790 vel
706 2732 820 2792 iniuste
841 2730 1017 2792 diuortium
1034 2730 1186 2816 potiatur.

137 2835 142 2850 ¹
217 2812 387 2875 Mulierem
407 2811 581 2894 ingenuam
602 2835 620 2873 a
640 2813 709 2875 viro
736 2835 794 2876 suo
815 2815 1032 2896 repudiatam,
1061 2814 1175 2875 nullus
1193 2811 1238 2874 si-

132 2895 168 2958 bi
189 2895 224 2955 iu
244 2894 395 2976 coniugio
416 2895 538 2956 sociare
561 2903 751 2978 praesumat.
792 2897 889 2975 Quod
918 2897 945 2957 si
969 2897 1076 2958 faeere
1097 2896 1239 2976 quicun-

126 2998 199 3060 qne
219 2979 482 3061 praesumpserit,
509 2999 584 3038 mox
605 2987 642 3038 ut
671 2979 785 3040 Comes
810 2979 969 3056 civitatis,
997 2979 1050 3040 rel
1076 2978 1237 3052 vicarius,

134 3071 190 3122 ant
217 3059 372 3122 territorii
401 3060 518 3136 iudex,
557 3059 622 3122 tale
649 3061 739 3122 nefas
765 3062 965 3122 commissum
999 3061 1181 3144 agnoveritz
1210 3057 1238 3120 si

134 3144 260 3204 nobiles
295 3141 419 3203 fuerint
458 3145 591 3204 fortasse
620 3160 774 3225 personae
805 3165 886 3225 quos
918 3142 1015 3204 iudex
1046 3139 1239 3224 distringere

135 3234 191 3285 aut
210 3245 356 3308 separare
379 3245 444 3285 nou
466 3224 583 3309 possit,
612 3225 729 3286 nostris
752 3225 786 3286 id
813 3226 974 3286 auditibus
994 3224 1163 3286 confestim
1182 3245 1239 3306 pu-

133 3309 254 3369 blicare
276 3328 341 3368 non
370 3307 511 3368 differat:
536 3315 573 3366 ut
591 3309 791 3370 severitatem
810 3309 910 3390 legis,
935 3329 1030 3390 quam
1052 3316 1237 3383 merentur,

135 3390 307 3471 excipiant.
368 3391 448 3450 Nam
469 3390 495 3452 si
524 3388 657 3450 minoris
679 3390 741 3452 looi
768 3399 1033 3472 personuerunt,
1065 3389 1165 3450 iudex
1184 3409 1238 3450 eos

134 3474 291 3534 continuo
317 3492 463 3553 separare
491 3493 694 3554 nequaqnam
726 3482 877 3534 moretur.
932 3472 983 3535 lta
1013 3480 1049 3532 ut
1074 3482 1140 3533 tam
1165 3493 1239 3531 mu-

134 3554 215 3632 lier,
245 3574 327 3634 qnae
351 3573 384 3614 se
409 3554 567 3616 adulterio
590 3565 679 3616 extra
704 3557 902 3616 voluntatem
927 3553 1033 3615 mariti
1058 3555 1177 3636 prioris
1203 3553 1238 3612 iu

134 3637 321 3718 coniugium
342 3635 523 3719 copulavit,
555 3657 652 3718 quem
675 3638 770 3700 etiam
795 3638 871 3714 ille,
902 3638 957 3719 qui
980 3658 1049 3698 eam
1069 3635 1130 3697 sibi
1155 3657 1241 3697 assu-

133 3737 222 3779 mere
244 3739 377 3778 uxorem
398 3724 627 3801 praesumpsit,
655 3720 687 3780 in
710 3728 865 3802 potestate
896 3719 1066 3780 tradantur
1095 3718 1241 3780 anterio-

133 3801 178 3862 ris
203 3800 326 3870 mariti3
364 3813 400 3862 ut
426 3803 506 3883 quid
535 3801 574 3863 de
593 3801 637 3863 eis
657 3804 763 3865 facere
784 3803 943 3880 voluerit,
966 3802 1016 3862 sui
1038 3800 1080 3862 sit
1100 3801 1241 3861 incune-

134 3892 241 3943 tanter
266 3882 409 3956 arbitriis
463 3885 489 3946 si
519 3893 624 3945 tamen
650 3906 789 3946 caussam
816 3885 903 3947 inter
928 3884 1069 3966 priorem
1090 3884 1241 3944 maritum

27 4009 29 4018 ·
120 3975 168 4027 “et
196 3986 330 4026 uxorem
363 3966 467 4028 adhuc
505 3967 680 4028 inauditam
711 3987 841 4028 manere
883 3967 1082 4043 constiterit,
1130 3975 1186 4040 aut
1212 3965 1241 4026 si

120 4048 221 4110 ‹idem
252 4049 383 4108 maritus
413 4050 506 4110 alteri
536 4071 568 4110 se
595 4051 724 4111 mulieri
750 4050 784 4110 iu
818 4049 1023 4118 matrimonio
1056 4069 1122 4110 uon
1160 4069 1242 4108 con-

127 4131 288 4191 iunxerit.
352 4131 493 4192 Certesi
524 4133 654 4194 maritus
682 4152 817 4192 uxorem
838 4131 961 4194 iniuste
989 4131 1180 4214 reliquerit,
1208 4138 1241 4192 et

120 4205 342 4277 ‘deustionem
378 4213 462 4278 dotis
500 4215 638 4294 amittat,
681 4235 777 4298 quam
814 4215 846 4278 ei
883 4215 1083 4295 contulerat,
1133 4212 1242 4278 eidem
