2648 4874
11 301 46 314 „
139 255 255 330 42οΝ
341 273 450 330 tems
475 273 768 330 msmosuoaun
793 273 857 330 am
876 275 900 330 u
919 277 990 334 aar.
1010 279 1048 332 11.

240 446 243 454 .
349 413 408 480 Vl,
452 411 550 498 Quod
569 414 740 497 triumphet
760 413 800 475 de
822 416 963 480 hostibus
985 418 1049 484 lex.
1109 451 1113 460 ⁴

219 524 276 587 His
298 522 333 584 in
356 521 534 584 domesticu
558 543 637 605 pace
669 521 714 583 ita
746 525 920 607 perfectis,
951 535 1084 609 totaque
1112 525 1220 610 primo
1241 549 1261 589 a

138 607 357 690 Principibus,
379 606 560 668 secundos
583 604 727 683 civibus,
750 607 889 670 exhinc
910 632 929 670 a
954 610 1084 693 populis
1105 619 1139 672 et
1160 633 1178 670 a
1201 611 1259 672 do·

137 715 191 754 mo
213 690 393 772 iurgiorum
416 698 504 771 peste
526 688 662 765 seclusa,
685 689 830 751 eundum
851 700 901 753 est
921 693 956 752 in
978 691 1132 772 adversis,
1155 703 1189 754 et
1204 693 1260 755 oh·

137 775 294 839 viandum
315 772 461 834 hostibus
481 771 703 854 potentialiter
724 781 755 832 et
773 773 923 852 fidenter,
944 784 1034 838 tanto
1055 776 1089 836 in
1112 777 1260 838 externis

138 881 194 942 spe
222 856 285 916 fida
308 855 484 933 victoriae,
512 863 635 937 quanto
661 853 743 915 nihil
775 856 838 917 erit
854 857 944 940 quod
967 880 1008 921 ex
1028 857 1167 921 internis
1188 861 1259 920 for-

138 940 253 1002 midari
275 939 382 1001 valeat
402 947 457 998 aut
477 937 595 999 timeri.
634 936 727 999 Pacis
749 939 836 998 enim
858 941 950 1019 oleo,
975 949 1007 1002 et
1028 941 1139 1024 legum
1160 943 1257 1021 pino,

136 1033 203 1088 tota
224 1022 369 1104 plebium
390 1043 490 1084 massa
510 1029 595 1082 statu
616 1019 748 1081 salutari
769 1030 924 1085 concreta
945 1034 1073 1086 exseret
1093 1026 1130 1101 b)
1152 1024 1259 1087 hosti-

136 1108 199 1170 bus
220 1109 254 1182 c)
275 1104 352 1165 inde
373 1102 529 1178 invictos,
563 1102 651 1164 unde
678 1103 806 1166 illaesos
828 1116 914 1167 artus
935 1107 1116 1190 producere
1139 1108 1259 1171 videu-

137 1201 194 1253 tur
216 1187 305 1250 iustis
328 1186 437 1247 adiuta
458 1186 583 1268 legibus
604 1185 680 1247 tela.
721 1187 894 1271 Eruntque
919 1189 980 1252 viri
1002 1191 1119 1251 melius
1142 1189 1258 1274 aequi*-

136 1281 214 1348 tate,
236 1291 333 1351 quam
353 1268 420 1330 telo
441 1269 571 1345 muniti,
594 1276 763 1330 utcontra
783 1270 909 1334 hostem
931 1283 1005 1334 uate
1027 1271 1182 1334 iustitiam
1206 1272 1258 1334 di-

137 1355 224 1438 rigat
251 1353 427 1434 Princeps,
456 1371 554 1434 quam
580 1350 686 1413 vibret
713 1351 837 1434 spicula
865 1355 967 1420 miles.
1018 1354 1163 1418 Felicior
1194 1355 1257 1416 iam

137 1446 218 1498 tunc
240 1435 298 1496 illa
318 1434 479 1516 Principis
500 1433 685 1516 congressio
706 1435 780 1512 erit,
801 1458 897 1518 quam
917 1438 1091 1500 domestica
1112 1437 1258 1520 aequitas

138 1517 293 1582 anteibit:
326 1517 404 1601 quia
424 1527 458 1579 et
475 1517 636 1604 saeviores
658 1516 693 1596 d)
713 1527 810 1580 eruut
829 1519 865 1579 iu
886 1519 1027 1583 hostiurn
1046 1520 1256 1604 populatione

136 1622 336 1679 mucrones,
375 1621 456 1682 quos
490 1601 531 1662 de
560 1599 707 1662 domibus
739 1602 882 1665 modeste
912 1603 1127 1687 produxerint
1158 1605 1257 1686 leges.

137 1686 408 1767 Experimentum
435 1681 522 1744 euim
550 1683 704 1745 naturalis
731 1692 778 1745 est
796 1685 866 1765 rei,
896 1696 933 1748 ut
960 1686 1081 1748 iustitia
1103 1687 1160 1748 illa
1180 1708 1257 1748 con·

139 1767 242 1830 fodiat
262 1767 406 1844 hostem,
427 1787 511 1847 quae
531 1766 687 1828 tutaverit
709 1766 825 1846 civem,
855 1779 887 1830 et
908 1778 1075 1832 externam
1095 1769 1175 1831 inde
1195 1791 1255 1852 pe-

135 1851 232 1915 rimat
252 1851 354 1926 litem,
377 1849 464 1910 unde
489 1869 622 1910 suorum
642 1845 813 1911 internam
825 1852 1003 1932 possederit
1021 1873 1143 1934 pacem.
1164 1852 1256 1915 Sicut

137 1956 216 2018 ergo
238 1931 393 1996 modestia
419 1930 610 2014 Principum
650 1934 863 2014 temperantia
883 1943 932 1995 est
952 1937 1079 2018 legum,
1110 1935 1153 1995 ita
1175 1955 1256 1998 con-

137 2017 249 2080 cordia
270 2017 392 2080 civium
413 2013 549 2077 victoria
569 2024 619 2076 est
638 2013 790 2081 hostium.
841 2017 892 2077 Ex
913 2018 1162 2078 mansuetudine
1192 2025 1257 2078 ete·

137 2101 206 2162 nim
226 2099 437 2181 Principum,
455 2098 603 2159 oboritur
623 2097 791 2180 dispositio
812 2098 931 2182 legum.
973 2102 1023 2162 Ex
1046 2099 1254 2183 dispositione

135 2183 258 2268 legum,
281 2179 442 2244 institutio
464 2202 599 2246 morum.
640 2181 691 2242 Ex
712 2181 916 2243 institutione
939 2204 1088 2260 morum,
1117 2203 1255 2244 concor·

138 2267 192 2329 die
214 2268 344 2328 civium.
385 2265 437 2326 Ex
459 2263 634 2324 concordia
655 2263 788 2341 civium,
804 2263 986 2346 triumphus
1001 2264 1153 2327 hostium.
1187 2265 1255 2326 Sic·

51 2389 53 2402 .
136 2370 202 2431 que
223 2350 328 2411 bonus
348 2347 505 2428 Princeps
532 2345 661 2406 interna
680 2367 808 2428 regens,
837 2356 870 2408 et
890 2356 1024 2408 externa
1045 2347 1253 2430 conquirens,

137 2433 217 2494 dum
236 2453 326 2494 suum
346 2449 458 2512 pacem
478 2427 631 2510 possidet,
654 2437 686 2490 et
706 2429 845 2500 alienum
865 2429 956 2491 litem
977 2431 1150 2515 abrumpit,
1171 2430 1255 2492 cele-

136 2515 251 2577 bratur
272 2522 305 2575 et
326 2513 360 2572 iu
383 2510 509 2572 civibus
529 2518 638 2571 rector
646 2555 655 2589 ,
685 2511 772 2571 etin
801 2511 946 2574 hostibus
973 2513 1098 2574 victor:
1128 2512 1254 2575 habitu·

137 2619 194 2661 rus
213 2605 285 2680 post
305 2593 448 2656 labentia
478 2601 624 2676 tempora
649 2593 796 2675 requiem
823 2595 1066 2677 sempiternam,
1098 2605 1171 2677 post
1199 2595 1253 2656 lu·

23 2721 25 2728 x
135 2691 226 2743 teum
247 2699 373 2754 aarum,
393 2675 532 2738 coeleste
555 2697 709 2760 regnum:
740 2685 812 2761 post
833 2677 980 2740 diadema
1002 2689 1034 2741 et
1054 2699 1252 2761 purpuram,

137 2763 261 2848 gloriae
284 2773 446 2824 coronam.
488 2759 578 2838 Quin
600 2758 707 2843 potius
729 2781 790 2820 nec
812 2759 941 2823 deliciet
963 2783 1030 2823 esse
1053 2763 1142 2823 Rexz
1169 2781 1254 2843 quo-

138 2847 228 2908 niam
249 2846 326 2907 dum
346 2863 483 2925 regnum
504 2850 671 2903 terrenum
690 2842 868 2926 relinquit,
903 2853 936 2904 et
956 2844 1095 2906 coeleste
1117 2842 1252 2927 conqui-

137 2931 194 3009 rit,
226 2950 293 2990 non
316 2926 379 2989 erit
399 2923 539 2988 amisisse
559 2925 655 3010 regui
676 2925 821 3010 gloriam,
843 2925 901 2988 sed
921 2926 1046 2990 auxisse
1068 2922 1116 3013 e).

208 3117 237 3190 h)
254 3119 298 3172 Un
315 3116 383 3171 Cod.
404 3129 524 3170 exercet.
595 3113 622 3186 o)
640 3116 684 3168 Un
702 3113 769 3168 cot.
788 3113 885 3167 hostes.
956 3111 1039 3186 mel.
1058 3131 1118 3166 mss.
1137 3115 1256 3168 severio·

138 3205 192 3244 res.
261 3189 288 3260 e)
306 3191 356 3240 Un.
378 3188 444 3240 Cod.
464 3186 555 3238 addit:
580 3185 652 3238 Saue
670 3199 727 3237 tam
753 3183 786 3236 de
810 3185 1021 3254 praesentibus,
1049 3183 1185 3251 quamde
1201 3185 1256 3257 fa-

135 3261 211 3314 turis
229 3259 340 3328 regibus
356 3257 430 3311 hanc
447 3258 612 3310 sententiam
640 3273 701 3308 cum
725 3257 781 3308 Dei
804 3257 902 3308 timore
923 3256 1145 3325 promulgamus,
1175 3267 1207 3306 ut
1230 3254 1256 3304 si

137 3331 257 3400 quisque
275 3347 310 3382 ex
328 3331 368 3381 eis
386 3341 485 3380 contra
503 3327 687 3380 reverentiam
705 3344 842 3378 canusium
860 3325 908 3378 vel
924 3326 1014 3394 legum
1031 3324 1148 3395 superba
1168 3323 1256 3376 ‹lomi-

139 3402 256 3452 uutione
275 3413 302 3452 et
317 3400 401 3472 justu
419 3400 496 3466 reg-io
522 3397 553 3446 in
562 3397 690 3466 flagitiis
708 3409 735 3448 et
749 3395 885 3467 facinore
901 3397 1052 3464 pravitatis
1068 3397 1128 3446 sive
1148 3392 1255 3464 cupidi-

139 3471 209 3520 tatis
227 3469 334 3530 elatus,
360 3481 387 3521 et
404 3468 547 3519 avaritiae
569 3466 688 3517 stimulis
706 3468 839 3517 incitatus
858 3462 1077 3518 crudelissimam
1093 3477 1254 3533 potestatem

138 3541 299 3591 exercuerit
317 3541 349 3590 iu
364 3537 500 3608 populos,
520 3535 705 3588 anathematis
723 3537 863 3588 sententia
881 3553 899 3586 a
921 3534 1028 3586 Christo
1050 3536 1171 3586 Domino
1189 3551 1256 3586 eon·

140 3606 302 3673 damnetur,
328 3620 356 3660 et
378 3607 480 3658 habeat
498 3624 516 3658 a
542 3608 601 3658 Deo
626 3607 830 3676 separationem
856 3619 940 3674 atque
965 3602 1115 3666 iudicium,
1140 3616 1256 3672 propter

140 3676 218 3748 quod
231 3679 448 3750 praesumpserit
462 3695 557 3748 prava
576 3693 670 3748 agere,
690 3688 718 3728 et
736 3678 768 3728 in
784 3677 937 3746 perniciem
956 3691 1069 3744 regnum
1088 3686 1254 3728 convertere.
