2632 4822
449 257 618 317 nurerum
649 260 842 354 normate
924 267 932 282 ·
1114 247 1188 327 743

75 408 164 467 carte
191 398 360 478 clauserit,
383 407 434 463 ·et
452 417 518 460 non
544 400 669 466 venerit
683 411 798 467 'certus
819 391 996 482 nimiunn,
1028 405 1085 488 qui
1112 429 1187 472 curn

75 492 274 568 cognoscat,
293 484 372 544 tunc
391 483 467 563 illc,
497 485 554 568 qui
578 507 654 546 eum
679 485 714 546 in
743 487 860 547 damno
884 487 1044 550 invenerit
1052 532 1066 566 ,v
1091 490 1188 554 ducat

74 591 150 632 enm
170 567 211 628 ad
227 568 390 644 iudicem,
420 566 526 649 quiin
551 568 624 629 loco
642 568 805 631 ordinatus
822 579 892 647 est,
922 578 978 629 aut
1000 579 1086 632 certe
1111 583 1185 634 ante

72 650 254 716 Ecclesiam
283 651 317 713 in
343 658 540 730 qonventum
565 645 668 733 usque
693 651 734 712 ad
760 664 922 734 quartam,
963 654 1016 714 vel
1039 653 1186 736 quintam

72 736 196 810 vicem,
226 743 258 794 et
284 732 431 794 omnihus
452 755 531 796 voce
551 735 724 816 praeconia
747 735 947 797 innotescat:
982 737 1064 818 Quia
1082 739 1187 800 cabal-

72 816 277 888 luminveni,
306 827 337 875 et
358 817 565 878 nesciocuius
581 819 633 884 sit.
675 817 760 878 Etsi
787 839 853 900 non
867 817 1011 896 venerit,
1034 819 1089 900 qui
1110 842 1187 882 eum

74 908 265 982 cognoscat,
286 897 433 960 iubemus
449 907 485 959 ut
504 897 578 978 ille,
602 899 659 983 qui
676 900 856 980 invenerit,
879 899 1049 962 caballicat
1063 913 1095 964 et
1113 907 1186 969 cusss

71 983 174 1046 todiat
196 1002 269 1041 eum
289 991 443 1063 tanquam
464 977 557 1044 sunm
577 982 751 1066 proprium.
792 985 834 1047 Et
857 983 884 1044 si
906 993 1051 1046 mortuus
1069 986 1186 1062 fuerit,

72 1067 163 1148 signa
192 1065 232 1125 dc
263 1063 351 1125 corio
381 1073 566 1144 conservet,
608 1075 644 1128 nt
681 1087 755 1127 cum
785 1065 912 1132 venerit
939 1076 1044 1128 certus
1071 1068 1187 1129 Domi-

72 1169 154 1224 nus,
176 1145 292 1227 habeat
310 1147 398 1229 quod
424 1148 454 1209 ei
474 1149 632 1210 ostendat.
671 1149 713 1210 Et
734 1148 761 1212 si
781 1150 839 1212 ista
862 1148 1061 1232 neglexerit,
1083 1160 1116 1212 et
1131 1151 1186 1211 in-

71 1240 187 1297 ventus
206 1229 321 1304 fuerit,
344 1231 405 1292 sibi
426 1252 550 1292 nonum
566 1232 690 1293 red-dat.
731 1232 774 1294 At
791 1232 817 1294 si
840 1233 933 1294 istam
951 1231 1108 1296 cantelam
1126 1233 1186 1296 oh-

71 1313 259 1390 servaverit,
282 1312 323 1374 sit
343 1313 509 1378 absolutus
525 1337 542 1374 a
558 1314 728 1377 calumnia.
792 1318 817 1381 1.
840 1316 890 1382 25.¹
916 1336 941 1382 1.

139 1410 220 1448 nonu.
252 1397 332 1448 Petre
349 1407 378 1450 te
397 1399 518 1468 appellat
534 1397 687 1462 Martinus,
714 1397 789 1469 quod
804 1406 836 1451 tu
856 1396 985 1452 invenisti
1002 1413 1089 1450 unum
1105 1414 1185 1452 sunm

72 1465 211 1520 caballum
237 1466 384 1520 facientem
403 1467 548 1528 damnum,
582 1477 610 1520 et
633 1468 744 1521 minasti
768 1469 803 1520 ad
828 1469 989 1520 clausuram.
1027 1468 1070 1520 De
1101 1475 1184 1525 torto.

72 1538 101 1590 Si
128 1535 243 1588 dixerit:
270 1553 335 1590 ecce
361 1538 503 1592 caballus:
526 1535 613 1591 dicat.
657 1539 712 1606 Ego
735 1545 764 1592 te
788 1539 898 1609 appello
918 1535 993 1608 quod
1009 1544 1041 1589 tu
1059 1555 1116 1591 non
1134 1538 1186 1590 mi·

69 1606 143 1660 nesti
161 1615 225 1658 ante
243 1607 385 1671 Iudicem,
403 1611 452 1661 a'ut
469 1617 533 1660 ante
549 1617 724 1663 conventum.
759 1610 815 1662 Aut
831 1609 946 1680 probet,
965 1607 1041 1678 quod
1058 1607 1184 1672 minavit,

71 1683 120 1730 aut
137 1676 267 1758 emendet
282 1677 335 1730 sibi
352 1695 461 1732 nonum.
498 1678 527 1732 Si
545 1679 657 1734 dixerit:
683 1691 740 1733 non
765 1678 827 1732 misi
850 1679 1050 1746 neglegentiam
1072 1677 1109 1736 ad
1133 1677 1186 1733 mi*

70 1764 149 1802 nare:
169 1755 256 1798 iuret.

139 1817 218 1888 Patre
235 1824 264 1870 te
282 1817 405 1888 appellat
421 1817 572 1882 Martinus,
603 1819 679 1889 quod
695 1825 728 1871 tu
744 1817 874 1872 invenisti
889 1835 975 1871 unum
992 1834 1072 1871 suurn
1090 1815 1185 1870 cabal-

69 1884 129 1940 lum
146 1885 294 1941 facientem
308 1887 462 1952 damnum,
493 1897 521 1942 et
546 1887 655 1942 minanti
673 1889 708 1941 ad
727 1889 888 1942 clausuram.
932 1887 961 1939 Si
986 1887 1104 1940 eliserit:
1134 1904 1184 1954 ego

71 1956 172 2011 minari
189 1956 278 2077 ipsum
297 1957 437 2010 caballum
456 1968 519 2012 ante
539 1959 689 2023 Comitem,
719 1967 747 2011 et
764 1967 885 2011 mortuus
902 1964 957 2032 est3
990 1965 1039 2009 aut
1056 1955 1185 2010 ostendat

71 2029 191 2095 signum·
216 2043 230 2078 e
257 2027 346 2094 ccri0;
373 2035 421 2080 aut
447 2029 536 2091 iuret,
564 2029 640 2099 quod
658 2047 714 2081 non
731 2029 806 2082 misit
823 2023 1020 2093 neglegentiam
1038 2028 1074 2079 ad
1092 2035 1184 2080 custo·

71 2097 221 2163 diendum3
243 2107 292 2150 aut
309 2098 436 2150 emendet
452 2098 505 2150 sibi
523 2117 634 2151 nonum.
670 2100 698 2151 si
724 2099 883 2152 monstravit
907 2098 1012 2164 signum
1036 2098 1071 2149 de
1097 2097 1183 2160 corio,

72 2170 165 2239 etqui
184 2169 333 2237 appellavit
349 2167 465 2221 dixerit:
494 2169 555 2220 Non
573 2178 613 2222 cst
631 2169 684 2222 hoc
701 2169 806 2235 signum
824 2169 936 2220 demea
957 2166 1083 2218 caballo:
1100 2166 1183 2230 iuret,

70 2239 145 2310 qnod
162 2256 218 2292 non
236 2239 320 2290 alium
339 2237 477 2292 caballum
494 2239 631 2302 invenit,.
645 2239 698 2291 nisi
716 2241 820 2321 ipsum,
845 2239 919 2290 unde
937 2237 990 2290 hoc
1007 2236 1113 2302 signum
1133 2243 1183 2290 cst.

72 2310 101 2362 Si
120 2309 234 2373 dixerit,
253 2309 300 2380 qui
318 2307 483 2378 appellavit:
518 2319 550 2362 tu
568 2310 657 2363 fecisti
673 2309 703 2360 in
722 2327 811 2379 ipsum
829 2308 987 2370 caballum,
1012 2307 1075 2376 plus
1099 2323 1183 2376 quam

69 2380 99 2431 in
116 2389 195 2433 tuum
213 2378 367 2450 proprium:
392 2379 465 2430 iuret
492 2379 540 2450 qui
564 2381 719 2452 appellatus
747 2388 802 2443 est,
838 2377 913 2450 quod
936 2378 999 2448 plus
1022 2394 1079 2430 non
1103 2376 1181 2442 iecit,

70 2469 152 2522 quam
162 2451 198 2501 in
216 2468 295 2502 suum
312 2449 458 2520 proprium.

152 2550 352 2614 CCCXLIX·
395 2550 430 2612 si
455 2547 710 2631 quis'caballcs,
739 2557 795 2611 aut
814 2557 956 2611 armenta
981 2558 1048 2612 asto
1073 2547 1181 2609 anime

69 2636 104 2696 in
125 2656 262 2696 messem
276 2629 433 2710 alienam,
456 2632 559 2692 autin
578 2643 704 2716 pratum
721 2632 861 2710 miserit,
883 2631 988 2692 autin
1012 2631 1182 2716 quodlibet

70 2720 243 2794 damnum,
266 2726 438 2799 componat
453 2738 555 2775 unum
571 2717 710 2778 solidum
725 2737 783 2798 pro
800 2715 921 2799 capite,
944 2725 1079 2799 excepto
1096 2713 1182 2776 dam·

70 2823 131 2879 no,
167 2802 251 2862 sicut
270 2800 482 2882 appretiatum
504 2801 615 2876 fuerit,
651 2808 683 2860 et
710 2798 775 2860 loci
802 2801 1003 2861 consuetudo
1027 2807 1084 2860 est.
1125 2797 1181 2858 Sic

68 2895 175 2945 tamen
202 2885 228 2946 si
253 2895 360 2966 pastor
377 2904 443 2942 non
466 2904 560 2943 ansus
582 2883 682 2944 fuerit
709 2883 831 2960 iurare,
866 2882 955 2964 qnod
976 2892 1043 2944 asto
1071 2880 1180 2940 animo

70 2989 137 3028 non
156 2967 310 3044 misisset,
335 2976 367 3028 et
391 2965 418 3026 si
441 2965 608 3041 iuraverit,
638 2965 679 3027 sit
697 2964 862 3027 absolutus
878 2987 897 3025 a
920 2965 1033 3049 culpa,
1055 2971 1181 3024 tantum

70 3051 223 3112 damnum
244 3058 423 3130 componat.
488 3049 511 3109 I.
538 3071 583 3131 19.
605 3069 654 3110 22.
970 3067 974 3072 '
1222 3049 1224 3057 ’

154 3130 274 3192 CCCL.
316 3131 350 3192 si
367 3131 444 3213 quis,
461 3153 594 3213 porcos,
616 3140 669 3191 aut
687 3151 802 3212 pecora
822 3138 888 3200 asto
906 3131 1013 3192 animo
1033 3128 1067 3190 in
1091 3129 1181 3189 dam-

70 3236 149 3274 num
171 3213 301 3274 alterius
318 3213 459 3289 miserit,
488 3214 513 3275 si
530 3237 625 3275 ausus
647 3235 712 3274 non
736 3212 835 3290 fuerit
858 3214 960 3274 iurare
972 3260 981 3293 ,
1008 3218 1180 3295 componat

70 3297 210 3361 solidum
231 3319 351 3372 unum,
374 3307 509 3379 excepto
532 3298 658 3363 damno.
719 3296 746 3357 l.
774 3317 820 3376 19.
843 3299 892 3372 24.
1095 3313 1098 3319 ’

154 3378 294 3442 CCCLl.
336 3379 370 3438 Si
392 3379 463 3460 quis
484 3380 648 3460 peculium
670 3379 709 3442 de
732 3380 849 3440 damno
871 3400 928 3439 suo
945 3377 985 3438 ad
1000 3379 1180 3439 clausuram

70 3461 256 3538 minaverit,
277 3471 310 3524 et
331 3461 388 3522 ille
411 3460 503 3524 cuius
525 3463 690 3544 peculium
712 3468 774 3538 est,
796 3461 826 3522 ei
849 3461 1067 3538 antesteterit,
1090 3482 1180 3521 com-

69 3556 168 3630 ponat
189 3546 329 3606 solidum
349 3565 469 3622 unum,
492 3556 626 3627 excepto
649 3546 776 3619 damno,
799 3542 882 3604 sicut
902 3543 1087 3605 arbitratum
1107 3545 1181 3604 fue-

68 3629 120 3690 rit.
161 3630 204 3689 Et
225 3629 251 3689 si
272 3629 307 3688 in
331 3637 419 3688 curte
441 3627 625 3706 minaverit,
659 3628 716 3688 ille
740 3616 831 3687 cuiu's
852 3626 1018 3708 peculium
1039 3636 1101 3705 est,
1123 3647 1180 3686 ro-

69 3723 123 3796 get
144 3713 218 3774 eum
239 3721 275 3772 ut
294 3710 407 3772 reddat
429 3710 495 3787 illi,
518 3711 564 3772 sic
584 3721 710 3787 tamen,
732 3719 768 3770 ut
789 3710 844 3771 det
864 3709 895 3770 ei
915 3710 1032 3792 pignus
1053 3731 1111 3793 per
1131 3707 1182 3770 ul·

67 3797 183 3856 timum
203 3797 314 3857 valens
335 3793 468 3875 siliquas
491 3794 552 3856 lll.
584 3803 638 3854 aut
668 3801 754 3855 certe
784 3793 1006 3856 fideiussorem
1034 3793 1093 3854 sub
1121 3789 1180 3853 tuli

67 3879 185 3956 titulo,
208 3888 245 3939 ut
267 3879 438 3954 damnum,
470 3879 558 3958 qnod
578 3876 764 3938 arbitratum
784 3875 900 3953 fuerit,
935 3884 1107 3960 componat
1128 3896 1180 3944 se-

69 3963 212 4022 cundum
233 3962 395 4040 fabulam,
428 3961 567 4042 qualiter
594 3960 676 4021 intra
703 3959 828 4021 vicinos
856 3958 942 4040 ipsos
976 3969 1032 4022 cst.
1081 3959 1124 4019 Et
1152 3954 1180 4021 si

92 4046 198 4125 igniisv
216 4043 378 4127 suscipere
409 4044 561 4122 noluerit,
588 4053 620 4106 et
649 4064 712 4102 una
735 4053 828 4104 nocte
851 4043 938 4124 apud
958 4065 991 4104 se
1012 4040 1181 4123 peculium

22 4122 25 4145 ⁴
67 4067 234 4206 liabuerit,
257 4135 430 4210 componat
451 4128 592 4189 solidum
613 4148 724 4188 unum.
766 4125 856 4187 Etsi
879 4127 946 4202 ille,
970 4126 1181 4206 cuiuspecu-

69 4210 150 4272 lium
177 4219 244 4288 est,
279 4219 395 4274 tenens
428 4209 578 4272 duritiam
606 4207 729 4288 cordis,
764 4208 798 4275 id
826 4207 962 4302 liberare
985 4205 1181 4294 despexerit,
