2648 4874
150 289 224 364 tto
344 304 447 362 assis
466 304 761 362 wrsreoraonuu
781 303 846 360 ua
866 303 918 360 111.
936 299 1008 358 mr.
1028 308 1053 366 ι,

150 448 263 510 maluit
284 467 436 530 personas
457 444 490 506 iu
513 442 677 527 coniuges,
699 466 779 526 quas
802 443 939 527 dignitas
961 465 1123 526 compares
1144 469 1260 531 aequa·

60 589 63 598 ,
150 533 232 594 verit
253 530 286 591 in
308 551 434 612 genere.
477 528 528 590 Ob
553 525 616 588 hoe
638 527 764 588 meliori
793 527 955 610 proposito
974 527 1158 591 ,salubriter
1179 553 1259 594 cen.

149 624 265 692 sentes,
288 613 409 695 priscae
431 609 511 692 legis
532 618 652 670 remota
675 611 843 688 sententia,
864 609 925 670 hac
947 609 980 670 in
1001 619 1193 692 perpetuum
1208 638 1259 676 va-

150 700 247 759 litura
267 698 339 777 lege
361 694 537 755 sancimus:
559 701 674 768 uttam
694 691 818 752 Gothus
834 696 1020 769 Romanam,
1042 714 1138 772 quam
1162 697 1258 758 etiam

149 781 288 841 Gothum
308 781 489 852 Romanus,
512 775 538 835 si
560 775 621 835 sibi
644 775 816 856 coniugem
835 774 955 835 babere
976 774 1133 854 voluerit,
1162 802 1257 862 prae-

148 863 244 924 missa
264 861 419 944 petitione
442 857 645 940 dignissima,
673 859 809 918 facultas
837 857 883 918 eis
905 857 1049 918 nubendi
1070 860 1255 924 subiaceat:

148 946 351 1026 liberumque
375 940 415 1002 sit
435 940 549 1018 libero,
572 940 707 1002 liberam
730 961 826 1022 quam
846 940 997 1016 voluerit,
1017 939 1155 1003 honesta
1177 967 1255 1005 con-

148 1027 316 1088 iunctione
339 1023 486 1085 consulta
499 1021 718 1104 perquirendo
734 1022 898 1105 prosapiae
915 1022 1102 1086 solemniter
1116 1047 1255 1089 consen-

147 1133 197 1190 su,
221 1108 343 1170 Comite
364 1105 591 1190 permittente,
613 1105 781 1188 percipere
803 1105 986 1188 coniugem.

496 1231 498 1238 ⁵
579 1254 621 1321 11.
661 1275 811 1330 matous.

143 1369 144 1375 ’
186 1369 226 1432 Si
241 1368 350 1453 puello
374 1367 695 1450 eontravvolnntatem
711 1370 816 1453 patris
836 1369 893 1430 alii
918 1371 1015 1432 nubat
1024 1415 1037 1445 ,
1068 1391 1148 1456 quae
1171 1374 1214 1435 sit

541 1451 636 1511 alteri
656 1451 849 1534 disponsata.

226 1535 262 1595 Si
282 1533 355 1616 quis
375 1533 519 1618 puellam
539 1555 613 1594 cum
632 1533 798 1594 voluntate
819 1534 938 1618 petris,
960 1545 1017 1597 aut
1032 1535 1170 1596 aliorum
1182 1558 1253 1619 pro·

142 1617 340 1702 pinquorum
360 1625 546 1700 parentum,
581 1615 698 1696 quibus
728 1637 768 1676 ex
797 1616 869 1699 lege
901 1617 1085 1680 huiusmodi
1113 1628 1251 1701 potestas

142 1700 312 1778 tribuitur,
343 1707 522 1781 sponsatam
542 1697 709 1758 habuerit:
744 1707 777 1758 et
797 1700 865 1779 ipsa
885 1701 996 1782 puella
1017 1709 1251 1783 contempnens

141 1785 343 1845 voluntatem
362 1791 552 1862 parentum,
574 1781 614 1841 ad
635 1780 736 1840 alium
755 1783 892 1843 tendens
912 1783 1099 1864 parentibus
1121 1792 1251 1860 contra·

142 1866 247 1942 dicat,
278 1874 314 1924 ut
336 1864 386 1924 illi
408 1884 473 1923 non
495 1863 590 1926 detur
610 1863 663 1924 eui
684 1884 700 1922 a
723 1863 909 1946 parentibus
930 1865 1029 1926 fuerit
1048 1875 1155 1948 pacta:
1188 1866 1251 1928 hoc

141 1948 185 2008 ita
202 1969 272 2010 eam
290 1947 382 2007 nullo
400 1947 496 2008 modo
510 1947 616 2007 facere
629 1945 850 2027 permittimus.
891 1945 991 2026 Quod
1006 1949 1033 2010 si
1054 1947 1129 2030 ipsa·
1140 1950 1252 2030 puella

141 2040 254 2092 contra
274 2030 474 2091 voluntatem
494 2039 680 2110 parentum
711 2029 872 2089 edulium
896 2051 993 2111 quem
1013 2031 1080 2113 ipsa
1105 2031 1253 2114 cupierat

139 2115 223 2174 forte
245 2111 452 2194 pervenerit,
487 2118 521 2172 et
551 2110 619 2193 ipse
641 2131 711 2170 eam
733 2131 867 2172 uxorem
894 2111 1014 2173 habere
1041 2113 1125 2174 forte
1153 2135 1249 2196 prae-

139 2196 301 2264 sumserit3
337 2193 428 2253 ambo
452 2192 486 2252 in
515 2201 670 2275 potestate
693 2192 762 2254 eius
782 2194 968 2272 tradantur,
1003 2195 1062 2276 qui
1084 2216 1154 2255 eam
1175 2217 1248 2256 cum

140 2278 308 2338 voluntate
328 2284 499 2358 pareutum
519 2295 667 2356 sponsam
687 2274 845 2337 habuerit.
896 2277 939 2336 Et
967 2275 994 2338 si
1023 2279 1157 2353 fratres,
1194 2279 1247 2338 rel

41 2415 44 2418 .
139 2369 241 2419 mater
262 2356 352 2434 eius,
374 2366 428 2417 eut
449 2356 506 2415 alii
526 2366 691 2437 parentes,
713 2358 815 2419 malae
838 2358 997 2420 voluntati
1019 2359 1088 2419 eius
1110 2377 1248 2420 eonsen—

138 2441 256 2516 serint,
279 2449 316 2499 ut
336 2459 405 2500 eam
427 2437 476 2498 illi
499 2437 682 2516 traderent,
713 2461 811 2520 quem
831 2440 900 2523 ipsa
922 2441 982 2501 sibi
1005 2449 1116 2502 contra
1137 2452 1244 2522 pater-

139 2544 213 2582 nam
234 2522 285 2582 vel
308 2531 478 2603 parentum
492 2520 691 2581 voluntatem
712 2522 875 2603 cupierat,
898 2534 931 2585 et
950 2523 1013 2584 hoc
1034 2523 1075 2583 ad
1096 2523 1246 2584 ellectum

136 2604 366 2689 perduxerint:
389 2603 451 2678 illi,
472 2601 530 2682 qui
551 2601 613 2662 hoc
632 2603 917 2683 machinaverunt,
940 2606 1055 2665 libram
1071 2606 1245 2681 aurident,

137 2687 191 2749 cui
213 2687 282 2748 Rex
308 2685 452 2746 iusserit:
481 2685 526 2745 sic
552 2694 659 2744 tamen
682 2696 718 2746 ut
739 2687 888 2748 voluntas
910 2709 1020 2750 eorum
1044 2707 1109 2747 non
1130 2687 1247 2748 habeat

137 2770 336 2847 firmitatem;
367 2767 423 2828 sed
445 2766 527 2845 ipsi,
550 2767 632 2828 sicut
652 2769 797 2848 superius
819 2770 978 2847 diximus,
1005 2769 1096 2829 ambo
1120 2771 1243 2832 tradan-

136 2863 190 2912 tur
210 2873 284 2912 cum
305 2850 393 2911 omni
414 2849 589 2910 substantia
610 2870 667 2910 sua
687 2851 749 2927 illi,
772 2851 824 2912 cui
847 2864 941 2914 antea
961 2855 1067 2920 fuerat
1087 2863 1245 2934 sponsata.

135 2935 279 2996 Eandem
309 2935 413 3015 legem
443 2931 658 3014 praecipimus
688 2934 862 3012 custodiri,
906 2935 932 2994 si
964 2942 1055 3016 pater
1084 2935 1124 2995 de
1159 2934 1245 2996 filiae

137 3017 257 3099 nuptiis
278 3014 458 3091 definierit,
490 3022 524 3075 et
544 3016 584 3076 de
604 3013 709 3098 pretio
744 3017 950 3078 convenerit:
992 3038 1028 3077 ac
1054 3016 1080 3076 si
1113 3018 1151 3076 ab
1182 3016 1246 3078 hac

136 3100 202 3160 vita
223 3095 402 3175 transierit,
426 3105 597 3179 antequam
618 3117 687 3158 eam
708 3108 799 3180 pater
819 3121 895 3161 suus
917 3098 1034 3181 nuptui
1055 3099 1177 3176 tradat,
1207 3108 1246 3160 ut

136 3182 193 3242 illa
212 3182 323 3267 puella
344 3181 499 3259 tradatur,
521 3179 575 3244 cui
594 3201 613 3240 a
632 3189 723 3264 patre
745 3181 798 3244 vel
820 3193 920 3245 matre
940 3192 1033 3266 pacta
1054 3181 1245 3243 constiterit.

495 3347 556 3416 Ill.
597 3371 660 3412 ses.
682 3370 768 3418 cuns.
797 3373 864 3420 sax.

406 3465 456 3526 De
478 3485 541 3526 non
562 3463 746 3525 revocandis
767 3465 852 3526 datis
872 3467 966 3528 arnis.

216 3548 302 3608 Dum
314 3548 561 3626 praeteritorum
577 3549 661 3608 facta
671 3548 865 3627 recolimus,
887 3549 1004 3611 futuris
1018 3571 1139 3633 ponere
1152 3571 1244 3634 prae·

134 3629 369 3710 sumptionibus
397 3629 571 3690 terminum
598 3630 872 3692 consultissimum
901 3634 1102 3699 arbitramur.
1155 3634 1245 3711 Quia

134 3732 211 3794 ergo
232 3722 309 3773 sunt
328 3711 497 3794 plerique,
519 3710 577 3792 qui
598 3713 699 3774 factae
721 3714 903 3795 sponsionis
926 3715 1145 3794 immemores,
1182 3737 1244 3775 nu·

132 3792 282 3877 ptialium
303 3794 470 3855 foederum
497 3792 722 3857 deliniationem
749 3795 898 3858 differant
926 3799 1117 3882 adimplere;
1151 3797 1243 3858 abro-

133 3897 206 3958 gare
229 3876 322 3937 decet
342 3875 439 3938 huius
461 3875 509 3937 rei
531 3876 707 3952 licentiam,
731 3885 768 3936 ut
789 3901 854 3939 non
871 3883 1093 3962 unusquisque
1108 3903 1166 3963 pro
1183 3902 1244 3941 suo

132 3959 238 4035 velle,
261 3959 354 4020 alteri
369 3959 556 4020 dilationem
576 3957 734 4024 exhibeat.
777 3960 920 4044 Ideoque
939 3986 956 4020 a
978 3963 1028 4022 die
1047 3964 1129 4024 latae
1143 3962 1245 4024 buius

133 4039 215 4123 legis
237 4041 458 4120 decernimus,
490 4050 526 4102 ut
551 4062 625 4103 cum
644 4041 732 4102 inter
759 4045 892 4126 eosqui
918 4043 1128 4126 disponsaudi
1153 4056 1244 4120 sunt,

132 4122 201 4184 sive
225 4123 311 4184 inter
340 4145 452 4186 eorum
473 4134 648 4207 parentes,
684 4133 740 4184 aut
766 4126 898 4188 fortasse
926 4126 1146 4210 propinquos,
1181 4149 1244 4210 pro

129 4205 273 4270 tiliorum
293 4206 414 4292 nuptiis
431 4228 538 4271 coram
558 4205 693 4272 testibus
714 4209 924 4292 praecesserit
945 4209 1109 4289 definitio,
1133 4218 1165 4272 et
1187 4231 1244 4272 au-
