2632 4822
351 281 576 346 tissimum
604 280 741 339 moon
777 283 841 338 ιιι.
861 285 883 338 ι.
1132 265 1205 343 75ῑ

136 456 139 464 ’
172 429 264 496 Vm.
299 427 342 492 Si
371 425 491 494 mulier
518 431 574 486 aut
601 424 723 507 puella.
744 431 857 484 notum
887 420 1054 502 hebuerit,
1089 417 1207 507 quem-

89 535 227 598 cumque
251 511 419 581 hominem
439 529 577 574 uxorem
605 508 743 582 habero,
775 515 812 594 ⁸et
832 527 928 590 super
949 506 1050 590 ipsam
1071 506 1208 572 introie-

88 601 149 676 rit,
193 606 226 658 et
255 595 372 662 tulerit
397 593 564 672 moritum,
599 613 666 654 non
694 611 808 663 snum3
845 589 1007 651 sancimus
1037 600 1073 652 ut
1095 613 1208 656 omnes

88 703 140 744 res
171 701 243 744 suas
272 679 386 762 perdat
414 676 483 760 ipsu
511 675 632 751 mulier
650 696 734 757 quue
756 694 789 734 se
811 673 931 736 sciente
954 673 1087 737 alterius
1108 676 1209 736 mari-

36 769 62 818 s
90 775 124 828 to
146 762 328 826 voluntarie
350 760 525 824 consensit.
568 761 611 821 Et
639 758 783 820 medium
805 757 962 822 derebus
984 757 1049 819 suis
1071 759 1210 843 accipiat

92 847 201 912 Curtis
221 845 337 928 Regia,
375 853 408 910 el
436 843 579 908 medium
599 851 747 926 parentes
768 839 916 902 mulieris
935 841 1061 922 prioris.
1104 843 1146 906 Et
1167 843 1212 903 il..

91 933 157 994 lum
176 931 318 1012 priorem
338 929 511 996 mulierem
531 925 667 1010 recipiat
686 924 819 986 maritus
841 944 933 1004 suus,
955 933 996 986 ,et
1018 926 1103 986 colat
1127 949 1210 1006 oum,

90 1026 127 1080 ut
149 1014 245 1076 decet
265 1033 401 1075 uxorem
422 1011 608 1094 legitimam.
649 1010 700 1071 Ee
719 1007 777 1068 illu
802 1007 917 1070 vitium
946 1029 1040 1072 suum
1069 1010 1129 1070 sibi
1157 1031 1211 1074 re-

59 1144 63 1150 .
90 1105 202 1182 putot,
220 1116 319 1179 ¹quam
340 1115 438 1178 super
459 1096 555 1156 alium
576 1113 711 1156 uxorem
733 1091 851 1152 intrare
873 1093 1142 1174 praesumpserit,
1178 1101 1213 1156 et

91 1180 176 1244 nihil
198 1179 232 1242 ei.
250 1189 478 1260 componatur,
502 1199 563 1240 neo
584 1175 671 1238 faida
691 1175 885 1257 requiratur.
947 1176 989 1236 ΙΙ.
1016 1178 1062 1242 13.
1085 1199 1114 1238 n.

160 1280 254 1327 nouis.¹
276 1264 356 1326 Petro
373 1262 542 1332 tessappeliat
560 1259 714 1322 Martinus,
743 1258 819 1328 quod
845 1258 881 1310 ad
898 1258 1012 1310 Mariam
1038 1268 1115 1312 tuam
1132 1278 1213 1314 mun-

91 1333 219 1388 doaldam
238 1342 296 1386 crat
314 1333 476 1398 cognitum,
498 1331 574 1404 quod
590 1333 714 1385 Donatus
732 1328 819 1382 habet
833 1329 868 1380 ad
887 1347 1000 1382 uxorem
1017 1329 1115 1382 Aldum
1134 1349 1214 1388 suam

90 1423 226 1466 sororem,
256 1412 284 1456 et
308 1389 433 1457 introivit
459 1420 541 1474 super
565 1419 641 1467 eam,
671 1410 699 1454 et
724 1399 792 1452 tulit
809 1401 956 1465 maritum,
988 1401 1063 1470 qnod
1080 1418 1137 1454 non
1156 1410 1213 1456 erat

89 1493 179 1528 suum.

175 1545 231 1606 lx.
274 1542 308 1604 Si
330 1543 450 1604 ancilla
471 1545 593 1604 furtum
615 1540 751 1620 fecerit,
775 1545 948 1621 componat
970 1539 1120 1601 dominus
1142 1539 1212 1602 eins

90 1631 213 1692 furtum
245 1627 306 1690 sihi
341 1647 463 1688 nonum
493 1635 628 1686 tantum.
679 1625 759 1685 Nam
786 1625 851 1684 XL.
883 1623 940 1684 sol.
973 1623 1061 1683 unde
1090 1623 1124 1682 in
1148 1624 1213 1686 hoc

90 1713 208 1776 Edicto
225 1711 346 1795 legitur
362 1732 420 1794 pro
436 1711 544 1794 culpa,
567 1708 656 1791 quod
676 1717 723 1770 est
739 1705 869 1791 fognngi
883 1705 943 1787 f),
966 1727 1032 1770 non
1048 1707 1214 1790 requiran-

5 1811 8 1826 ·
91 1805 147 1858 tur
167 1817 229 1856 neo
251 1793 421 1878 exiguntur
442 1817 460 1854 a
484 1792 615 1856 domino
637 1791 786 1858 ancillae.
849 1791 892 1851 ΙΙ.
914 1791 964 1852 25.
985 1790 1037 1868 48.

201 1977 748 2052 LIUTPRANDI
822 1967 1179 2048 LEGEs.'

468 2140 611 2218 (moun
651 2139 838 2218 uulnus)

338 2288 479 2342 INCIPIT
516 2287 737 2344 LIUTPRANDI
774 2287 974 2342 PROLOGUS.

179 2391 297 2472 Leges,
343 2413 420 2470 quas
439 2393 630 2452 christianus
654 2405 684 2452 ct
710 2391 882 2453 catholicus
902 2393 1054 2476 princeps
1075 2392 1218 2455 institue-

97 2493 132 2540 re
162 2473 397 2558 etprudcnter
419 2477 544 2535 censere
573 2473 736 2560 disponit,
768 2496 832 2535 non
852 2497 909 2536 sua
934 2476 1125 2559 prudentia,
1159 2476 1220 2537 sed

95 2559 162 2622 Dei
191 2571 269 2618 rtutu
300 2571 331 2619 et
351 2559 579 2640 inspiratione,
612 2579 665 2618 eas
688 2559 792 2617 unium
821 2561 985 2645 concepit,
1018 2573 1120 2622 mente
1139 2581 1217 2644 per-

97 2652 239 2718 tractat,
260 2653 291 2701 et
312 2641 484 2701 salubriter
505 2661 599 2724 opere
617 2641 773 2724 complet,
795 2644 870 2724 quia
894 2663 950 2703 cor
969 2643 1061 2722 Regis
1088 2645 1122 2702 in
1147 2665 1218 2704 ma-

97 2747 140 2786 uu
160 2725 224 2783 Dei
244 2737 311 2802 est,
346 2735 511 2800 attestante
539 2725 770 2806 sapientissimo
796 2724 965 2786 Salomone
986 2727 1043 2810 qui
1065 2728 1129 2786 ait:
1162 2725 1218 2785 Si-

98 2820 150 2869 cut
170 2807 305 2892 impetus
327 2827 445 2889 aquae,
484 2807 530 2866 ita
554 2826 611 2866 cor
629 2807 722 2886 Regis
744 2807 778 2866 in
801 2829 895 2868 manu
918 2809 1000 2868 Dei:
1034 2811 1063 2868 si
1081 2810 1219 2870 tenuerit

99 2912 173 2962 eas,
211 2891 318 2950 omnia
346 2889 567 2949 siccabuntur:
607 2891 636 2948 si
658 2901 760 2950 autem
791 2891 961 2950 clementer
986 2913 1039 2951 eas
1066 2893 1217 2967 emiserit,

99 2974 474 3050 universairrigantur,
513 2985 549 3032 et
576 2972 739 3055 replentur
768 2974 928 3039 suavitate.
991 2973 1148 3054 Equidem
1188 2987 1219 3034 et

100 3053 271 3136 Apostolus
293 3054 426 3115 Domini
452 3055 587 3116 Iacobus
610 3056 643 3114 in
666 3055 801 3138 epistola
819 3077 877 3115 sua
900 3058 946 3116 ita
967 3055 1071 3120 edidit
1090 3055 1219 3118 dicens:

104 3134 204 3193 Omne
223 3135 341 3196 donum
362 3138 533 3218 optimum,
556 3150 587 3198 ct
611 3157 701 3198 omne
719 3133 827 3197 datum
842 3136 1029 3220 perfectum,
1052 3137 1221 3200 desursum

102 3228 173 3294 est,
203 3216 398 3278 descendens
415 3242 434 3278 a
455 3223 547 3301 patre
570 3221 731 3281 luminum.
773 3219 837 3280 His
861 3241 934 3298 ergo
963 3222 1100 3304 expletis
1128 3241 1220 3282 reco-

103 3300 219 3370 limus,
253 3302 402 3380 quoniam
434 3303 668 3362 robustissimus
692 3301 840 3363 decessor
862 3315 989 3380 noster,
1025 3316 1117 3386 atque
1140 3305 1220 3364 emi·

103 3383 305 3442 neutissimus
334 3383 454 3442 Rothur
482 3385 569 3457 Rex,
605 3386 686 3445 sicut
712 3387 726 3443 i
748 3405 779 3444 se
814 3396 862 3444 est
887 3386 922 3444 in
948 3387 1077 3469 scriptis
1103 3384 1220 3468 effatus

104 3466 189 3542 suis,
227 3467 370 3547 superius
390 3467 424 3524 in
442 3465 662 3546 Langobardis
688 3407 825 3528 eolesam
844 3469 1022 3545 renovavit,
1052 3481 1145 3553 atque
1169 3472 1221 3528 in-

104 3547 226 3622 stituit,
249 3548 304 3610 ubi
319 3561 350 3607 et
365 3547 542 3630 prudenter
556 3552 614 3610 lioc
631 3551 770 3610 inserere
792 3551 924 3622 curavit,
947 3549 1067 3626 dicens,
1089 3565 1123 3612 ut
1138 3554 1223 3634 quis·

105 3648 164 3712 que
199 3629 483 3708 Langobardorum
518 3632 674 3716 Princeps
709 3635 776 3692 eius
814 3653 978 3692 successor
1015 3632 1221 3718 superfluum,

105 3710 195 3792 quod
218 3713 263 3772 ili
284 3715 459 3796 reperiret,
489 3735 533 3775 erc
557 3737 593 3776 eo
622 3716 783 3799 sapienter
802 3713 961 3796 auferret,
996 3728 1026 3776 ct
1048 3717 1137 3797 quod
1159 3719 1222 3776 mi-

106 3815 166 3854 nus
201 3796 357 3856 inveniret
393 3793 462 3857 Deo
497 3799 672 3882 inspirante
700 3797 862 3863 adiiceret.
927 3799 1005 3858 Post
1032 3819 1123 3881 quem
1161 3823 1223 3861 una

107 3877 190 3936 cuim
198 3879 445 3957 gloriosissimus
459 3879 716 3958 GrimoaldRex,
737 3903 816 3963 quae
826 3882 877 3940 illi
891 3880 1051 3965 superflua
1065 3881 1137 3942 uisa
1151 3894 1224 3944 sunt

107 3963 238 4036 minuit,
275 3974 305 4021 et
330 3982 409 4044 quae
435 3961 604 4024 secundum
632 3965 735 4024 Deum
738 3965 879 4106 sintita
897 3960 1051 4048 suerunt,
1087 3965 1223 4050 amplia·

107 4042 166 4107 uit.
209 4042 305 4102 Cuius
326 4066 383 4106 nos
403 4066 547 4106 normam
567 4048 708 4129 sequuti,
762 4048 890 4110 irinitus
913 4060 947 4108 ut
969 4034 1223 4129 credimus,⁴tn·

175 4245 266 4317 pn.
288 4248 374 4304 cosa.
384 4199 528 4323 sefion
551 4250 658 4324 figas,
695 4251 806 4306 noua
814 4221 951 4327 segaga.
