2640 4838
126 249 199 326 716
526 265 692 322 carasca
715 263 905 324 soruams

121 407 210 463 estin
236 407 354 460 animam
371 406 474 478 ipsius,
507 415 556 462 aut
577 406 667 462 coluit
689 425 749 463 carn
771 406 886 462 invitans
914 407 950 462 ad
966 408 1094 464 maritum
1111 407 1241 476 tradere,

121 478 197 532 unde
214 495 260 531 vos
279 477 333 530 laur
352 496 400 546 per
417 478 508 546 plures
525 478 599 532 sices
618 478 643 530 ei
661 478 796 532 mandasti
813 497 861 548 per
878 481 1005 543 Brevem,
1027 488 1077 532 aut
1094 495 1144 550 per
1163 481 1245 550 Epis-

122 548 226 622 tplam,
256 546 331 617 quod
353 549 388 600 acl
407 547 539 600 Placitum
565 555 684 601 vestrum
707 548 841 612 venisset,
868 556 896 600 et
921 550 947 601 ei
964 549 1098 602 iustitiam
1116 548 1241 614 fecisset,

123 626 151 670 et
167 617 225 687 ipse
241 617 332 668 noluit
347 618 446 670 venire.
484 617 600 680 Mulier,
621 617 688 669 dicis
706 625 737 670 tu
755 617 813 669 ita?
849 617 930 675 Dico.
963 619 1113 683 EtPetre,
1144 621 1242 688 quies

121 695 297 747 suustutor,
327 685 441 740 dicistu
460 685 525 739 ita?
560 687 605 738 Sic
623 688 693 738 dico.
729 690 827 740 Donne
851 688 965 751 Comes,
993 689 1175 742 recordamini
1193 707 1243 742 vos

120 756 181 808 ita?
207 757 252 808 Sic
270 756 349 808 socio.
381 757 415 808 Et
432 774 479 808 vos
500 755 625 820 ludices,
655 755 746 809 dicitis
759 757 881 810 siciSic
894 759 1022 816 dicimus.
1059 759 1242 814 Tuncdebet

119 827 286 892 interrogare
304 827 401 878 Comes
421 827 537 879 ludices.
572 826 675 889 Dicite,
694 828 770 896 quod
786 827 921 898 praecipit
937 829 992 881 lex.
1029 831 1108 882 'lunc
1127 829 1242 882 ludices

119 897 223 951 debent
240 897 332 950 dicere
352 898 445 961 legem.
483 899 563 950 Tunc
580 907 675 966 postea
689 899 787 950 Comes
803 898 886 952 debet
898 899 1064 965 interrogare
1078 899 1167 969 ipsam
1179 901 1241 952 inu-

118 967 233 1030 lierem‚
254 977 282 1021 et
300 965 383 1018 debet
404 966 429 1018 ei
443 966 484 1020 ita
499 965 597 1019 dicere.
636 969 668 1018 ln
685 967 761 1020 cuius
778 967 893 1021 Mundio
910 970 950 1022 vis
968 969 1046 1021 esse?
1072 987 1106 1020 an
1122 969 1152 1022 in
1169 970 1238 1034 eius,

120 1036 171 1108 qui
187 1036 238 1088 tibi
258 1036 388 1098 offendit,
420 1036 499 1088 auin
521 1035 635 1088 Maudio
654 1035 774 1088 Palatii?
800 1039 861 1108 Ipsa
879 1039 994 1102 mulier,
1023 1039 1045 1090 si
1062 1057 1118 1091 non
1135 1039 1239 1093 habeat

119 1114 261 1177 parentes,
288 1105 309 1158 si
325 1106 386 1158 vult
403 1106 564 1176 respondere
585 1105 613 1157 in
638 1106 753 1159 Mundio
774 1106 883 1163 Palatii.
930 1109 1010 1162 Tunc
1035 1108 1122 1161 debet
1146 1109 1241 1162 dicere

120 1193 192 1228 unus
212 1176 337 1228 Indicum
352 1193 400 1246 pro
416 1192 465 1239 eo,
496 1176 618 1246 quivult
640 1194 698 1228 earn
715 1176 839 1246 accipere
854 1195 973 1231 uxorem.
1011 1180 1110 1232 Senior
1128 1180 1236 1244 Comes,

120 1245 143 1297 si
167 1245 236 1297 adeo
255 1255 296 1298 est
313 1245 415 1298 factum
432 1263 481 1314 per
497 1246 551 1299 hoe
568 1245 646 1299 venit
662 1247 811 1312 Martinus,
838 1249 913 1318 quod
938 1248 997 1319 ipse
1021 1251 1084 1302 vult
1107 1267 1239 1321 sponsare

118 1315 234 1370 Mariam
260 1315 458 1368 Mundualdam
486 1315 521 1368 de
547 1315 662 1369 Palatio.
711 1317 795 1370 Venis
826 1328 936 1389 propter
959 1319 1034 1374 boc?
1071 1319 1117 1372 Sic
1155 1321 1237 1374 facio.

120 1386 201 1439 Dona
220 1385 436 1448 Coniuratis,
459 1386 536 1455 quod
553 1395 584 1438 tu
603 1386 686 1440 iacias
710 1387 735 1438 ei
753 1387 863 1440 Mulieri
881 1397 1004 1460 quartam
1026 1390 1180 1459 portionem
1200 1391 1238 1443 de

121 1464 227 1525 quanto
241 1472 318 1508 nunc
332 1453 435 1520 babes,
456 1465 483 1508 et
499 1455 529 1508 in
545 1463 627 1508 antea
645 1457 788 1526 adquirere
801 1460 939 1527 potueris,
958 1468 1015 1513 tam
1034 1460 1068 1512 dc
1080 1477 1109 1512 re
1125 1459 1234 1525 mobili,

121 1542 260 1599 quamque
277 1523 426 1589 immobili,
445 1542 494 1578 seu
510 1528 544 1579 de
558 1526 680 1590 familia,
701 1536 730 1579 et
747 1527 769 1580 si
786 1536 815 1580 te
839 1529 1019 1594 subtraxeris,
1040 1538 1072 1583 ut
1089 1537 1235 1601 componas

119 1596 221 1648 solidos
237 1595 321 1648 mille.
360 1596 411 1648 Per
427 1593 506 1650 istam
525 1605 643 1666 spatam,
669 1603 698 1648 et
714 1597 796 1648 istum
812 1609 978 1654 vuantonem
995 1617 1045 1666 ego
1064 1619 1167 1671 sponso
1182 1600 1235 1653 tibi

120 1665 235 1720 Mariam
256 1665 455 1717 Mundualdaru
473 1664 509 1717 de
528 1667 641 1720 Palatio.
677 1666 712 1718 Et
730 1683 779 1733 ego
801 1667 878 1721 vobis
904 1671 1036 1724 comendo
1060 1687 1120 1722 eam
1147 1687 1235 1740 usqne

119 1737 211 1791 modo.
248 1736 347 1788 Donne
365 1736 461 1788 Comes
489 1735 561 1788 dona
580 1736 605 1790 ei
629 1735 728 1799 vadia,
758 1737 832 1806 quod
855 1748 887 1792 tu
911 1741 958 1792 des
981 1739 1006 1792 ei
1026 1739 1061 1791 ad
1079 1739 1234 1807 legitimum

122 1805 280 1870 coniugium
300 1805 413 1858 Mariam
435 1806 633 1860 Mundualdarn
650 1807 684 1858 de
708 1805 831 1869 Palatio,
868 1817 896 1862 et
925 1809 1016 1862 mittas
1045 1809 1096 1860 sub
1119 1809 1235 1863 mundio

120 1893 184 1928 cum
200 1874 324 1928 omnibus
346 1875 426 1928 rebus
442 1873 606 1941 mobilibus,
636 1886 664 1929 et
680 1876 884 1942 immobilibus,
911 1897 960 1932 scu
983 1878 1101 1934 familiis.
1138 1881 1174 1933 Et
1191 1889 1233 1943 tu,

119 1945 257 2009 Martiae,
278 1945 349 1996 dona
367 1946 391 1996 ei
409 1946 505 2006 vadia,
526 1945 601 2016 quod
616 1955 646 1998 tu
664 1945 782 2015 accipias
799 1964 876 2010 eam,
897 1958 924 2002 et
940 1949 1028 2019 qualis
1041 1965 1069 2000 se
1090 1947 1235 2002 subtraxe-

117 2014 155 2068 rit
174 2025 319 2086 componat
336 2015 436 2068 solidos
454 2016 541 2066 mille.
587 2017 648 2070 Fiat
667 2017 766 2087 scripta
785 2027 882 2086 quarta
903 2017 973 2089 (leg.
994 2018 1109 2087 charta)
1133 2029 1162 2073 et
1186 2021 1235 2072 fiat

118 2087 221 2139 tradita
240 2087 275 2138 ad
293 2086 428 2138 feminam.
466 2085 562 2138 Senior
586 2088 702 2148 Comes,
733 2085 851 2157 accipite
872 2088 949 2140 illam
973 2088 1175 2142 Mundualdam
1197 2089 1234 2142 de

116 2151 244 2220 Palatio,
271 2165 299 2208 et
316 2156 416 2209 donate
434 2157 554 2208 Martino
573 2157 607 2208 ad
624 2156 772 2222 legitimam
791 2174 903 2210 uxorem
921 2159 956 2211 ad
972 2158 1144 2213 habendum.
1182 2159 1234 2210 Se-

119 2227 182 2280 nior
199 2229 315 2289 Comes,
345 2235 455 2297 propter
478 2227 533 2279 hoc
557 2225 641 2280 donat
664 2227 797 2280 Martinus
822 2228 903 2280 istam
925 2229 1075 2291 crusinam,
1104 2237 1131 2280 et
1150 2228 1231 2283 istam

119 2296 261 2359 lanceam,
297 2305 324 2347 et
349 2293 431 2350 istum
453 2306 561 2349 scutum
587 2297 622 2348 ad
642 2295 799 2348 habendum
823 2315 839 2348 a
857 2299 972 2352 Domino
993 2301 1160 2368 Imperatore
1182 2315 1233 2368 per

119 2367 262 2419 mundium
281 2367 384 2418 Mariae
403 2366 590 2418 Mundualdae
608 2367 643 2419 de
660 2366 782 2430 Palatio,
809 2375 840 2418 ut
860 2367 951 2420 mittas
969 2386 1028 2421 earu
1047 2368 1098 2420 sub
1116 2368 1234 2421 mundio

119 2451 183 2487 cum
202 2435 326 2487 omnibus
345 2435 425 2488 rebus
451 2435 617 2498 mobilibus,
645 2444 672 2487 et
699 2435 901 2502 immobilibus,
927 2457 975 2491 seu
1000 2435 1129 2501 familiis,
1157 2453 1234 2510 quae

118 2503 155 2556 aid
173 2523 232 2558 eam
250 2505 402 2575 perlegens
427 2508 572 2576 pertinent.
608 2506 642 2557 Et
668 2513 747 2558 tento
770 2515 869 2568 scuto,
908 2517 936 2560 et
960 2510 1059 2561 lancea
1084 2506 1176 2560 tradas
1204 2508 1231 2560 ei

117 2573 192 2629 banc
211 2591 321 2638 crosna,
350 2585 378 2628 et
399 2577 543 2629 mundium
565 2575 600 2627 ad
619 2575 765 2645 proprium.
802 2575 964 2631 detinentur
984 2579 1057 2632 euim
1074 2578 1124 2632 illa
1140 2578 1197 2632 duo
1214 2594 1232 2630 a

117 2643 232 2700 Gemite.
270 2647 368 2698 Donne
387 2647 483 2700 Comes
500 2645 649 2716 praecipite
669 2645 726 2697 lieri
745 2645 883 2700 noticiam.

126 2752 131 2758 -
188 2718 266 2768 Petre
288 2722 317 2767 te
340 2717 461 2786 appellat
478 2715 564 2770 Maria
588 2733 651 2770 cum
671 2717 781 2768 Donato
802 2734 851 2768 suo
871 2724 978 2779 tutore,
1007 2717 1081 2787 quod
1097 2717 1156 2798 ipsa
1173 2721 1233 2768 erat

117 2787 167 2844 tua
183 2785 365 2848 mundoalda,
385 2803 448 2838 cum
464 2786 608 2838 insidiatus
627 2802 654 2838 es
670 2785 788 2838 insuam
807 2787 941 2851 animam,
960 2793 1007 2838 aut
1021 2786 1116 2838 misisti
1135 2785 1161 2837 ei
1178 2786 1234 2839 cri·

117 2869 200 2917 men,
220 2855 295 2924 quod
310 2863 380 2907 esset
396 2855 559 2907 adulterata.
866 2867 870 2875 ’

187 2927 266 2979 Petre
282 2935 310 2976 te
327 2926 446 2994 appellat
461 2925 609 2987 Martinus,
630 2924 705 2995 quod
722 2931 754 2976 tn
770 2932 848 2976 tenes
864 2924 915 2975 sibi
930 2921 999 2975 malo
1013 2921 1107 2974 ordine
1125 2921 1228 2977 Aldam

116 3011 194 3048 suam
213 2995 416 3046 mundoaldam.
451 2995 514 3046 Mea
529 2994 627 3046 mulier
643 3003 692 3046 est.
738 2996 794 3047 Aut
822 2994 920 3064 probet
936 3010 983 3064 per
1002 2990 1148 3058 noticiam,
1178 2999 1229 3046 aut

116 3082 166 3136 per
184 3073 284 3130 testes,
305 3073 352 3117 aut
369 3081 415 3136 per
432 3063 556 3126 iudices,
582 3072 630 3116 aut
646 3063 743 3134 perdat
763 3064 900 3117 feminam.
1006 3067 1009 3074 '

186 3132 267 3189 Petre
280 3144 308 3188 te
321 3135 443 3204 appellat
456 3134 607 3195 Martinus,
626 3133 701 3203 quod
716 3141 747 3185 tu
762 3144 838 3186 tenes
858 3133 909 3185 sibi
930 3133 1000 3184 malo
1018 3132 1112 3187 ordine
1127 3138 1231 3184 terram

117 3203 148 3257 in
165 3207 215 3259 tali
232 3206 302 3258 loco.
341 3206 401 3274 ipsa
419 3212 488 3255 terra
505 3220 564 3256 mea
579 3203 686 3274 propria
700 3211 755 3264 est,
776 3205 810 3254 de
825 3211 902 3274 parte
920 3203 1017 3256 Duriae
1037 3219 1115 3254 meae
1130 3201 1236 3254 mulie-

117 3274 161 3327 ris.
198 3276 253 3328 Aut
271 3275 368 3346 probet
385 3290 433 3344 per
445 3283 547 3340 testes,
569 3282 617 3324 aut
634 3290 681 3344 per
700 3275 845 3338 noticiam,
874 3282 922 3327 aut
941 3291 990 3344 per
1004 3273 1130 3336 iudices,
1163 3289 1236 3346 quo-

117 3345 200 3398 modo
218 3345 270 3397 fuit
286 3363 335 3398 sua
355 3344 472 3410 mulier,
490 3353 539 3396 aut
551 3343 649 3415 perdat
662 3351 768 3395 terram.

203 3438 362 3501 cxcvn.
404 3437 438 3500 Si
461 3439 532 3520 quis
556 3437 723 3498 mundium
746 3437 785 3498 do
808 3435 918 3518 puella
940 3435 1059 3514 libera,
1083 3443 1138 3496 aut
1159 3455 1235 3494 mn-

117 3518 198 3582 liere
227 3519 366 3598 habens,
400 3543 470 3582 eam
498 3521 650 3604 strigam,
688 3518 776 3602 quod
804 3529 851 3578 est
872 3520 996 3595 Musca,
1038 3515 1235 3594 clamaverit,

118 3612 256 3685 excepto
277 3612 365 3683 putre
389 3613 442 3663 aut
463 3605 570 3680 fratre,
593 3603 717 3664 amittat
737 3600 906 3662 mundium
926 3600 1036 3684 ipsius,
1059 3609 1095 3660 ut
1117 3619 1235 3682 supra;

118 3697 151 3747 et
171 3684 228 3745 illa
249 3695 438 3768 potestatem
460 3685 576 3748 habeat
597 3708 670 3746 cum
686 3685 781 3745 rebus
803 3683 867 3744 suis
889 3682 1048 3766 propriis,
1072 3681 1128 3742 ubi
1149 3681 1236 3756 vult,

118 3769 347 3851 adparentes,
388 3778 443 3828 aut
464 3767 504 3828 ad
527 3769 658 3829 Curtem
678 3767 773 3849 Regis
795 3787 827 3826 se
863 3763 1106 3840 commendare,
1147 3783 1235 3844 quae

117 3851 379 3914 'mundium-eius
402 3852 516 3913 debeat
536 3851 666 3912 habere.
706 3851 749 3909 Et
776 3848 801 3908 si
822 3847 872 3908 vir
892 3848 948 3911 ille
972 3845 1137 3928 negaverit
1159 3845 1239 3906 dix-

118 3935 180 3996 isse
202 3935 266 3995 hoc
290 3934 429 4013 crimen,
459 3933 556 3994 liceat
586 3933 615 3994 ei
638 3953 670 3994 se
692 3931 881 4015 purificare,
917 3928 1142 4016 etpmuudium
1164 3927 1239 3990 eiua

118 4017 238 4080 habere
260 4025 296 4076 ut
315 4039 420 4098 supra.
483 4015 528 4078 ll.
555 4037 600 4078 11.
623 4017 653 4076 3.

203 4121 388 4198 CXCVlll.
431 4120 464 4180 Si
494 4119 567 4202 quis
603 4118 763 4202 puellam,
806 4126 861 4179 ant
890 4115 1060 4178 mulierem
1087 4113 1240 4194 liberam,

120 4205 257 4288 quaein
281 4203 413 4266 alterius
435 4203 570 4288 mundio
594 4212 655 4281 est,
686 4199 909 4280 fornicariam,
940 4209 999 4295 aut*
1013 4205 1144 4282 stragem
1166 4198 1239 4260 ela-
