2632 4822
369 253 588 310 alerannum
605 251 729 305 neuun
747 252 813 305 nis.
829 251 881 306 vsn.
1096 231 1169 308 783

58 397 195 460 dictione
220 394 254 458 V
251 399 317 458 III.
343 394 419 455 ditm
445 392 702 454 rememorassen'c
730 389 819 473 quod
844 390 998 450 venientes
1027 391 1167 454 homines

6 498 9 506 '
34 549 35 552 Ἴ
57 483 159 542 nostri
178 481 212 539 in
236 480 447 561 praesentiam
467 489 629 549 nostram,
652 471 850 532 adduxerint
878 493 1004 532 caussas
1025 476 1108 535 inter
1134 499 1167 538 se

57 563 253 636 altercantes,
276 581 354 640 quae
374 580 430 618 nec
449 579 509 641 per
533 553 751 636 usumsuimus
769 557 847 614 certi
863 555 908 614 ad
924 557 1167 632 terminandum,

39 665 113 704 nec
131 645 165 702 in
186 643 296 702 Edicti
313 639 608 725 corporeanteriori
628 636 811 718 incertos).
834 637 976 698 Proinde
1003 642 1171 720 praevidi-

57 747 125 786 mus
157 746 209 784 cas
237 721 399 806 usquead
426 721 674 806 suprascriptum
706 719 791 779 diem
818 719 948 782 Calend.
978 721 1170 783 Martiarum

57 806 268 891 suspendere,
299 807 374 866 dum
405 825 500 885 usque
531 805 634 864 nostri
666 801 711 862 ad
738 822 796 863 nos
827 803 1090 880 coniungerentur
1114 811 1172 865 Iu-

56 889 144 950 dices
162 901 191 948 ct
213 911 275 948 una
302 910 371 948 curn
390 889 480 970 ipsis,
510 883 635 966 aliquid
656 898 773 945 certum
790 897 820 944 et
850 883 961 944 stabile
983 882 1167 948 deberemus

57 975 229 1056 imponere,
252 969 334 1030 unde
354 984 465 1052 postea
486 969 573 1028 nulla
599 980 679 1026 essct
705 967 848 1031 intentio.

43 1105 55 1134 ,Ι
141 1053 255 1118 LXlV.
297 1053 386 1129 (XI.)
435 1052 485 1111 De
512 1071 551 1110 eo
576 1048 789 1132 praecipimus
817 1047 874 1131 qui
906 1048 1005 1110 filiam
1035 1048 1069 1110 in
1101 1075 1172 1116 casa

57 1135 207 1197 babuerit
226 1135 260 1194 in
287 1134 426 1216 capillo,
449 1142 482 1194 et
504 1132 608 1191 lilium
629 1154 695 1192 non
718 1132 890 1212 reliquerit
915 1133 1108 1214 legitimum,
1134 1147 1174 1199 ut

58 1219 98 1280 de
125 1218 228 1279 rebus·
252 1217 317 1278 suis
346 1216 482 1299 amplius
509 1235 568 1296 per
592 1215 720 1275 nullum
741 1214 872 1284 titulum
899 1217 1093 1298 cuicumque
1116 1215 1174 1300 per

59 1300 284 1376 donationem,
313 1309 369 1359 aut
389 1319 449 1381 pro
479 1298 583 1356 anima
612 1319 668 1357 sua
694 1299 800 1358 facere
828 1298 945 1380 possit,
978 1299 1040 1360 nisi
1067 1311 1172 1381 partes

60 1383 155 1453 duas3
179 1383 305 1442 tertiam
321 1403 399 1443 vero
420 1380 585 1462 relinquat
606 1381 691 1440 filiae
713 1401 801 1456 suae,
822 1381 905 1442 sieut
927 1381 1174 1463 gloriosissimus
1243 1380 1245 1384 ¹

59 1465 205 1526 Rotharis
226 1467 294 1526 Rex
317 1463 465 1528 instituit.
508 1463 593 1539 Quia
615 1463 673 1542 qui
694 1461 790 1522 thinx
809 1463 896 1540 facit,
920 1474 953 1524 et
974 1473 1083 1546 postea
1105 1467 1172 1527 filiu

59 1548 214 1626 nascitur,
236 1549 268 1607 in
291 1547 416 1610 tertiam
436 1554 559 1627 partem
575 1545 677 1628 ipsum
697 1543 792 1606 tbinx
805 1546 977 1629 rumpitur,
996 1549 1175 1610 secundum
1267 1574 1273 1579 -

58 1631 201 1691 anterius
225 1631 398 1692 Edictum:
420 1639 452 1688 et
465 1628 492 1688 si
510 1629 590 1688 duae
616 1627 739 1688 fuerint
752 1639 808 1690 aut
825 1631 972 1711 amplius,
992 1629 1025 1689 in
1049 1633 1174 1693 medie*

60 1724 167 1779 tatem.
208 1712 288 1774 Ideo
313 1715 390 1774 dum
419 1710 488 1792 ipso
517 1711 550 1769 in
573 1710 689 1771 Edicto
713 1709 848 1792 legimus
872 1713 912 1772 de
933 1711 1051 1790 tbinx,
1083 1716 1173 1796 quod

26 1841 28 1846 -
62 1806 110 1874 est
139 1796 288 1873 donatio,
317 1795 411 1856 nobis
437 1793 635 1875 comparuit,
667 1793 754 1874 quod
785 1815 844 1875 per
866 1795 989 1854 nullam
1024 1797 1173 1858 donatio-

62 1899 148 1954 nem,
171 1875 237 1937 nec'
253 1899 312 1959 per
331 1877 444 1956 thinx,
472 1897 532 1937 nee
550 1897 607 1954 per
635 1874 823 1938 launechild
843 1877 943 1958 possit
963 1877 1061 1938 filiam
1083 1901 1173 1944 suam

62 1959 103 2019 de
124 1960 192 2040 ipsa
213 1961 307 2020 tertia
326 1953 487 2042 'portione
510 1957 702 2020 substantiae
731 1980 806 2019 suae
828 1958 1024 2020 exheredem
1051 1963 1168 2025 facere.

61 2041 103 2101 Et
123 2041 149 2102 si
172 2042 254 2102 duae
274 2051 330 2102 aut
351 2042 486 2122 amplius
507 2041 638 2117 fuerint,
657 2039 696 2101 de
718 2041 898 2102 medietate.
985 2042 1025 2107 ΙΙ.
1048 2065 1097 2109 20.
1123 2066 1148 2104 1.

130 2141 209 2175 nonu.
246 2126 325 2177 Petre
340 2133 368 2176 te
392 2125 512 2193 appellat
535 2123 683 2184 Martinus,
712 2139 791 2188 agens
817 2141 872 2174 una
892 2142 966 2176 suam
991 2141 1115 2190 calisam,
1144 2135 1172 2180 et

61 2193 164 2246 Mariae
182 2209 246 2246 suae
264 2193 382 2247 mulieris
400 2194 474 2264 qued
492 2204 523 2245 tu
543 2203 619 2245 tenes
637 2191 710 2242 male
727 2192 822 2244 ordine
841 2194 875 2244 ad
891 2195 1004 2246 Mariam
1022 2213 1097 2247 suam
1115 2214 1175 2248 mu-

61 2263 155 2316 lierem
173 2271 271 2315 terram
294 2264 323 2314 in
351 2265 400 2316 tali
427 2266 497 2315 loco.
543 2266 604 2333 Ipsa
628 2271 699 2315 terra
721 2277 783 2314 mea
801 2263 908 2332 propria
936 2273 977 2316 est
1000 2283 1047 2334 per
1069 2277 1171 2318 cartam

63 2334 233 2396 donacionis,
252 2351 334 2404 quam
354 2334 420 2384 mibi
437 2333 504 2385 lecit
517 2344 594 2401 pater
613 2351 685 2384 suus.
721 2333 822 2383 Contra
844 2335 932 2400 legem
954 2344 995 2386 est
1011 2336 1070 2406 ipsa
1090 2347 1174 2401 carta,

47 2404 130 2472 ,quia
148 2421 209 2454 mea
231 2405 328 2455 mulier
349 2413 405 2456 erat
421 2406 449 2455 in
471 2404 589 2471 capillo,
611 2421 672 2454 cum
694 2400 762 2456 fecit
784 2403 870 2474 ipsam
893 2413 1002 2459 cartam.
1038 2412 1093 2460 but
1109 2425 1173 2479 pro·

63 2473 128 2537 bet,
154 2474 341 2542 quodsuisset
364 2474 392 2526 in
417 2476 528 2544 capillo,
553 2483 600 2526 aut
621 2481 720 2525 taceat.

143 2544 234 2606 LXV
287 2543 408 2621 (ΧΗ.)
451 2549 498 2605 De
520 2545 623 2604 libero
644 2541 786 2620 bomine,
809 2542 866 2624 qui
887 2564 1022 2605 uxorem
1045 2545 1085 2608 de
1099 2569 1169 2608 ser-

62 2649 114 2703 vo,
137 2636 193 2686 aut
214 2625 301 2687 aldio
322 2649 391 2704 suo,
412 2628 539 2690 vivente
560 2626 628 2709 ipso
650 2625 764 2686 marito
783 2625 909 2704 tulerit,
931 2637 962 2688 et
982 2627 1041 2686 filii
1063 2639 1118 2690 aut
1132 2630 1189 2690 fis

63 2711 126 2770 liae
148 2709 267 2770 exinde
290 2710 355 2768 nati
384 2710 526 2786 fuerint,
562 2709 746 2770 nullatenus
761 2705 799 2768 'ei
829 2706 964 2770 heredes
986 2714 1172 2793 succedant,

30 2823 33 2832 =
64 2792 120 2853 sed
142 2814 202 2852 nec
224 2792 406 2852 libertatem
427 2813 516 2854 suam
532 2783 690 2867 babeant,
719 2812 779 2850 nec
801 2811 860 2874 per
880 2793 985 2852 ullum
1006 2793 1175 2877 ingenium

66 2869 111 2944 eis
134 2873 290 2936 derebus
312 2873 376 2936 suis
398 2875 522 2958 aliquid
541 2877 647 2936 l'acere
669 2873 786 2954 possit;
809 2876 886 2955 quia
905 2876 939 2936 in
962 2876 1096 2938 dubium
1115 2901 1174 2941 ve-

65 2956 114 3016 nit
136 2978 245 3020 caussa
265 2951 351 3042 ipsa,
385 2961 477 3022 euius
498 2959 558 3018 lilii
586 2968 640 3019 aut
661 2958 754 3019 filiae.
774 2959 900 3019 luerint
929 2961 1060 3040 quando
1081 2962 1175 3022 ambo

7 3087 11 3094 .
63 3041 188 3119 vivunt,
210 3049 243 3100 et
261 3042 418 3104 Dominus
440 3052 472 3102 et
491 3060 620 3126 servus,
639 3049 671 3101 et
691 3039 749 3124 qui
769 3050 863 3102 antea
889 3040 1020 3122 habuit,
1061 3051 1095 3104 et
1119 3044 1176 3126 qui

65 3133 174 3206 postea
202 3122 287 3182 tulit.
320 3127 322 3132 ’
369 3125 395 3190 Ι.
418 3127 467 3188 32.
488 3125 519 3200 4.

136 3221 215 3255 nonu.
252 3206 328 3256 Patre
345 3213 375 3257 te
402 3207 522 3276 appellat
545 3202 695 3265 Martinus,
721 3204 796 3273 quod
815 3213 845 3256 tu
873 3221 901 3256 es
926 3223 1017 3259 semus
1037 3223 1119 3271 suus,
1149 3218 1179 3261 et

66 3274 139 3325 malo
157 3273 252 3324 ordine
269 3274 404 3326 subtrahis
422 3279 450 3328 te
476 3277 510 3326 de
536 3291 585 3327 suo
606 3273 729 3326 servicio,
767 3274 847 3326 Liber
864 3293 937 3340 stim,
964 3278 1000 3329 Μ.
1021 3293 1096 3329 meus
1113 3277 1177 3348 (sic)

66 3353 145 3414 pater
162 3360 205 3395 me
225 3342 373 3395 libertavit.
410 3347 468 3398 Hoc
487 3345 558 3406 dice,
578 3361 633 3396 non
651 3352 679 3394 te
696 3345 786 3412 potuit
811 3344 956 3410 libertate,
985 3347 1048 3416 quia
1075 3347 1175 3400 habuit

66 3423 95 3466 te
115 3413 148 3467 de
167 3430 251 3464 uxore
269 3413 337 3464 servi
355 3413 407 3477 sui,
425 3415 470 3468 vel
489 3414 554 3464 aldii
573 3414 623 3476 sui,
644 3415 753 3466 vivente
766 3415 817 3472 illo
833 3430 919 3477 serve,
938 3417 983 3469 rel
1002 3417 1087 3474 aldio.
1123 3421 1174 3470 Pe-

66 3491 107 3534 tre
125 3491 154 3535 te
172 3482 292 3553 appellat
309 3483 452 3548 Martinus,
472 3483 546 3554 quod
563 3493 594 3536 tu
612 3493 687 3536 tenes
705 3482 756 3533 sibi
775 3502 855 3535 unam
874 3485 981 3554 peciam
1000 3487 1034 3538 de
1052 3497 1122 3540 terra
1147 3489 1178 3540 in

65 3553 115 3606 tali
132 3554 196 3606 loco
213 3555 285 3605 malo
303 3554 407 3608 ordine.
444 3557 497 3607 llla
513 3564 583 3605 terra
603 3571 664 3606 mea
680 3552 787 3623 propria
805 3562 845 3605 est
860 3572 908 3623 per
925 3559 1122 3610 successionem
1137 3559 1174 3610 M.

5 3630 13 3687 J
66 3624 149 3696 patris
166 3623 228 3676 mei.
265 3625 325 3675 Non
343 3633 467 3694 potesta
487 3625 512 3676 ei
531 3625 687 3686 succedere,
706 3623 771 3694 quia
787 3623 888 3678 habuit
903 3633 932 3680 te
951 3627 985 3678 de
1002 3645 1086 3682 uxore
1104 3629 1174 3684 servi

66 3695 119 3760 sui,
136 3694 181 3751 vel
199 3692 283 3758 aldii,
305 3694 460 3752 viventibus
476 3695 548 3766 ipsis.

103 3846 106 3851 .
496 3797 546 3855 De
569 3795 729 3856 Cautione.

148 3879 267 3944 LXVI.
308 3877 450 3956 (XIII.)
490 3878 525 3938 Si
542 3879 615 3959 quis
636 3876 691 3936 alii
712 3875 895 3938 cautionem
915 3879 1040 3960 fecerit,
1058 3891 1090 3944 et
1109 3905 1175 3945 non

67 3964 98 4026 ei
118 3963 312 4046 obligaverit
332 3961 529 4029 nominative
552 3962 591 4023 de
612 3958 707 4021 rebus
728 3959 804 4035 suis,
825 3959 889 4026 nisi
907 3962 1029 4025 dixerit
1049 3965 1083 4025 in
1106 3965 1174 4063 ipsa

67 4046 218 4109 cautione
240 4045 274 4106 in
296 4045 552 4128 quibuscumque
581 4041 661 4105 loeis
683 4043 723 4105 de
749 4042 846 4106 rebus
867 4044 932 4108 suis
960 4047 1102 4132 potuerit
1122 4071 1175 4110 rn-

133 4214 167 4287 f)
185 4213 304 4282 Legend.
324 4215 454 4266 insertae.
