2640 4838
339 302 343 312 ·
431 257 598 345 anieron
633 289 815 344 uoamms
992 255 995 266 ’
1105 275 1185 364 tar·

138 449 217 485 roan.
253 431 331 487 Petra
345 437 373 486 te
383 427 512 498 ¹appellat
525 428 672 494 Martinus,
700 429 846 500 quod'ipse
863 419 1023 485 interciauit.
1034 429 1085 482 tibi
1100 425 1188 486 urium

69 501 309 560 suumcaballum,
344 502 479 560 Detorto.
518 495 544 548 si
563 499 677 552 dixerit:
711 499 879 564 Interciasti‚
906 499 1117 554 scrivenditum
1137 501 1188 554 ha-

68 573 138 636 beo,
168 581 216 622 aut
236 571 375 622 donatum.
419 567 497 619 Petre
518 573 547 618 te
573 569 695 638 appellat
710 569 861 632 Martinus,
888 570 966 638 quod
978 579 1008 621 tu
1030 579 1059 622 te
1081 573 1185 625 sciente

68 641 214 698 vendidisti
231 645 316 691 unum
332 655 410 690 suurn
429 635 586 699 caballum,
614 636 661 708 qui
680 639 790 691 tradebat
815 641 864 690 sol.
883 639 941 691 XX.
985 646 1042 692 Aut
1066 641 1087 691 si
1110 644 1188 694 dixe·

67 715 116 767 rit:
135 715 185 764 lies
201 711 317 776 litigiosa
328 707 397 771 tuit,
416 725 473 758 non
493 707 607 776 potuisti
626 709 759 762 alienare:
777 711 874 762 reddat
894 715 994 779 caput,
1021 710 1060 762 ita
1074 721 1106 764 ut
1119 714 1188 780 legi-

66 793 112 838 tur
129 784 158 833 in
175 783 297 832 llornana
313 780 383 842 lage.
1043 799 1046 806 ·

139 855 216 904 Petre
233 861 260 904 te
274 849 395 918 appellat
411 847 563 909 Martinus,
591 848 665 919 quod
683 849 741 917 ipse
758 847 915 902 intereiarit
931 847 983 902 tihi
1000 869 1084 902 amum
1108 870 1191 906 suum,

68 923 214 976 caballum.
253 916 407 970 Interciasti
421 918 488 968 mibi
506 920 594 987 ipsum
612 919 767 979 caballum,
789 919 836 969 sed
854 919 956 971 furatus
974 928 1014 972 est
1028 919 1103 972 milri.
1142 926 1188 976 lu-

67 1004 109 1046 rct
127 991 202 1062 qnod
220 1007 277 1042 non
299 1005 363 1040 suae
386 989 553 1050 voluntatis,
583 1007 635 1042 nec
653 989 825 1041 consentiens
851 988 962 1054 fuisset,
990 992 1064 1058 quod
1083 991 1187 1044 furatus

68 1072 116 1116 est.
154 1061 183 1111 Si
204 1059 317 1112 dixerit:
349 1059 502 1109 interciasti
524 1057 590 1108 mibi
610 1078 695 1110 unum
720 1057 875 1124 caballnm;
914 1067 941 1109 et
963 1076 1028 1112 ecce
1054 1061 1185 1114 catullus

67 1131 142 1200 Quid
159 1130 210 1182 tibi
222 1127 360 1200 pertinet?
379 1129 423 1178 De·
435 1145 495 1180 meo
510 1129 638 1180 iumento·
649 1140 730 1181 natus
748 1128 808 1180 luit.
845 1131 924 1180 Petre
938 1137 966 1180 te
982 1131 1103 1199 appellat
1115 1135 1188 1183 Mar-

66 1203 150 1264 tinus,
170 1201 244 1270 quod
262 1199 318 1267 ipse
333 1197 490 1250 interciavit
506 1197 556 1248 tibi
570 1217 654 1266 unum
668 1217 746 1250 suum
762 1197 909 1256 caballum,
946 1200 1100 1252 inter-eiasti
1119 1203 1188 1253 mihi

66 1273 155 1342 ipsunt
173 1270 329 1334 caballum
352 1277 379 1318 et
393 1285 460 1320 eece
474 1268 605 1320 caballus
643 1269 719 1339 Quid
734 1267 785 1320 tibi
799 1267 943 1336 pertinet?
962 1269 1017 1336 Ego
1034 1272 1186 1341 comparavi

67 1341 227 1412 simpliciter
244 1357 305 1391 cum
321 1338 500 1408 meu-proprio
514 1339 612 1408 pretio.
649 1341 733 1401 luret,
754 1339 824 1389 sieut
835 1340 885 1389 lex
901 1341 1082 1392 commendat.

138 1411 215 1462 Petre
229 1418 257 1460 te
274 1409 394 1481 appellat
410 1409 557 1469 Martinus,
585 1409 660 1478 quod
674 1418 705 1460 tu
722 1408 869 1460 interciasti
887 1407 940 1460 sibi
953 1427 1036 1460 unum
1049 1427 1127 1462 suurn
1143 1429 1189 1465 ca-

67 1479 194 1548 ballum,
215 1488 243 1532 et
269 1478 327 1558 inse
354 1478 441 1542 dixit,
475 1477 553 1547 qrmd
570 1479 737 1549 comparauit
757 1495 837 1540 eum,
873 1488 900 1530 et
922 1497 979 1530 non
1005 1481 1189 1546 cognoscebat

67 1561 205 1604 auctorem
215 1567 229 1612 ς,
245 1559 275 1604 et
289 1547 398 1610 iuravit,
420 1550 494 1618 quod
509 1565 561 1602 nec
577 1549 620 1600 sur
637 1559 705 1612 erat,
723 1565 776 1600 nec
796 1547 900 1616 collega
920 1549 1003 1611 furis„
1017 1551 1189 1622 nisi'simpli.-

68 1621 136 1676 citer
154 1619 320 1692 corrrparavit
335 1634 397 1687 cura
416 1620 507 1688 precio
525 1617 587 1670 suo':
613 1628 640 1672 et
655 1619 677 1670 si
693 1628 815 1688 tempore
835 1635 946 1690 quoque
960 1629 1096 1673 auctorem
1112 1621 1189 1674 inve-

67 1692 148 1754 nerit,
168 1708 224 1742 non
240 1697 357 1754 negaret.
403 1689 438 1741 Et
459 1701 489 1741 tu
507 1687 596 1740 tulisti
612 1689 641 1740 in
660 1689 709 1740 tali
728 1688 842 1752 ordine,
869 1697 900 1741 ut
921 1684 943 1740 si
965 1693 1101 1756 cognitum
1123 1692 1189 1743 luis-

67 1771 119 1820 set,
139 1759 213 1830 quod
229 1761 306 1812 malo
319 1758 412 1810 ordine
424 1760 603 1822 rrendiearses,
624 1759 699 1828 quod
713 1775 888 1828 componeres
901 1757 953 1812 sibi
964 1777 1075 1814 nonum.
1102 1763 1187 1815 Modo

66 1831 154 1891 habet
168 1831 309 1882 inventum
328 1838 476 1890 auctorem,
497 1837 525 1880 et
539 1831 600 1881 vult
612 1837 644 1880 ut
658 1837 710 1880 stes
726 1829 764 1880 ad
778 1830 909 1882 rationem
926 1834 990 1882 cum'
1002 1839 1113 1884 auctore
1126 1849 1187 1896 suo,

64 1901 100 1954 'ut
116 1899 275 1955 convenisti.
310 1899 371 1949 Non
389 1899 443 1950 fuit
455 1916 574 1970 unquam
588 1897 662 1950 istud
676 1897 808 1968 placitum
819 1901 890 1950 inter
903 1917 955 1963 me,
976 1907 1003 1952 et
1014 1910 1050 1953 te.
1088 1902 1189 1955 Probet

68 1971 116 2040 qui
134 1971 271 2040 appellat,
300 1967 521 2038 qrrodrptacirunr
538 1969 597 2020 luit:
635 1969 662 2019 Si
681 1967 795 2020 dixerit:
821 1968 955 2020 Placitum
976 1971 1045 2030 luit,
1075 1973 1122 2022 sed
1142 1989 1189 2024 ca-

66 2039 158 2092 ballus
176 2051 216 2092 est
232 2047 369 2090 mortuus:
390 2041 471 2102 iuret,
491 2041 564 2110 quod
579 2037 614 2090 sit
628 2047 756 2089 mortuus.
786 2038 817 2089 Si
831 2040 944 2091 dixerit:
962 2041 1122 2102 Venditarm‚
1139 2050 1187 2094 aut

68 2113 209 2174 donatum,
230 2117 279 2160 aut
294 2118 488 2163 commutatum
507 2109 596 2161 habeo
613 2108 700 2178 ipsum
721 2107 874 2160 caballum:
900 2109 981 2164 iuret.
1019 2111 1054 2164 Si'
1068 2110 1184 2164 dixerit:

65 2179 138 2248 Ecce
159 2177 298 2243 caballum
318 2179 453 2244 interroga
472 2189 619 2238 auctorem,
640 2178 707 2248 quid
725 2177 776 2229 sibi
795 2177 964 2248 pertinebat,
990 2181 1183 2250 quandoren-

66 2251 150 2303 didit:
174 2251 196 2300 si
220 2249 338 2312 dixerit,
364 2249 438 2318 quod
463 2241 673 2318 srurs'pr'oprius
692 2257 766 2312 erat,
797 2239 825 2299 et
844 2250 878 2300 de
896 2267 945 2300 suo
963 2248 1086 2302 iumento
1103 2260 1185 2304 natus

66 2321 129 2385 luit,
149 2319 220 2371 iuret
238 2337 300 2373 cum
319 2319 373 2370 suis
392 2319 650 2383 sacramentalibus;
672 2319 775 2388 etipse
794 2317 850 2368 sibi
864 2335 965 2372 nonum
985 2321 1089 2375 reddat.

68 2423 70 2429 ·
135 2391 215 2442 Petre
231 2397 260 2440 te
279 2389 400 2460 appellat
418 2390 565 2454 Martinus,
593 2389 667 2458 quod
684 2388 745 2456 ipse
760 2385 915 2443 mretriavir
931 2388 983 2440 tibi
1001 2409 1086 2442 unum
1104 2407 1183 2442 snum

66 2459 220 2520 caballum,
246 2457 294 2529 qui
317 2459 429 2512 valebat
452 2459 500 2512 soi.
520 2461 549 2512 C.
593 2457 745 2510 interciasti
769 2467 800 2510 tu
825 2458 891 2508 milri
916 2458 1003 2528 ipsum
1031 2459 1184 2528 caballum:

66 2547 135 2582 ecce·
151 2527 281 2600 caballus,
319 2529 393 2597 Quid
411 2529 465 2582 tibi
480 2528 624 2613 pertinet?
654 2529 713 2594 Ego
727 2529 879 2596 comparavi
898 2529 932 2580 de
946 2531 1064 2583 Donato.
1074 2529 1112 2582 ''de
1133 2529 1184 2581 tall

63 2601 136 2654 loco.
173 2601 257 2662 Iuret,
278 2597 352 2670 quod
369 2599 403 2650 ad
422 2608 524 2651 eertum
543 2607 686 2653 warentem
705 2601 767 2650 eum
787 2599 933 2650 conducat.
978 2595 1133 2652 llendidisti
1151 2606 1184 2651 tu

63 2671 131 2724 mibi
150 2669 238 2740 ipsum
264 2668 426 2720 caballum?
448 2671 507 2720 Non
532 2669 592 2722 seci'.
627 2669 674 2720 Vis
694 2667 719 2719 ei
738 2667 852 2719 ardirei'
872 2669 951 2722 voto.
987 2669 1114 2722 Wadiate
1131 2687 1183 2741 pu-

66 2758 153 2807 gnam.
192 2739 220 2790 Si
244 2737 358 2790 dixerit:
385 2739 521 2800 vendidi,
551 2750 578 2791 et
600 2739 664 2793 volo
682 2747 753 2790 stare
771 2739 799 2788 in
818 2739 879 2789 loco
899 2740 1105 2804 auctoritatem
1135 2740 1183 2792 det

65 2811 157 2870 vadia,
176 2809 255 2880 qnod*
268 2818 322 2862 stet
340 2809 368 2860 in
387 2809 585 2862 auctoritatem.
628 2809 663 2861 Et
686 2808 750 2880 ipse
762 2809 812 2860 det
826 2807 906 2861 radia
925 2809 958 2860 de
982 2809 1180 2875 contraditore3

66 2889 97 2932 et
112 2882 210 2944 reddat
225 2880 364 2950 precium,
391 2889 418 2932 et
432 2879 547 2949 recipiat
562 2879 707 2932 caballum.
752 2877 826 2948 Quid
844 2879 896 2930 tibi*
915 2880 1049 2948 pertinuit
1063 2881 1116 2933 iste
1137 2897 1182 2932 ca·

65 2950 157 3002 ballus
182 2951 217 3002 ad
242 2947 439 3002 rendendum?
470 2949 531 3016 Ego
551 2947 702 3018 comparari
726 2947 760 3015 de
785 2949 938 3000 Dominieo.
983 2952 1023 3002 Da
1046 2951 1126 3002 vadia
1147 2951 1182 3000 de

66 3029 186 3072 auctore.
223 3017 321 3073 Ettibi
340 3019 564 3088 quidpertineti
591 3017 970 3086 Egoeomparavidel’aulos
1017 3021 1077 3071 Non
1099 3019 1183 3072 radat

66 3108 146 3158 super
167 3089 283 3140 tercium
304 3098 455 3142 warentem.
499 3089 657 3150 bellaret,
683 3087 834 3139 secundum
856 3105 951 3154 usum,
976 3091 1051 3160 quod
1069 3085 1123 3143 nec
1139 3089 1182 3142 sur

65 3157 120 3210 tuit
134 3175 186 3208 nec
203 3157 307 3222 collega
321 3158 421 3209 furonis
432 3176 445 3224 ;,
460 3167 510 3212 aut
523 3159 649 3210 emendet
664 3157 715 3208 sibi
731 3174 842 3207 nonum.
864 3217 867 3222 Δ
950 3167 952 3172 ’

134 3229 211 3279 Perre
226 3236 255 3279 te
270 3229 389 3296 appellat
403 3228 554 3291 Martinus,
580 3229 659 3299 quod*
677 3227 734 3296 ipse
755 3225 912 3279 interciavit
924 3226 983 3289 ,tihi
1001 3245 1085 3279 unum
1101 3243 1181 3278 suurn

66 3295 223 3358 caballum,
250 3297 298 3366 qui
319 3297 430 3350 valebat
454 3297 535 3348 libr'as
551 3299 585 3353 V.
630 3297 685 3362 Ego
711 3296 863 3364 comparavi
884 3296 971 3365 ipsum
989 3298 1126 3349 caballum
1145 3297 1180 3347 de

64 3367 184 3418 Martino
198 3367 232 3418 de
247 3370 337 3419 boma.
374 3369 428 3418 dut
439 3367 531 3419 'ducat
544 3376 688 3420 warentem
702 3366 771 3416 infra
787 3365 910 3418 tercium·
922 3367 1101 3430 comitatum,
1130 3375 1180 3419 aut

62 3437 161 3507 perdat
179 3437 332 3499 caballum,
347 3444 374 3488 et
389 3435 474 3488 saciat
486 3438 669 3506 supradictum
686 3443 891 3488 sacramentum.

133 3507 188 3560 Sed
201 3516 260 3558 tota
277 3508 350 3561 trace-
360 3505 507 3562 altercatio.
517 3523 589 3576 pene
604 3506 676 3562 ninii
689 3505 779 3561 valete.
797 3505 883 3558 debet
899 3504 972 3558 enim
988 3522 1064 3571 esse,
1092 3511 1126 3558 ut
1139 3507 1180 3558 le-

62 3576 135 3644 gitur
149 3576 179 3629 in
193 3579 310 3642 ltoruana
323 3578 391 3642 legs.

147 3671 359 3736 CCXXXVI.
407 3672 509 3734 Servo
531 3671 762 3752 cuiuscumque
791 3692 856 3732 neu
885 3669 984 3731 liceat
1006 3667 1075 3746 sinte
1102 3690 1179 3751 per·

47 3755 163 3816 missa
185 3754 321 3816 Domini
336 3757 385 3814 sui
404 3776 511 3836 neque
532 3765 660 3831 terram,
677 3775 788 3834 nequo
803 3751 973 3835 mancipia,
989 3773 1050 3811 nee
1070 3771 1179 3832 quam·

63 3860 203 3920 cumque
222 3860 292 3899 rem
309 3839 462 3914 rendere,
486 3847 541 3898 aut
561 3838 701 3900 liberum
718 3835 889 3898 dimittere.
926 3920 931 3926 ι
951 3836 995 3904 ll,
1017 3836 1066 3894 32.
1092 3857 1118 3895 r.

146 3941 379 4005 ccxxxvii.
422 3943 553 4022 Siquis
581 3943 621 4004 de
648 3963 740 4004 servo
768 3941 1033 4024 comparaverit,
1053 3947 1085 3999 et
1107 3957 1179 4022 pre-

62 4023 146 4084 tium
167 4025 299 4128 perdat,
320 4033 352 4086 et
370 4025 458 4108 qnod
480 4027 636 4088 de-aerro
649 4027 742 4104 emit,
772 4017 904 4108 proprio
928 4024 1066 4083 domino
1081 4022 1178 4084 reati·

62 4109 226 4242 tuatiouiri·
246 4124 366 4244 idtreate
381 4191 501 4262 appellat
514 4189 657 4251 Martinus,
677 4189 752 4262 quod
768 4199 798 4244 tu
820 4198 897 4242 tenes
913 4188 966 4241 sibi
989 4134 1177 4243 m,„„d3„⁷,

62 4259 147 4316 talem
173 4278 237 4317 rem.
285 4263 347 4337 lpsa
364 4279 422 4328 res,
448 4279 530 4336 quarn
545 4271 576 4316 ta
599 4253 684 4328 dicis,
713 4279 772 4317 area
796 4261 903 4334 propria
925 4269 984 4331 ortt
1008 4268 1179 4325 arctatura,
