2640 4838
129 245 204 323 714
505 239 884 322 ermeneumata

128 403 314 491 parcentibus
328 419 388 499 pro
404 409 529 467 mortua
548 422 745 488 'componere
763 411 912 489 cogatur,
931 387 1255 473 istomacantium

130 491 170 554 de
196 509 234 550 ea
278 485 457 548 ertr‘nuerit.
517 487 545 548 I.
565 487 616 549 50.
638 507 667 548 2.
994 523 996 531 ν

210 571 261 632 CL
298 567 458 632 XXVlll.
501 568 538 630 Si
557 568 667 652 puella
687 565 805 647 libera,
826 578 881 633 aut
898 570 1013 653 vidua,
1035 572 1106 636 sine
1126 573 1246 636 volun·

121 662 191 718 'tate
211 661 378 735 parentum
394 649 435 713 ad
450 652 599 714 maritum
616 649 841 729 ambulaverit,
864 651 999 718 itinerum
1012 665 1141 735 menen,
1163 665 1244 720 tunc

128 735 282 812 maritus,
304 733 360 814 qui
381 753 452 794 enm
471 733 634 816 acceperit
652 753 806 812 uxorem,
836 747 1010 820 componat
1028 758 1088 836 pro
1107 740 1244 822 anagrip

130 817 251 881 solidos
272 817 341 878 XX.
371 825 405 878 et
424 826 555 898 propter
580 815 699 877 faidam
729 815 810 876 alios
837 817 902 881 xit
942 821 986 882 Et
1010 841 1037 883 st
1065 822 1244 905 contigerit

129 921 221 963 casus
240 919 312 961 eam
332 909 406 959 ante
428 899 526 978 mori,
559 919 655 981 quam
687 897 856 960 mundium
876 901 945 963 eius
965 903 1083 982 faciat,
1114 923 1169 966 rcs
1189 903 1243 987 ip-

128 985 195 1046 sius
213 981 354 1044 mulieris
378 981 419 1042 ad
436 1001 511 1042 eum
528 990 744 1058 revertantur,
772 981 829 1063 qui
842 983 1011 1052 mundium
1032 988 1105 1049 eius
1122 987 1160 1047 in
1178 1008 1242 1070 po-

126 1075 240 1130 testate
263 1063 368 1125 habet.
419 1064 498 1126 Nam
519 1064 657 1147 amplius
678 1063 839 1124 calumnia
855 1069 1066 1150 praesumtioni
1086 1091 1155 1131 non
1182 1091 1241 1153 gc*

129 1157 270 1210 necetur.
315 1148 358 1207 Et
386 1145 460 1206 ideo
488 1147 601 1230 perdat
633 1144 765 1207 maritus
797 1168 849 1210 res
877 1149 1044 1232 mulieris,
1081 1173 1122 1217 eo
1149 1151 1241 1236 quod

128 1229 298 1293 mundium
320 1227 388 1289 eius
411 1229 450 1289 de
472 1250 508 1290 ea
530 1231 637 1291 secere
660 1227 849 1316 neglexerit.
915 1231 960 1298 ll.
983 1255 1011 1298 a.
1037 1257 1063 1302 1.
1160 1279 1163 1286 .
1243 1269 1246 1280 ·

193 1329 275 1368 rina.
308 1313 429 1366 Petrc‘te
444 1313 565 1381 appellat
574 1312 722 1373 Martinus,
742 1314 816 1382 quod
826 1322 858 1370 tu
873 1316 1005 1388 accepisti
1018 1317 1081 1380 sine
1093 1315 1241 1373 uoluntate

127 1403 178 1438 sue
196 1384 232 1436 nd
251 1379 391 1434 mulierem
407 1382 520 1434 Mariam
539 1400 616 1434 sinam
628 1382 721 1437 filiam.

193 1453 271 1507 Pctrc
293 1461 322 1504 tc
343 1452 465 1520 appellat
481 1452 632 1516 Martinus,
658 1451 733 1521 quod
752 1457 784 1506 tu
805 1459 883 1506 tenes
907 1453 960 1506 sibi
985 1460 1131 1514 »terram«
1165 1439 1255 1508 malo‘

21 1551 24 1558 ·
52 1515 59 1533 ⁸
126 1523 221 1581 ordine
241 1522 270 1574 in
293 1521 430 1574 talilocu
467 1523 528 1592 lpsa
546 1531 616 1574 terra
640 1539 700 1574 men
717 1521 824 1592 propria
843 1531 884 1575 est
898 1523 933 1577 (le
948 1529 1119 1593 panteneia
1138 1525 1240 1582 mulie·

124 1593 169 1648 ris.
206 1591 266 1644 Neu
286 1589 369 1642 debes
389 1607 448 1641 enm
463 1591 623 1653 succedere,
651 1590 716 1712 (puin
735 1608 791 1642 non
808 1591 897 1644 fecisti
916 1594 1066 1646 mundium.
1103 1595 1166 1650 aar
1177 1612 1239 1667 pro-

125 1663 174 1718 bet
192 1661 265 1786 pprod
280 1659 419 1742 mundium
438 1661 521 1721 lecit,
542 1672 590 1713 ant
607 1677 655 1730 pcr
676 1669 704 1712 at
719 1667 834 1727 terram,
856 1680 904 1737 per
919 1663 992 1717 hanc
1005 1665 1104 1730 legem.

220 1749 271 1783 acc
283 1730 432 1801 appellatio
445 1731 596 1783 secundnm
614 1738 743 1783 amentes.

209 1800 420 1862 CLXXXlX.
472 1800 506 1862 si
535 1800 661 1880 puella,
694 1809 750 1862 aaut
778 1799 897 1865 mulier
922 1801 1024 1866 libera
1053 1802 1237 1868 voluntarie

122 1885 281 1946 fornicata
302 1883 417 1959 fuerit,
440 1904 515 1942 cum
536 1883 638 1946 libero
660 1891 766 1946 tamen
787 1882 938 1962 homine,
964 1893 1157 1968 potestatem
1178 1885 1239 1948 ha-

122 1967 222 2030 beant
240 1977 390 2049 parentes
412 1965 481 2026 eius
505 1965 538 2024 in
559 1987 629 2028 eam
651 1965 725 2026 clare
746 1965 931 2030 vindictam.
972 1969 1014 2031 Et
1035 1966 1061 2030 si
1074 1969 1160 2032 fone
1173 1990 1239 2030 am·

122 2051 223 2113 bainus
244 2049 386 2132 partibus
408 2048 551 2126 steterit,
572 2057 608 2108 ut
629 2049 704 2125 ille,
737 2049 794 2128 qui
813 2049 992 2114 fornicatus
1012 2049 1149 2129 fuerit„
1165 2073 1238 2114 eam

122 2134 216 2197 tollat
238 2153 390 2210 uxorem,
413 2142 584 2211 componat
603 2153 662 2213 pro
683 2130 798 2211 culpa,
821 2131 919 2196 idest
939 2131 1093 2216 anagriph
1113 2133 1236 2196 solidos

29 2229 33 2237 '
121 2218 187 2279 XX.
227 2218 270 2276 Et
291 2215 318 2276 si
337 2237 402 2274 non
424 2213 631 2291 convenerit,
654 2223 690 2275 ut
706 2235 775 2274 earm
794 2214 909 2276 lrabeat
923 2236 1075 2292 uxorem,
1097 2235 1236 2297 compo-

124 2309 179 2359 nat
210 2298 330 2359 solidos
356 2296 391 2358 C.
418 2297 624 2358 medietatem
646 2295 743 2377 Regi,
780 2306 812 2358 et
836 2296 1040 2360 medietatem
1068 2297 1109 2358 ad
1135 2319 1235 2380 quern

119 2381 294 2464 'mundium
316 2381 356 2443 de
377 2401 414 2440 ea
431 2380 632 2462 pertinuerit.
673 2380 714 2438 Et
735 2377 760 2438 si
781 2387 930 2460 parentes
955 2379 1176 2463 neglexerint,
1199 2390 1236 2442 ut

123 2483 194 2526 eam
215 2463 331 2522 habeat
354 2483 488 2522 aaronem
504 2471 560 2524 aut
580 2460 745 2524 noluerint
767 2461 801 2520 in
823 2462 924 2544 ipsam
946 2462 1020 2526 dare
1047 2462 1234 2540 vindictam,

123 2557 203 2606 tunc
221 2546 317 2605 liceat
330 2545 493 2606 Gastaldio
514 2543 626 2624 Regis,
649 2552 704 2604 aut
720 2543 907 2622 sculdasio,
929 2544 1029 2627 ipsam
1047 2545 1087 2606 nd
1101 2567 1235 2606 manaim

122 2627 219 2773 illegis
244 2628 378 2707 tollere,
413 2638 445 2690 et
471 2626 613 2688 iudicare
643 2627 683 2688 de
711 2625 796 2709 ipsa,
831 2627 920 2709 quod
953 2628 1034 2713 Regi
1063 2627 1235 2710 placuerit.

147 2755 155 2772 .
177 2713 227 2773 51.
254 2732 279 2770 1.
1131 2752 1135 2760 .

209 2791 305 2853 CXC.
347 2790 382 2850 Si
413 2791 485 2873 quis
515 2789 660 2873 puellam
688 2799 744 2852 aut
771 2790 900 2854 viduam
923 2791 1015 2854 alteri
1040 2801 1233 2873 sponsatam,

125 2877 182 2937 illa
197 2886 304 2937 tamen
320 2874 557 2951 consentiente,
579 2873 691 2934 tulerit
704 2874 745 2933 ad
759 2895 893 2935 uxorem
899 2919 908 2951 ,
934 2881 1099 2955 componat
1111 2895 1243 2955 paren-⁶

123 2961 209 3023 tibus
231 2956 394 3034 mulieris,
429 2956 464 3017 id
489 2964 537 3017 est
558 2956 658 3038 patri,
686 2956 739 3017 rel
766 2956 970 3034 fratrieius,
1002 2955 1052 3020 rel
1069 2955 1109 3016 ad
1129 2976 1230 3036 quem

124 3039 294 3116 mundium
307 3037 497 3124 pertinuerit
511 3060 568 3121 pro
585 3039 739 3121 anagriph
755 3039 874 3100 solidos
890 3041 973 3100 XX'
984 3048 1015 3100 et
1028 3035 1155 3124 propter
1170 3037 1231 3096 fai-

78 3183 81 3192 ,
126 3125 199 3187 dam
225 3123 304 3185 alios
335 3123 399 3186 XX.
433 3133 466 3186 et
491 3122 659 3182 mundium
695 3122 764 3182 eius
788 3120 926 3202 qualiter
953 3119 1092 3199 steterit,
1123 3119 1232 3186 iaciat.

124 3209 250 3290 Sponso
272 3213 380 3270 autem
399 3206 451 3266 cui
467 3214 614 3288 sponsata
632 3205 745 3282 fuerit,
769 3204 875 3264 omnia
899 3225 981 3285 quae
1004 3205 1037 3263 in
1055 3211 1139 3264 meta
1156 3209 1233 3262 sunt

125 3291 229 3367 dieta,
250 3287 380 3372 quando
407 3311 476 3349 eam
493 3287 670 3370 sponsavit,
703 3287 736 3345 in
755 3287 889 3366 duplum
909 3286 940 3346 ei
963 3295 1173 3368 componatur
1191 3286 1233 3346 ab

124 3373 194 3449 illo,
211 3372 268 3454 qui
279 3371 308 3431 ei
320 3369 542 3452 desponsatam
550 3393 638 3430 suam
649 3369 829 3450 turpcfecit3
847 3379 995 3452 etpostca
1005 3389 1150 3452 sponsus,
1159 3377 1234 3455 post

122 3465 287 3536 acceptam
310 3453 440 3535 duplam
459 3475 530 3514 com
554 3451 722 3512 ositionem
746 3451 788 3511 sit
809 3451 868 3511 sibi
891 3461 1078 3526 contentuS,
1111 3459 1143 3509 et
1162 3465 1233 3510 amss

121 3539 208 3620 plius
227 3537 268 3598 eri
287 3535 355 3614 liae·
373 3559 481 3596 caussa
502 3477 651 3596 adlersus
670 3534 890 3595 fideiussorem
915 3535 1075 3595 calumnia
1093 3555 1158 3594 non
1176 3554 1232 3596 re-

124 3621 276 3706 quiratur.
341 3619 384 3680 ll.
408 3643 435 3685 2.
459 3642 487 3680 2.
536 3615 539 3620 ’

208 3701 317 3767 CXCI.
361 3701 394 3760 Si
423 3701 497 3782 quis
524 3701 666 3782 puellam
685 3709 737 3759 aut
764 3697 894 3760 viduam
918 3699 1007 3760 alteri
1030 3707 1231 3780 sponsatam,

120 3783 177 3852 illa
197 3783 305 3848 tamen
328 3785 573 3859 consentiente,
605 3782 764 3864 rapuerit,
800 3782 840 3842 sit
859 3780 1026 3864 culpabilis
1045 3781 1231 3864 parentibus

122 3866 283 3944 mulleris,
312 3866 347 3928 id
370 3875 418 3928 est
437 3867 537 3947 patri,
570 3875 624 3924 aut
639 3864 756 3937 fratri,
780 3864 832 3924 vel
858 3865 909 3924 eui
931 3863 1099 3926 mundium
1127 3863 1166 3922 de
1192 3885 1231 3922 ea

121 3948 334 4033 pertinuerit,
356 3951 505 4014 DCCCG.
525 3947 663 4023 solidOS,
685 3946 827 4012 medium
842 3947 938 4030 Regi,
961 3956 994 4008 et
1011 3943 1151 4009 medium
1170 3967 1232 4026 pa-
1283 3977 1285 3981 ·

107 4030 430 4112 ‚rentibusptrellae,
459 4039 514 4111 aut
535 4030 591 4112 qni
619 4036 694 4088 sunt
714 4029 866 4109 proximi3
898 4040 930 4090 et
950 4029 1117 4090 mundium
1141 4024 1231 4105 eius,

121 4106 435 4192 ii'cial'convenprit,
464 4111 568 4176 sarciat.
609 4113 733 4193 Sponsa
753 4121 859 4171 alutem
885 4109 917 4172 in
938 4112 1030 4173 cuius
1051 4108 1231 4194 turpitudi-

121 4194 270 4279 pppuput
289 4193 506 4280 deridiculum
527 4194 603 4281 egit,
626 4205 796 4280 componat
816 4195 947 4280 duplam
968 4203 1099 4272 metam,
1122 4213 1231 4278 quian-
